<?xml version="1.0" encoding="UTF-8"?>
<!DOCTYPE html PUBLIC "-//W3C//DTD XHTML 1.0 Transitional//EN"
    "http://www.w3.org/TR/xhtml1/DTD/xhtml1-transitional.dtd">
<html xmlns="http://www.w3.org/1999/xhtml" xml:lang="en" lang="en">
 <head>
  <title>
</title>
<meta http-equiv="Content-Type" content="text/html;charset=utf-8" />
  <meta name='ocr-system' content='tesseract 3.04.00' />
  <meta name='ocr-capabilities' content='ocr_page ocr_carea ocr_par ocr_line ocrx_word'/>
</head>
<body>
  <div class='ocr_page' id='page_1' title='image "./deinstitutioneo00flacgoog_0595.png"; bbox 0 0 3200 5117; ppageno 0'>
   <div class='ocr_carea' id='block_1_1' title="bbox 790 568 2418 667">
    <p class='ocr_par' dir='ltr' id='par_1_1' title="bbox 790 568 2418 667">
     <span class='ocr_line' id='line_1_1' title="bbox 790 568 2418 667; baseline 0.006 -34"><span class='ocrx_word' id='word_1_1' title='bbox 790 568 1630 647; x_wconf 77' lang='lat' dir='ltr'><strong>DECLAMATIONES.</strong></span> <span class='ocrx_word' id='word_1_2' title='bbox 1678 570 1967 637; x_wconf 75' lang='lat' dir='ltr'>van.</span> <span class='ocrx_word' id='word_1_3' title='bbox 2302 579 2418 667; x_wconf 81' lang='lat'>59¹</span> 
     </span>
    </p>
   </div>
   <div class='ocr_carea' id='block_1_2' title="bbox 688 802 2429 831">
    <p class='ocr_par' dir='ltr' id='par_1_2' title="bbox 688 802 2429 831">
     <span class='ocr_line' id='line_1_2' title="bbox 688 802 2429 831; baseline 0 4286"><span class='ocrx_word' id='word_1_4' title='bbox 688 802 2429 831; x_wconf 95' lang='lat' dir='ltr'> </span> 
     </span>
    </p>
   </div>
   <div class='ocr_carea' id='block_1_3' title="bbox 1197 970 1564 1047">
    <p class='ocr_par' dir='ltr' id='par_1_3' title="bbox 1197 970 1564 1047">
     <span class='ocr_line' id='line_1_3' title="bbox 1197 970 1564 1047; baseline 0.003 -1"><span class='ocrx_word' id='word_1_5' title='bbox 1197 970 1564 1047; x_wconf 90' lang='lat' dir='ltr'><strong>XLVII.</strong></span> 
     </span>
    </p>
   </div>
   <div class='ocr_carea' id='block_1_4' title="bbox 1023 1175 1723 1274">
    <p class='ocr_par' dir='ltr' id='par_1_4' title="bbox 1023 1175 1723 1274">
     <span class='ocr_line' id='line_1_4' title="bbox 1023 1175 1723 1274; baseline -0.001 -27"><span class='ocrx_word' id='word_1_6' title='bbox 1023 1175 1314 1274; x_wconf 79' lang='lat' dir='ltr'>Infantis</span> <span class='ocrx_word' id='word_1_7' title='bbox 1347 1178 1418 1244; x_wconf 84' lang='lat' dir='ltr'>in</span> <span class='ocrx_word' id='word_1_8' title='bbox 1448 1200 1723 1248; x_wconf 83' lang='lat' dir='ltr'>nurum.</span> 
     </span>
    </p>
   </div>
   <div class='ocr_carea' id='block_1_5' title="bbox 335 1368 2432 1820">
    <p class='ocr_par' dir='ltr' id='par_1_5' title="bbox 335 1368 2432 1820">
     <span class='ocr_line' id='line_1_5' title="bbox 335 1368 2428 1435; baseline 0 -2"><span class='ocrx_word' id='word_1_9' title='bbox 335 1374 718 1433; x_wconf 69' lang='lat' dir='ltr'>Anntnnnu</span> <span class='ocrx_word' id='word_1_10' title='bbox 742 1390 873 1430; x_wconf 76' lang='lat' dir='ltr'>orm</span> <span class='ocrx_word' id='word_1_11' title='bbox 898 1387 1219 1429; x_wconf 58' lang='lat' dir='ltr'>mumma</span> <span class='ocrx_word' id='word_1_12' title='bbox 1244 1387 1460 1427; x_wconf 71' lang='lat' dir='ltr'>menn</span> <span class='ocrx_word' id='word_1_13' title='bbox 1489 1387 1809 1428; x_wconf 80' lang='lat' dir='ltr'>occmm.</span> <span class='ocrx_word' id='word_1_14' title='bbox 1835 1368 2000 1429; x_wconf 67' lang='lat' dir='ltr'>Reus</span> <span class='ocrx_word' id='word_1_15' title='bbox 2031 1388 2217 1431; x_wconf 67' lang='lat' dir='ltr'>camis</span> <span class='ocrx_word' id='word_1_16' title='bbox 2239 1392 2428 1435; x_wconf 64' lang='grc' dir='ltr'><strong>Λιπο-</strong></span> 
     </span>
     <span class='ocr_line' id='line_1_6' title="bbox 412 1463 2432 1542; baseline 0 -13"><span class='ocrx_word' id='word_1_17' title='bbox 412 1489 653 1542; x_wconf 61' lang='lat' dir='ltr'>carum,</span> <span class='ocrx_word' id='word_1_18' title='bbox 677 1487 848 1542; x_wconf 73' lang='lat' dir='ltr'>anu</span> <span class='ocrx_word' id='word_1_19' title='bbox 874 1486 1089 1541; x_wconf 66' lang='lat' dir='ltr'>vorm,</span> <span class='ocrx_word' id='word_1_20' title='bbox 1108 1485 1346 1525; x_wconf 69' lang='lat' dir='ltr'>tucn.</span> <span class='ocrx_word' id='word_1_21' title='bbox 1371 1465 1518 1523; x_wconf 86' lang='lat' dir='ltr'>Erat</span> <span class='ocrx_word' id='word_1_22' title='bbox 1541 1463 1799 1525; x_wconf 83' lang='lat' dir='ltr'>infamis</span> <span class='ocrx_word' id='word_1_23' title='bbox 1825 1466 1887 1524; x_wconf 86' lang='lat' dir='ltr'>in</span> <span class='ocrx_word' id='word_1_24' title='bbox 1911 1487 2172 1541; x_wconf 87' lang='lat' dir='ltr'>nurum,</span> <span class='ocrx_word' id='word_1_25' title='bbox 2198 1469 2432 1530; x_wconf 86' lang='lat' dir='ltr'>invenit</span> 
     </span>
     <span class='ocr_line' id='line_1_7' title="bbox 414 1560 2430 1651; baseline 0.002 -27"><span class='ocrx_word' id='word_1_26' title='bbox 414 1564 767 1625; x_wconf 82' lang='lat' dir='ltr'>adolescens</span> <span class='ocrx_word' id='word_1_27' title='bbox 800 1564 1106 1622; x_wconf 87' lang='lat' dir='ltr'>incertum</span> <span class='ocrx_word' id='word_1_28' title='bbox 1142 1582 1325 1643; x_wconf 87' lang='lat' dir='ltr'>quem</span> <span class='ocrx_word' id='word_1_29' title='bbox 1361 1560 1747 1637; x_wconf 87' lang='lat' dir='ltr'>adulterum,</span> <span class='ocrx_word' id='word_1_30' title='bbox 1783 1563 1979 1651; x_wconf 76' lang='lat' dir='ltr'>capite</span> <span class='ocrx_word' id='word_1_31' title='bbox 2006 1563 2244 1640; x_wconf 79' lang='lat' dir='ltr'>velat03</span> <span class='ocrx_word' id='word_1_32' title='bbox 2278 1588 2430 1628; x_wconf 83' lang='lat' dir='ltr'>uxo-</span> 
     </span>
     <span class='ocr_line' id='line_1_8' title="bbox 412 1658 2430 1746; baseline 0.002 -26"><span class='ocrx_word' id='word_1_33' title='bbox 412 1683 541 1721; x_wconf 85' lang='lat' dir='ltr'>rem</span> <span class='ocrx_word' id='word_1_34' title='bbox 564 1662 755 1722; x_wconf 87' lang='lat' dir='ltr'>solam</span> <span class='ocrx_word' id='word_1_35' title='bbox 778 1664 1060 1744; x_wconf 75' lang='lat' dir='ltr'>peremit:</span> <span class='ocrx_word' id='word_1_36' title='bbox 1083 1659 1157 1720; x_wconf 83' lang='lat' dir='ltr'>fit</span> <span class='ocrx_word' id='word_1_37' title='bbox 1179 1678 1317 1720; x_wconf 77' lang='lat' dir='ltr'>reus</span> <span class='ocrx_word' id='word_1_38' title='bbox 1341 1658 1548 1720; x_wconf 82' lang='lat' dir='ltr'>coedis:</span> <span class='ocrx_word' id='word_1_39' title='bbox 1576 1659 1948 1721; x_wconf 81' lang='lat' dir='ltr'>advocatum</span> <span class='ocrx_word' id='word_1_40' title='bbox 1968 1675 2205 1743; x_wconf 88' lang='lat' dir='ltr'>patrem</span> <span class='ocrx_word' id='word_1_41' title='bbox 2225 1677 2430 1746; x_wconf 84' lang='lat' dir='ltr'>postu·</span> 
     </span>
     <span class='ocr_line' id='line_1_9' title="bbox 413 1758 943 1820; baseline -0.002 -1"><span class='ocrx_word' id='word_1_42' title='bbox 413 1759 530 1819; x_wconf 88' lang='lat' dir='ltr'>lat:</span> <span class='ocrx_word' id='word_1_43' title='bbox 563 1758 943 1820; x_wconf 79' lang='lat' dir='ltr'><strong>contradicit.</strong></span> 
     </span>
    </p>
   </div>
   <div class='ocr_carea' id='block_1_6' title="bbox 1148 1908 1608 1955">
    <p class='ocr_par' dir='ltr' id='par_1_6' title="bbox 1148 1908 1608 1955">
     <span class='ocr_line' id='line_1_10' title="bbox 1148 1908 1608 1955; baseline 0 0"><span class='ocrx_word' id='word_1_44' title='bbox 1148 1909 1304 1955; x_wconf 78' lang='lat' dir='ltr'>PRO</span> <span class='ocrx_word' id='word_1_45' title='bbox 1351 1908 1608 1955; x_wconf 78' lang='lat' dir='ltr'><strong>FILIO.</strong></span> 
     </span>
    </p>
   </div>
   <div class='ocr_carea' id='block_1_7' title="bbox 332 2022 2432 2597">
    <p class='ocr_par' dir='ltr' id='par_1_7' title="bbox 332 2022 2432 2597">
     <span class='ocr_line' id='line_1_11' title="bbox 428 2022 2432 2136; baseline 0 -30"><span class='ocrx_word' id='word_1_46' title='bbox 428 2022 803 2107; x_wconf 77' lang='lat' dir='ltr'>Accusator</span> <span class='ocrx_word' id='word_1_47' title='bbox 832 2033 1112 2136; x_wconf 86' lang='lat' dir='ltr'>objicit,</span> <span class='ocrx_word' id='word_1_48' title='bbox 1151 2032 1343 2133; x_wconf 81' lang='lat' dir='ltr'>quod</span> <span class='ocrx_word' id='word_1_49' title='bbox 1377 2032 1697 2106; x_wconf 83' lang='lat' dir='ltr'>adultero</span> <span class='ocrx_word' id='word_1_50' title='bbox 1730 2031 2201 2132; x_wconf 82' lang='lat' dir='ltr'>pepercerim:</span> <span class='ocrx_word' id='word_1_51' title='bbox 2238 2053 2432 2131; x_wconf 83' lang='lat' dir='ltr'>pater</span> 
     </span>
     <span class='ocr_line' id='line_1_12' title="bbox 335 2146 2432 2251; baseline -0.001 -30"><span class='ocrx_word' id='word_1_52' title='bbox 335 2146 554 2241; x_wconf 91' lang='lat' dir='ltr'>dolet,</span> <span class='ocrx_word' id='word_1_53' title='bbox 585 2150 771 2248; x_wconf 90' lang='lat' dir='ltr'>quod</span> <span class='ocrx_word' id='word_1_54' title='bbox 806 2177 1067 2222; x_wconf 88' lang='lat' dir='ltr'>nurum</span> <span class='ocrx_word' id='word_1_55' title='bbox 1098 2149 1246 2251; x_wconf 82' lang='lat' dir='ltr'>ejus</span> <span class='ocrx_word' id='word_1_56' title='bbox 1279 2148 1678 2221; x_wconf 88' lang='lat' dir='ltr'>occiderim.</span> <span class='ocrx_word' id='word_1_57' title='bbox 1715 2148 2005 2220; x_wconf 81' lang='lat' dir='ltr'>Adulter</span> <span class='ocrx_word' id='word_1_58' title='bbox 2030 2146 2251 2220; x_wconf 89' lang='lat' dir='ltr'>occidi</span> <span class='ocrx_word' id='word_1_59' title='bbox 2277 2175 2432 2220; x_wconf 88' lang='lat' dir='ltr'>ma-</span> 
     </span>
     <span class='ocr_line' id='line_1_13' title="bbox 332 2262 2432 2364; baseline 0 -29"><span class='ocrx_word' id='word_1_60' title='bbox 332 2264 495 2355; x_wconf 86' lang='lat' dir='ltr'>luit,</span> <span class='ocrx_word' id='word_1_61' title='bbox 519 2292 732 2363; x_wconf 87' lang='lat' dir='ltr'>quam</span> <span class='ocrx_word' id='word_1_62' title='bbox 757 2264 970 2336; x_wconf 86' lang='lat' dir='ltr'>videri</span> <span class='ocrx_word' id='word_1_63' title='bbox 997 2292 1012 2337; x_wconf 87' lang='lat'>:</span> <span class='ocrx_word' id='word_1_64' title='bbox 1046 2264 1255 2336; x_wconf 86' lang='lat' dir='ltr'>habet</span> <span class='ocrx_word' id='word_1_65' title='bbox 1279 2262 1548 2336; x_wconf 83' lang='lat' dir='ltr'>adulter</span> <span class='ocrx_word' id='word_1_66' title='bbox 1575 2291 1856 2364; x_wconf 86' lang='lat' dir='ltr'>poenam</span> <span class='ocrx_word' id='word_1_67' title='bbox 1892 2289 2091 2335; x_wconf 87' lang='lat' dir='ltr'>suam</span> <span class='ocrx_word' id='word_1_68' title='bbox 2122 2290 2135 2333; x_wconf 93' lang='lat'><strong>:</strong></span> <span class='ocrx_word' id='word_1_69' title='bbox 2172 2262 2432 2336; x_wconf 82' lang='lat' dir='ltr'>crucia-</span> 
     </span>
     <span class='ocr_line' id='line_1_14' title="bbox 333 2378 2431 2480; baseline -0 -29"><span class='ocrx_word' id='word_1_70' title='bbox 333 2400 445 2451; x_wconf 88' lang='lat' dir='ltr'>tur</span> <span class='ocrx_word' id='word_1_71' title='bbox 477 2380 929 2471; x_wconf 84' lang='lat' dir='ltr'>conscientia,</span> <span class='ocrx_word' id='word_1_72' title='bbox 965 2381 1230 2480; x_wconf 90' lang='lat' dir='ltr'>pudore</span> <span class='ocrx_word' id='word_1_73' title='bbox 1269 2400 1667 2479; x_wconf 84' lang='lat' dir='ltr'>torquetur:</span> <span class='ocrx_word' id='word_1_74' title='bbox 1707 2399 1775 2450; x_wconf 91' lang='lat' dir='ltr'>et</span> <span class='ocrx_word' id='word_1_75' title='bbox 1806 2379 1860 2451; x_wconf 86' lang='lat' dir='ltr'>si</span> <span class='ocrx_word' id='word_1_76' title='bbox 1896 2378 2177 2450; x_wconf 87' lang='lat' dir='ltr'>interim</span> <span class='ocrx_word' id='word_1_77' title='bbox 2217 2399 2431 2451; x_wconf 84' lang='lat' dir='ltr'>tectus</span> 
     </span>
     <span class='ocr_line' id='line_1_15' title="bbox 335 2495 1968 2597; baseline 0.001 -31"><span class='ocrx_word' id='word_1_78' title='bbox 335 2496 580 2586; x_wconf 79' lang='lat' dir='ltr'>evasit,</span> <span class='ocrx_word' id='word_1_79' title='bbox 611 2497 920 2568; x_wconf 88' lang='lat' dir='ltr'>inveniet</span> <span class='ocrx_word' id='word_1_80' title='bbox 951 2496 1156 2568; x_wconf 81' lang='lat' dir='ltr'>illum</span> <span class='ocrx_word' id='word_1_81' title='bbox 1185 2517 1531 2597; x_wconf 80' lang='lat' dir='ltr'>postremo</span> <span class='ocrx_word' id='word_1_82' title='bbox 1562 2495 1674 2567; x_wconf 77' lang='lat' dir='ltr'>vel</span> <span class='ocrx_word' id='word_1_83' title='bbox 1694 2510 1710 2540; x_wconf 90' lang='lat'>¹</span> <span class='ocrx_word' id='word_1_84' title='bbox 1752 2497 1968 2567; x_wconf 86' lang='lat' dir='ltr'>fama.</span> 
     </span>
    </p>
   </div>
   <div class='ocr_carea' id='block_1_8' title="bbox 1686 2736 2071 2757">
    <p class='ocr_par' dir='ltr' id='par_1_8' title="bbox 1686 2736 2071 2757">
     <span class='ocr_line' id='line_1_16' title="bbox 1686 2736 2071 2757; baseline 0 2360"><span class='ocrx_word' id='word_1_85' title='bbox 1686 2736 2071 2757; x_wconf 95' lang='lat' dir='ltr'> </span> 
     </span>
    </p>
   </div>
   <div class='ocr_carea' id='block_1_9' title="bbox 329 2735 1684 2759">
    <p class='ocr_par' dir='ltr' id='par_1_9' title="bbox 329 2735 1684 2759">
     <span class='ocr_line' id='line_1_17' title="bbox 329 2735 1684 2759; baseline 0.001 -3"><span class='ocrx_word' id='word_1_86' title='bbox 329 2735 714 2759; x_wconf 61' lang='lat' dir='ltr'>mm</span> <span class='ocrx_word' id='word_1_87' title='bbox 719 2737 1684 2759; x_wconf 61' lang='lat' dir='ltr'><em>mmmmm</em></span> 
     </span>
    </p>
   </div>
   <div class='ocr_carea' id='block_1_10' title="bbox 1163 2905 1579 2980">
    <p class='ocr_par' dir='ltr' id='par_1_10' title="bbox 1163 2905 1579 2980">
     <span class='ocr_line' id='line_1_18' title="bbox 1163 2905 1579 2980; baseline 0.002 -1"><span class='ocrx_word' id='word_1_88' title='bbox 1163 2905 1579 2980; x_wconf 85' lang='lat' dir='ltr'><strong>XLVIII.</strong></span> 
     </span>
    </p>
   </div>
   <div class='ocr_carea' id='block_1_11' title="bbox 667 3104 2086 3203">
    <p class='ocr_par' dir='ltr' id='par_1_11' title="bbox 667 3104 2086 3203">
     <span class='ocr_line' id='line_1_19' title="bbox 667 3104 2086 3203; baseline 0.001 -26"><span class='ocrx_word' id='word_1_89' title='bbox 667 3104 946 3203; x_wconf 64' lang='lat' dir='ltr'>Pauper</span> <span class='ocrx_word' id='word_1_90' title='bbox 972 3109 1377 3203; x_wconf 83' lang='lat' dir='ltr'>imperatum</span> <span class='ocrx_word' id='word_1_91' title='bbox 1412 3109 1774 3203; x_wconf 84' lang='lat' dir='ltr'>imperium</span> <span class='ocrx_word' id='word_1_92' title='bbox 1808 3121 2086 3178; x_wconf 80' lang='lat' dir='ltr'>recusat.</span> 
     </span>
    </p>
   </div>
   <div class='ocr_carea' id='block_1_12' title="bbox 329 3293 2425 3671">
    <p class='ocr_par' dir='ltr' id='par_1_12' title="bbox 329 3293 2425 3671">
     <span class='ocr_line' id='line_1_20' title="bbox 329 3293 2423 3383; baseline 0.001 -27"><span class='ocrx_word' id='word_1_93' title='bbox 329 3297 571 3380; x_wconf 78' lang='lat' dir='ltr'>Pauper</span> <span class='ocrx_word' id='word_1_94' title='bbox 588 3310 647 3359; x_wconf 86' lang='lat' dir='ltr'>et</span> <span class='ocrx_word' id='word_1_95' title='bbox 671 3296 843 3358; x_wconf 82' lang='lat' dir='ltr'>dives</span> <span class='ocrx_word' id='word_1_96' title='bbox 866 3296 1123 3356; x_wconf 84' lang='lat' dir='ltr'>inimici.</span> <span class='ocrx_word' id='word_1_97' title='bbox 1150 3293 1300 3355; x_wconf 80' lang='lat' dir='ltr'>Belli</span> <span class='ocrx_word' id='word_1_98' title='bbox 1334 3308 1639 3378; x_wconf 80' lang='lat' dir='ltr'>tempore,</span> <span class='ocrx_word' id='word_1_99' title='bbox 1662 3296 1834 3357; x_wconf 73' lang='lat' dir='ltr'>dives</span> <span class='ocrx_word' id='word_1_100' title='bbox 1856 3312 1946 3358; x_wconf 78' lang='lat' dir='ltr'>est</span> <span class='ocrx_word' id='word_1_101' title='bbox 1969 3311 2206 3360; x_wconf 68' lang='lat' dir='ltr'>creatus</span> <span class='ocrx_word' id='word_1_102' title='bbox 2234 3300 2423 3383; x_wconf 74' lang='lat' dir='ltr'>impe-</span> 
     </span>
     <span class='ocr_line' id='line_1_21' title="bbox 405 3391 2425 3477; baseline 0.002 -23"><span class='ocrx_word' id='word_1_103' title='bbox 405 3406 605 3454; x_wconf 78' lang='lat' dir='ltr'>rator:</span> <span class='ocrx_word' id='word_1_104' title='bbox 638 3396 745 3476; x_wconf 83' lang='lat' dir='ltr'>qui</span> <span class='ocrx_word' id='word_1_105' title='bbox 780 3413 977 3475; x_wconf 77' lang='lat' dir='ltr'>quum</span> <span class='ocrx_word' id='word_1_106' title='bbox 1015 3393 1110 3452; x_wconf 78' lang='lat' dir='ltr'>bis</span> <span class='ocrx_word' id='word_1_107' title='bbox 1141 3391 1390 3473; x_wconf 79' lang='lat' dir='ltr'>fugatus</span> <span class='ocrx_word' id='word_1_108' title='bbox 1423 3407 1610 3471; x_wconf 80' lang='lat' dir='ltr'>esset,</span> <span class='ocrx_word' id='word_1_109' title='bbox 1645 3414 1883 3477; x_wconf 84' lang='lat' dir='ltr'>pauper</span> <span class='ocrx_word' id='word_1_110' title='bbox 1910 3394 2110 3477; x_wconf 77' lang='lat' dir='ltr'>legem</span> <span class='ocrx_word' id='word_1_111' title='bbox 2144 3396 2320 3471; x_wconf 68' lang='lat' dir='ltr'>tulit,</span> <span class='ocrx_word' id='word_1_112' title='bbox 2354 3413 2425 3459; x_wconf 85' lang='lat' dir='ltr'>ut</span> 
     </span>
     <span class='ocr_line' id='line_1_22' title="bbox 405 3490 2424 3574; baseline 0.001 -24"><span class='ocrx_word' id='word_1_113' title='bbox 405 3493 513 3573; x_wconf 88' lang='lat' dir='ltr'>qui</span> <span class='ocrx_word' id='word_1_114' title='bbox 561 3505 655 3553; x_wconf 82' lang='lat' dir='ltr'>ter</span> <span class='ocrx_word' id='word_1_115' title='bbox 699 3492 948 3574; x_wconf 77' lang='lat' dir='ltr'>fugatus</span> <span class='ocrx_word' id='word_1_116' title='bbox 989 3503 1169 3566; x_wconf 84' lang='lat' dir='ltr'>esset,</span> <span class='ocrx_word' id='word_1_117' title='bbox 1216 3491 1282 3551; x_wconf 87' lang='lat' dir='ltr'>in</span> <span class='ocrx_word' id='word_1_118' title='bbox 1331 3510 1576 3551; x_wconf 88' lang='lat' dir='ltr'>crucem</span> <span class='ocrx_word' id='word_1_119' title='bbox 1623 3490 1959 3553; x_wconf 81' lang='lat' dir='ltr'>tolleretur.</span> <span class='ocrx_word' id='word_1_120' title='bbox 1996 3494 2205 3553; x_wconf 88' lang='lat' dir='ltr'>Tertio</span> <span class='ocrx_word' id='word_1_121' title='bbox 2253 3492 2424 3555; x_wconf 75' lang='lat' dir='ltr'>dives</span> 
     </span>
     <span class='ocr_line' id='line_1_23' title="bbox 404 3587 2422 3671; baseline -0.001 -20"><span class='ocrx_word' id='word_1_122' title='bbox 404 3587 655 3670; x_wconf 81' lang='lat' dir='ltr'>fugatus</span> <span class='ocrx_word' id='word_1_123' title='bbox 672 3603 788 3665; x_wconf 77' lang='lat' dir='ltr'>est,</span> <span class='ocrx_word' id='word_1_124' title='bbox 803 3591 945 3650; x_wconf 86' lang='lat' dir='ltr'>etin</span> <span class='ocrx_word' id='word_1_125' title='bbox 966 3609 1212 3649; x_wconf 89' lang='lat' dir='ltr'>crucem</span> <span class='ocrx_word' id='word_1_126' title='bbox 1231 3587 1411 3649; x_wconf 84' lang='lat' dir='ltr'>latus.</span> <span class='ocrx_word' id='word_1_127' title='bbox 1428 3588 1624 3649; x_wconf 85' lang='lat' dir='ltr'>Filius</span> <span class='ocrx_word' id='word_1_128' title='bbox 1639 3588 1847 3650; x_wconf 76' lang='lat' dir='ltr'>divitis</span> <span class='ocrx_word' id='word_1_129' title='bbox 1861 3588 1979 3650; x_wconf 85' lang='lat' dir='ltr'>fert</span> <span class='ocrx_word' id='word_1_130' title='bbox 2001 3592 2422 3671; x_wconf 80' lang='lat' dir='ltr'>rogationem,</span> 
     </span>
    </p>
   </div>
   <div class='ocr_carea' id='block_1_13' title="bbox 408 3686 2422 3771">
    <p class='ocr_par' dir='ltr' id='par_1_13' title="bbox 408 3686 2422 3771">
     <span class='ocr_line' id='line_1_24' title="bbox 408 3686 2422 3771; baseline 0.002 -27"><span class='ocrx_word' id='word_1_131' title='bbox 408 3697 477 3745; x_wconf 90' lang='lat' dir='ltr'>ut</span> <span class='ocrx_word' id='word_1_132' title='bbox 498 3688 829 3770; x_wconf 84' lang='lat' dir='ltr'>imperium</span> <span class='ocrx_word' id='word_1_133' title='bbox 852 3686 1259 3749; x_wconf 75' lang='lat' dir='ltr'>transferatur</span> <span class='ocrx_word' id='word_1_134' title='bbox 1275 3687 1353 3748; x_wconf 89' lang='lat' dir='ltr'>ad</span> <span class='ocrx_word' id='word_1_135' title='bbox 1379 3707 1748 3771; x_wconf 74' lang='lat' dir='ltr'>pauperem:</span> <span class='ocrx_word' id='word_1_136' title='bbox 1775 3708 2013 3771; x_wconf 74' lang='lat' dir='ltr'>pauper</span> <span class='ocrx_word' id='word_1_137' title='bbox 2032 3688 2422 3749; x_wconf 63' lang='lat' dir='ltr'>contradicit.</span> 
     </span>
    </p>
   </div>
   <div class='ocr_carea' id='block_1_14' title="bbox 948 3872 1786 3925">
    <p class='ocr_par' dir='ltr' id='par_1_14' title="bbox 948 3872 1786 3925">
     <span class='ocr_line' id='line_1_25' title="bbox 948 3872 1786 3925; baseline -0.005 -1"><span class='ocrx_word' id='word_1_138' title='bbox 948 3874 1283 3925; x_wconf 69' lang='lat' dir='ltr'>CONTRA</span> <span class='ocrx_word' id='word_1_139' title='bbox 1331 3872 1786 3922; x_wconf 63' lang='lat' dir='ltr'><strong>PAUPER&#39;EM.</strong></span> 
     </span>
    </p>
   </div>
   <div class='ocr_carea' id='block_1_15' title="bbox 423 3995 2423 4100">
    <p class='ocr_par' dir='ltr' id='par_1_15' title="bbox 423 3995 2423 4100">
     <span class='ocr_line' id='line_1_26' title="bbox 423 3995 2423 4100; baseline 0.002 -33"><span class='ocrx_word' id='word_1_140' title='bbox 423 3995 697 4088; x_wconf 65' lang='lat' dir='ltr'>Habes»,</span> <span class='ocrx_word' id='word_1_141' title='bbox 739 4024 1043 4097; x_wconf 83' lang='lat' dir='ltr'>pauper,</span> <span class='ocrx_word' id='word_1_142' title='bbox 1087 3999 1346 4098; x_wconf 83' lang='lat' dir='ltr'>grande</span> <span class='ocrx_word' id='word_1_143' title='bbox 1392 3998 1759 4089; x_wconf 80' lang='lat' dir='ltr'>solatium3</span> <span class='ocrx_word' id='word_1_144' title='bbox 1804 3999 2139 4099; x_wconf 80' lang='lat' dir='ltr'>reliquisti</span> <span class='ocrx_word' id='word_1_145' title='bbox 2183 4026 2423 4100; x_wconf 75' lang='lat' dir='ltr'>super-</span> 
     </span>
    </p>
   </div>
   <div class='ocr_carea' id='block_1_16' title="bbox 404 4131 2421 4206">
    <p class='ocr_par' dir='ltr' id='par_1_16' title="bbox 404 4131 2421 4206">
     <span class='ocr_line' id='line_1_27' title="bbox 404 4131 2421 4206; baseline 0.002 -24"><span class='ocrx_word' id='word_1_146' title='bbox 404 4146 448 4182; x_wconf 82' lang='lat'>1.</span> <span class='ocrx_word' id='word_1_147' title='bbox 488 4131 726 4185; x_wconf 73' lang='lat' dir='ltr'>Inveniet</span> <span class='ocrx_word' id='word_1_148' title='bbox 765 4131 921 4185; x_wconf 68' lang='lat' dir='ltr'>illum</span> <span class='ocrx_word' id='word_1_149' title='bbox 956 4144 1211 4206; x_wconf 76' lang='lat' dir='ltr'>postremo</span> <span class='ocrx_word' id='word_1_150' title='bbox 1251 4132 1333 4185; x_wconf 84' lang='lat' dir='ltr'>vel</span> <span class='ocrx_word' id='word_1_151' title='bbox 1412 4146 1560 4187; x_wconf 78' lang='lat' dir='ltr'>turus</span> <span class='ocrx_word' id='word_1_152' title='bbox 1576 4135 1775 4204; x_wconf 74' lang='lat' dir='ltr'>sit,cgo</span> <span class='ocrx_word' id='word_1_153' title='bbox 1793 4132 2124 4187; x_wconf 80' lang='lat' dir='ltr'>accusandus</span> <span class='ocrx_word' id='word_1_154' title='bbox 2141 4132 2295 4186; x_wconf 73' lang='lat' dir='ltr'>caedis</span> <span class='ocrx_word' id='word_1_155' title='bbox 2310 4153 2421 4186; x_wconf 80' lang='lat' dir='ltr'>non</span> 
     </span>
    </p>
   </div>
   <div class='ocr_carea' id='block_1_17' title="bbox 317 4209 2419 4363">
    <p class='ocr_par' dir='ltr' id='par_1_17' title="bbox 317 4209 2419 4363">
     <span class='ocr_line' id='line_1_28' title="bbox 317 4209 2419 4288; baseline 0 -25"><span class='ocrx_word' id='word_1_156' title='bbox 317 4209 490 4281; x_wconf 81' lang='lat' dir='ltr'>fama.</span> <span class='ocrx_word' id='word_1_157' title='bbox 531 4214 694 4283; x_wconf 75' lang='lat' dir='ltr'>Igitur</span> <span class='ocrx_word' id='word_1_158' title='bbox 728 4233 893 4286; x_wconf 82' lang='lat' dir='ltr'>quum</span> <span class='ocrx_word' id='word_1_159' title='bbox 935 4234 1142 4288; x_wconf 74' lang='lat' dir='ltr'>poenam</span> <span class='ocrx_word' id='word_1_160' title='bbox 1182 4234 1332 4268; x_wconf 79' lang='lat' dir='ltr'>suam</span> <span class='ocrx_word' id='word_1_161' title='bbox 1412 4230 1555 4280; x_wconf 80' lang='lat' dir='ltr'>sum,</span> <span class='ocrx_word' id='word_1_162' title='bbox 1577 4216 1816 4286; x_wconf 67' lang='lat' dir='ltr'>quamvis</span> <span class='ocrx_word' id='word_1_163' title='bbox 1838 4232 1961 4267; x_wconf 83' lang='lat' dir='ltr'>cum</span> <span class='ocrx_word' id='word_1_164' title='bbox 1984 4233 2089 4267; x_wconf 86' lang='lat' dir='ltr'>una</span> <span class='ocrx_word' id='word_1_165' title='bbox 2115 4232 2235 4266; x_wconf 89' lang='lat' dir='ltr'>cum</span> <span class='ocrx_word' id='word_1_166' title='bbox 2254 4232 2419 4265; x_wconf 84' lang='lat' dir='ltr'>uxore</span> 
     </span>
     <span class='ocr_line' id='line_1_29' title="bbox 329 4288 2417 4363; baseline -0 -21"><span class='ocrx_word' id='word_1_167' title='bbox 329 4288 412 4342; x_wconf 78' lang='lat' dir='ltr'>vel</span> <span class='ocrx_word' id='word_1_168' title='bbox 426 4294 538 4361; x_wconf 75' lang='lat' dir='ltr'>jam</span> <span class='ocrx_word' id='word_1_169' title='bbox 555 4295 809 4347; x_wconf 82' lang='lat' dir='ltr'>invenerit</span> <span class='ocrx_word' id='word_1_170' title='bbox 827 4292 1036 4348; x_wconf 85' lang='lat' dir='ltr'>adulter</span> <span class='ocrx_word' id='word_1_171' title='bbox 1052 4293 1136 4346; x_wconf 80' lang='lat' dir='ltr'>vel</span> <span class='ocrx_word' id='word_1_172' title='bbox 1153 4296 1331 4347; x_wconf 80' lang='lat' dir='ltr'>iuven·</span> <span class='ocrx_word' id='word_1_173' title='bbox 1411 4289 1800 4363; x_wconf 72' lang='lat' dir='ltr'>deprehensum</span> <span class='ocrx_word' id='word_1_174' title='bbox 1810 4312 1917 4345; x_wconf 85' lang='lat' dir='ltr'>non</span> <span class='ocrx_word' id='word_1_175' title='bbox 1928 4290 2417 4345; x_wconf 66' lang='lat' dir='ltr'>interemerimsm.</span> 
     </span>
    </p>
   </div>
  </div>
 </body>
</html>
