3200 5117
751 563 886 633 356
1253 563 1345 627 Μ.
1396 562 1648 626 FABII
1694 561 2332 645 QUINTILIANI

748 707 1062 760 mortem.
1116 684 1306 759 Istud
1352 712 1511 758 vero
1561 684 1767 785 quale
1819 707 1920 757 est
1945 742 1965 776 ‚
2019 667 2209 783 quod
2259 684 2513 758 offers?
2562 683 2845 785 reliquit

744 803 925 876 mihi
958 803 1144 875 dives
1176 801 1441 874 amicus
1474 799 1997 902 paupertatem?
2027 804 2187 873 Non
2222 801 2451 873 statim
2485 802 2571 874 de
2594 802 2837 874 animo

744 920 1024 1019 loquar:
1076 917 1353 990 interim
1411 917 1685 1018 potestis
1739 937 2173 1017 permutata,
2227 938 2304 989 ut
2353 917 2449 989 sic
2499 917 2839 1009 dixerim,

741 1029 1206 1131 translataque
1250 1031 1546 1104 invicem
1593 1033 1876 1104 fortuna
1920 1032 2250 1104 aestimare
2289 1031 2443 1133 jus:
2492 1033 2841 1129 fingamus

742 1147 968 1238 enim,
993 1147 1124 1220 hoc
1151 1145 1460 1248 aliquem
1488 1172 1871 1245 pauperem
1896 1146 2239 1244 scripsisse
2271 1145 2355 1217 de
2390 1145 2621 1217 divite.
2643 1146 2842 1235 Quo—

739 1261 950 1334 modo
982 1287 1264 1332 causam
1295 1259 1760 1360 explicamus?
1792 1261 2016 1332 alium
2043 1260 2210 1333 fecit
2241 1259 2570 1333 heredem
2590 1319 2609 1352 ,
2637 1260 2842 1361 jussit

738 1375 966 1447 amico
1000 1374 1330 1474 locupleti
1364 1394 1640 1446 tantum
1672 1373 1861 1464 dari,
1894 1395 2241 1473 quantum
2278 1375 2425 1474 ipse
2462 1375 2593 1445 sibi
2630 1395 2839 1446 testa-

742 1511 977 1563 mento
1008 1490 1219 1562 daret.
1253 1489 1358 1561 Sit
1386 1488 1754 1561 inventum
1780 1487 1914 1562 tale
1943 1509 2434 1561 testamentum
2455 1546 2475 1579 ,
2504 1489 2711 1589 quale
2740 1510 2841 1562 est

742 1631 1019 1696 meum3
1040 1630 1218 1675 num
1241 1603 1327 1674 ab
1349 1602 1600 1675 herede
1621 1623 1889 1675 tantam
1913 1603 2284 1702 pecuniam
2310 1625 2600 1703 peteret,
2623 1630 2839 1701 quan·

740 1739 882 1791 tam
930 1718 1075 1816 ipse
1122 1716 1543 1817 possideret?
1588 1742 1778 1807 non,
1826 1736 1905 1788 ut
1948 1716 2226 1817 opinor,
2271 1743 2439 1789 nam
2483 1744 2573 1789 ne
2615 1739 2838 1817 posset

742 1834 1029 1933 quidem
1051 1833 1274 1906 ¹·dari.
1303 1833 1438 1905 Sed
1467 1833 1646 1904 illud
1670 1834 2036 1905 succurrit:
2071 1833 2216 1906 dari
2242 1833 2367 1905 tibi
2389 1834 2627 1933 jussit,
2650 1834 2838 1933 quod

737 1948 937 2023 titulo
967 1947 1360 2020 testamenti
1392 1948 1643 2020 dabas:
1681 1948 1889 2020 dabas
1923 1968 2157 2020 autem
2186 1948 2647 2021 hereditatem
2668 2005 2687 2039 ,
2721 1949 2839 2021 ni-

738 2062 842 2136 hil
875 2060 1056 2135 ultra
1081 2061 1537 2134 hereditatem
1567 2082 1798 2160 petere
1828 2061 2078 2133 debes:
2113 2061 2303 2160 atqui
2324 2063 2444 2162 jus
2476 2062 2663 2135 idem
2696 2084 2798 2136 est
2817 2121 2836 2155 ‚

737 2179 948 2253 verba
991 2177 1235 2251 eadem
1281 2199 1485 2251 sunt:
1529 2205 1664 2250 nec
1702 2175 1868 2251 'cum
1911 2178 2220 2277 personis
2261 2178 2370 2250 lex
2409 2201 2677 2252 mutata
2717 2200 2835 2252 est.

740 2295 947 2364 Nunc
970 2313 1049 2364 ut
1071 2291 1396 2365 animum
1422 2319 1704 2391 quoque
1738 2292 2142 2364 intueamur
2170 2294 2515 2384 testantis;
2549 2293 2837 2367 hoccine

741 2406 944 2480 illum
971 2408 1267 2481 voluisse
1293 2408 1737 2481 existimatis?
1762 2409 1918 2481 ideo
1943 2409 2302 2509 inquisivit
2327 2438 2560 2483 meam
2587 2412 2836 2503 fidem,

743 2521 897 2595 ideo
927 2522 1079 2595 vitae
1120 2523 1605 2621 experimentis
1639 2523 1914 2596 credere
1942 2552 2194 2623 parurn
2234 2526 2527 2624 putavit,
2563 2525 2719 2597 ideo
2759 2527 2834 2598 in

741 2637 975 2738 ipsum
1003 2639 1254 2737 irrupit
1275 2639 1598 2711 animum
1618 2694 1637 2727 ,
1669 2660 1739 2712 et
1762 2640 2040 2740 penitus
2066 2641 2471 2722 intuendam
2499 2640 2830 2713 omnibus

740 2752 1155 2826 hominibus
1202 2775 1513 2826 mentem
1565 2753 1796 2845 dedit,
1846 2776 1925 2827 ut
1970 2755 2150 2828 mihi
2200 2755 2327 2828 hoc
2366 2754 2824 2853 relinqueret,

744 2867 935 2967 quod
979 2866 1373 2939 habebam?
1418 2889 1518 2940 est
1568 2895 1786 2967 quare
1839 2870 2100 2968 aperias
2152 2890 2635 2943 testamentum
2663 2928 2683 2962 ‚
2732 2890 2836 2942 est

742 3008 958 3080 quare
996 3007 1285 3053 omnem
1318 2996 1557 3081 spem²
1588 2982 1716 3054 tibi
1755 2984 1830 3055 in
1868 3005 2221 3085 posterum
2263 2985 2556 3058 excidas.
2596 2984 2839 3057 Sciunt

744 3095 1123 3198 propinqui
1174 3097 1313 3169 mei
1365 3098 1647 3180 nullum
1696 3099 1919 3171 alium
1966 3100 2143 3172 mihi
2191 3101 2529 3173 cariorem
2574 3101 2833 3173 fuisse:

746 3210 1010 3303 sciunt,
1036 3211 1093 3282 si
1117 3213 1240 3312 qui
1270 3212 1388 3283 alii
1418 3214 1709 3286 fuerunt
1739 3214 1984 3305 amici,
2018 3236 2230 3287 totam
2260 3237 2571 3288 mentem
2605 3242 2837 3288 meam

748 3325 1053 3399 deditam
1083 3327 1206 3400 uni
1229 3329 1479 3402 fuisse:
1517 3330 1692 3428 quid
1716 3332 1996 3405 interest
2022 3329 2308 3421 animi-²³,
2340 3353 2693 3430 quantum
2719 3331 2837 3418 sit,

749 3437 939 3536 quod
983 3460 1206 3513 totum
1258 3441 1402 3515 est?
1453 3444 1779 3516 omnium
1826 3445 2176 3518 bonorum
2219 3445 2452 3536 hereS,
2493 3443 2839 3545 quidquid

825 3663 869 3698 1.
901 3644 1005 3699 Sed
1033 3645 1172 3698 illud
1195 3651 1459 3702 succurrit.
1489 3649 1593 3702 Sed
1619 3650 1756 3703 illud

745 3739 1073 3782 succurreret.
1098 3729 1230 3781 Dari
1249 3731 1384 3783 mihi
1392 3752 1443 3804 1
1464 3752 1516 3806 q.
1541 3744 1576 3784 t.
1598 3744 1636 3783 t.
1663 3732 1753 3784 da-

748 3805 894 3867 bam;
913 3805 1098 3858 dabam
1118 3827 1167 3858 a.
1194 3807 1246 3858 11.
1267 3827 1319 3859 u.
1341 3829 1393 3861 u.
1422 3808 1472 3859 Ιι.
1494 3827 1549 3881 p.
1576 3808 1751 3862 debeo.

749 3885 965 3939 Senum.

819 3982 869 4016 2.
901 3966 1119 4018 Omnem
1140 3983 1301 4036 spem.
1324 3967 1435 4031 An,
1461 3968 1630 4019 omnis
1646 3984 1755 4039 spes

748 4052 784 4092 t.
815 4041 851 4093 i.
876 4062 931 4113 p.
963 4044 1200 4096 excidat?
1221 4056 1346 4111 aut,
1375 4061 1551 4096 omnes
1576 4063 1688 4116 spes
1715 4054 1751 4096 t.

746 4120 782 4171 ι’.
804 4138 862 4190 p.
885 4122 1156 4174 excidant?
1172 4124 1391 4176 Senum.
1414 4125 1524 4190 An,
1544 4142 1754 4177 omnem

746 4214 884 4268 spem
922 4209 959 4249 t.
999 4200 1032 4251 ι’.
1067 4218 1107 4270 p
1158 4201 1444 4271 proect'das?
1479 4214 1539 4253 ut
1576 4203 1752 4254 Livius

748 4278 912 4342 XLII,
940 4280 999 4345 5,
1029 4278 1297 4351 loquitur:
1330 4280 1413 4334 vel
1438 4282 1663 4348 incidas,
1693 4295 1753 4335 ut

1831 3652 1970 3704 idem
1992 3650 2121 3704 dixit
2140 3652 2231 3705 lib.
2250 3653 2461 3719 XXXV,
2481 3653 2513 3706 3
2526 3670 2573 3719 1,
2590 3666 2643 3705 et
2662 3654 2839 3719 XLIV,

1833 3730 1868 3782 6
1892 3743 1942 3782 et
1969 3732 2058 3794 133
2084 3745 2136 3783 et
2158 3734 2300 3802 Virg.
2327 3732 2432 3783 Cir.
2459 3732 2579 3801 276.
2606 3734 2777 3783 Bon.

1906 3810 1955 3862 3.
2001 3810 2138 3880 Quid
2179 3812 2381 3864 interest
2422 3811 2606 3862 animi.
2649 3811 2807 3873 Forte
2823 3847 2840 3876 ,

1838 3887 1977 3957 Quid
2005 3889 2241 3952 interest,
2266 3890 2464 3954 amice,
2489 3899 2550 3939 ut
2580 3890 2648 3940 sit
2679 3905 2841 3959 apos⁰
2890 3927 2893 3928 ν

1835 3965 2054 4038 trophet,
2076 3980 2130 4017 et
2154 3985 2301 4032 mox,
2326 3966 2562 4018 omnium
2590 3968 2842 4019 bonorum

1838 4044 1978 4098 heres
1999 4063 2063 4096 es.
2088 4047 2306 4098 Senum.
2346 4044 2485 4115 Quid
2515 4047 2723 4098 interest
2744 4064 2844 4095 au-

1835 4134 1967 4188 tem,
1991 4122 2170 4175 AErod.
2187 4125 2541 4175 —Bonorum
2563 4124 2714 4178 heres.
2736 4122 2840 4173 Bo-

1833 4216 2019 4253 norum
2050 4202 2188 4254 heres
2214 4213 2316 4269 est,
2341 4201 2519 4255 AErod.
2545 4231 2618 4241 —-
2638 4202 2843 4274 Fruga-

1835 4277 1968 4334 litas.
1993 4281 2159 4351 Lege,
2172 4279 2502 4354 frugalitati.
2528 4280 2695 4333 Gnon.
