<?xml version="1.0" encoding="UTF-8"?>
<!DOCTYPE html PUBLIC "-//W3C//DTD XHTML 1.0 Transitional//EN"
    "http://www.w3.org/TR/xhtml1/DTD/xhtml1-transitional.dtd">
<html xmlns="http://www.w3.org/1999/xhtml" xml:lang="en" lang="en">
 <head>
  <title>
</title>
<meta http-equiv="Content-Type" content="text/html;charset=utf-8" />
  <meta name='ocr-system' content='tesseract 3.04.00' />
  <meta name='ocr-capabilities' content='ocr_page ocr_carea ocr_par ocr_line ocrx_word'/>
</head>
<body>
  <div class='ocr_page' id='page_1' title='image "./deinstitutioneo00flacgoog_0468.png"; bbox 0 0 3200 5117; ppageno 0'>
   <div class='ocr_carea' id='block_1_1' title="bbox 788 547 2370 631">
    <p class='ocr_par' dir='ltr' id='par_1_1' title="bbox 788 547 2370 631">
     <span class='ocr_line' id='line_1_1' title="bbox 788 547 2370 631; baseline -0.003 -15"><span class='ocrx_word' id='word_1_1' title='bbox 788 547 916 630; x_wconf 74' lang='lat'><strong>460</strong></span> <span class='ocrx_word' id='word_1_2' title='bbox 1286 548 1379 612; x_wconf 90' lang='lat' dir='ltr'><strong>M.</strong></span> <span class='ocrx_word' id='word_1_3' title='bbox 1428 547 1681 614; x_wconf 85' lang='lat' dir='ltr'>FABII</span> <span class='ocrx_word' id='word_1_4' title='bbox 1727 547 2370 631; x_wconf 78' lang='lat' dir='ltr'><strong>QUINTILIAM</strong></span> 
     </span>
    </p>
   </div>
   <div class='ocr_carea' id='block_1_2' title="bbox 786 811 2881 838">
    <p class='ocr_par' dir='ltr' id='par_1_2' title="bbox 786 811 2881 838">
     <span class='ocr_line' id='line_1_2' title="bbox 786 811 2881 838; baseline 0.001 -6"><span class='ocrx_word' id='word_1_5' title='bbox 786 811 2580 838; x_wconf 45' lang='lat' dir='ltr'><strong>§mmmmmmmmmmmwmwm</strong></span> <span class='ocrx_word' id='word_1_6' title='bbox 2589 812 2678 833; x_wconf 62' lang='lat' dir='ltr'><strong>m</strong></span> <span class='ocrx_word' id='word_1_7' title='bbox 2692 812 2881 834; x_wconf 58' lang='lat' dir='ltr'><strong>mm</strong></span> 
     </span>
    </p>
   </div>
   <div class='ocr_carea' id='block_1_3' title="bbox 1562 1017 2107 1096">
    <p class='ocr_par' dir='ltr' id='par_1_3' title="bbox 1562 1017 2107 1096">
     <span class='ocr_line' id='line_1_3' title="bbox 1562 1017 2107 1096; baseline -0.004 -2"><span class='ocrx_word' id='word_1_8' title='bbox 1562 1017 2107 1096; x_wconf 88' lang='lat' dir='ltr'><strong>CCCLXII.</strong></span> 
     </span>
    </p>
   </div>
   <div class='ocr_carea' id='block_1_4' title="bbox 1320 1246 2346 1347">
    <p class='ocr_par' dir='ltr' id='par_1_4' title="bbox 1320 1246 2346 1347">
     <span class='ocr_line' id='line_1_4' title="bbox 1320 1246 2346 1347; baseline -0.001 -27"><span class='ocrx_word' id='word_1_9' title='bbox 1320 1251 1626 1322; x_wconf 83' lang='lat' dir='ltr'><strong><em>Invicem</em></strong></span> <span class='ocrx_word' id='word_1_10' title='bbox 1651 1246 2026 1347; x_wconf 80' lang='lat' dir='ltr'><strong><em>pulsatores</em></strong></span> <span class='ocrx_word' id='word_1_11' title='bbox 2048 1263 2346 1347; x_wconf 78' lang='lat' dir='ltr'><strong>patrum.</strong></span> 
     </span>
    </p>
   </div>
   <div class='ocr_carea' id='block_1_5' title="bbox 793 1450 2882 1727">
    <p class='ocr_par' dir='ltr' id='par_1_5' title="bbox 793 1450 2882 1727">
     <span class='ocr_line' id='line_1_5' title="bbox 793 1450 2882 1530; baseline 0 -19"><span class='ocrx_word' id='word_1_12' title='bbox 793 1455 917 1530; x_wconf 82' lang='lat' dir='ltr'><strong>Qm</strong></span> <span class='ocrx_word' id='word_1_13' title='bbox 943 1471 1185 1512; x_wconf 61' lang='lat' dir='ltr'><strong>»Arnen</strong></span> <span class='ocrx_word' id='word_1_14' title='bbox 1206 1470 1610 1526; x_wconf 66' lang='lat' dir='ltr'><strong>Ponuntur,</strong></span> <span class='ocrx_word' id='word_1_15' title='bbox 1631 1470 1836 1510; x_wconf 62' lang='lat' dir='ltr'><strong>manus</strong></span> <span class='ocrx_word' id='word_1_16' title='bbox 1860 1470 1919 1509; x_wconf 77' lang='lat' dir='ltr'><strong>m</strong></span> <span class='ocrx_word' id='word_1_17' title='bbox 1947 1469 2343 1511; x_wconf 71' lang='lat' dir='ltr'><strong>metunt-run.</strong></span> <span class='ocrx_word' id='word_1_18' title='bbox 2365 1451 2508 1511; x_wconf 89' lang='lat' dir='ltr'><strong>Duo</strong></span> <span class='ocrx_word' id='word_1_19' title='bbox 2532 1450 2882 1512; x_wconf 76' lang='lat' dir='ltr'><strong>adolescen-</strong></span> 
     </span>
     <span class='ocr_line' id='line_1_6' title="bbox 875 1544 2878 1630; baseline -0.002 -22"><span class='ocrx_word' id='word_1_20' title='bbox 875 1562 962 1608; x_wconf 72' lang='lat' dir='ltr'><strong>tes</strong></span> <span class='ocrx_word' id='word_1_21' title='bbox 988 1547 1256 1630; x_wconf 71' lang='lat' dir='ltr'><strong>oequales</strong></span> <span class='ocrx_word' id='word_1_22' title='bbox 1280 1545 1679 1628; x_wconf 80' lang='lat' dir='ltr'><strong>juraverunt,</strong></span> <span class='ocrx_word' id='word_1_23' title='bbox 1709 1560 1778 1606; x_wconf 89' lang='lat' dir='ltr'><strong>ut</strong></span> <span class='ocrx_word' id='word_1_24' title='bbox 1805 1544 1958 1605; x_wconf 88' lang='lat' dir='ltr'><strong>alter</strong></span> <span class='ocrx_word' id='word_1_25' title='bbox 1986 1544 2239 1606; x_wconf 83' lang='lat' dir='ltr'><strong>alterius</strong></span> <span class='ocrx_word' id='word_1_26' title='bbox 2270 1560 2512 1627; x_wconf 86' lang='lat' dir='ltr'><strong>patrem</strong></span> <span class='ocrx_word' id='word_1_27' title='bbox 2543 1547 2878 1609; x_wconf 84' lang='lat' dir='ltr'><strong>caederent:</strong></span> 
     </span>
     <span class='ocr_line' id='line_1_7' title="bbox 869 1643 2446 1727; baseline -0.001 -22"><span class='ocrx_word' id='word_1_28' title='bbox 869 1644 1251 1708; x_wconf 86' lang='lat' dir='ltr'><strong>ceciderunt:</strong></span> <span class='ocrx_word' id='word_1_29' title='bbox 1280 1657 1577 1727; x_wconf 84' lang='lat' dir='ltr'><strong>petuntur</strong></span> <span class='ocrx_word' id='word_1_30' title='bbox 1606 1664 1859 1706; x_wconf 76' lang='lat' dir='ltr'><strong>manus:</strong></span> <span class='ocrx_word' id='word_1_31' title='bbox 1885 1656 2088 1727; x_wconf 76' lang='lat' dir='ltr'><strong>patres</strong></span> <span class='ocrx_word' id='word_1_32' title='bbox 2111 1643 2446 1705; x_wconf 81' lang='lat' dir='ltr'><strong>vindicant.</strong></span> 
     </span>
    </p>
   </div>
   <div class='ocr_carea' id='block_1_6' title="bbox 1653 1833 2017 1899">
    <p class='ocr_par' dir='ltr' id='par_1_6' title="bbox 1653 1833 2017 1899">
     <span class='ocr_line' id='line_1_8' title="bbox 1653 1833 2017 1899; baseline 0 0"><span class='ocrx_word' id='word_1_33' title='bbox 1653 1833 2017 1899; x_wconf 86' lang='lat' dir='ltr'><strong>SERMO.</strong></span> 
     </span>
    </p>
   </div>
   <div class='ocr_carea' id='block_1_7' title="bbox 785 1989 2885 3417">
    <p class='ocr_par' dir='ltr' id='par_1_7' title="bbox 785 1989 2882 2937">
     <span class='ocr_line' id='line_1_9' title="bbox 880 1989 2878 2083; baseline 0.002 -27"><span class='ocrx_word' id='word_1_34' title='bbox 880 1990 1106 2057; x_wconf 80' lang='lat' dir='ltr'><strong>Fuisse</strong></span> <span class='ocrx_word' id='word_1_35' title='bbox 1128 1989 1295 2058; x_wconf 82' lang='lat' dir='ltr'><strong>duos</strong></span> <span class='ocrx_word' id='word_1_36' title='bbox 1315 1989 1606 2058; x_wconf 81' lang='lat' dir='ltr'><strong>sodales:</strong></span> <span class='ocrx_word' id='word_1_37' title='bbox 1629 1991 1924 2083; x_wconf 85' lang='lat' dir='ltr'><strong>patribus</strong></span> <span class='ocrx_word' id='word_1_38' title='bbox 1947 2015 2025 2057; x_wconf 81' lang='lat' dir='ltr'><strong>ex</strong></span> <span class='ocrx_word' id='word_1_39' title='bbox 2043 2007 2306 2057; x_wconf 86' lang='lat' dir='ltr'><strong>austero</strong></span> <span class='ocrx_word' id='word_1_40' title='bbox 2330 2013 2346 2042; x_wconf 87' lang='lat'>¹</span> <span class='ocrx_word' id='word_1_41' title='bbox 2363 1989 2878 2081; x_wconf 80' lang='lat' dir='ltr'><strong>indulgentibus,</strong></span> 
     </span>
     <span class='ocr_line' id='line_1_10' title="bbox 792 2097 2878 2190; baseline 0 -26"><span class='ocrx_word' id='word_1_42' title='bbox 792 2121 969 2186; x_wconf 82' lang='lat' dir='ltr'><strong>saepe</strong></span> <span class='ocrx_word' id='word_1_43' title='bbox 1012 2099 1221 2164; x_wconf 88' lang='lat' dir='ltr'><strong>coisse</strong></span> <span class='ocrx_word' id='word_1_44' title='bbox 1265 2097 1351 2164; x_wconf 88' lang='lat' dir='ltr'><strong>ad</strong></span> <span class='ocrx_word' id='word_1_45' title='bbox 1398 2099 1619 2165; x_wconf 85' lang='lat' dir='ltr'><strong>lusum</strong></span> <span class='ocrx_word' id='word_1_46' title='bbox 1639 2149 1657 2181; x_wconf 89' lang='lat'>‚</span> <span class='ocrx_word' id='word_1_47' title='bbox 1704 2099 2089 2190; x_wconf 88' lang='lat' dir='ltr'><strong>frequenter</strong></span> <span class='ocrx_word' id='word_1_48' title='bbox 2131 2122 2265 2165; x_wconf 88' lang='lat' dir='ltr'><strong>una</strong></span> <span class='ocrx_word' id='word_1_49' title='bbox 2310 2100 2536 2165; x_wconf 79' lang='lat' dir='ltr'><strong>fuisse.</strong></span> <span class='ocrx_word' id='word_1_50' title='bbox 2579 2100 2878 2183; x_wconf 89' lang='lat' dir='ltr'><strong>Quodam</strong></span> 
     </span>
     <span class='ocr_line' id='line_1_11' title="bbox 792 2204 2880 2295; baseline -0 -25"><span class='ocrx_word' id='word_1_51' title='bbox 792 2220 1094 2293; x_wconf 84' lang='lat' dir='ltr'><strong>tempore</strong></span> <span class='ocrx_word' id='word_1_52' title='bbox 1114 2255 1132 2287; x_wconf 89' lang='lat'>‚</span> <span class='ocrx_word' id='word_1_53' title='bbox 1164 2229 1372 2295; x_wconf 87' lang='lat' dir='ltr'><strong>quum</strong></span> <span class='ocrx_word' id='word_1_54' title='bbox 1397 2205 1564 2271; x_wconf 88' lang='lat' dir='ltr'><strong>alter</strong></span> <span class='ocrx_word' id='word_1_55' title='bbox 1587 2230 1666 2273; x_wconf 84' lang='lat' dir='ltr'><strong>ex</strong></span> <span class='ocrx_word' id='word_1_56' title='bbox 1693 2204 1798 2271; x_wconf 86' lang='lat' dir='ltr'><strong>his</strong></span> <span class='ocrx_word' id='word_1_57' title='bbox 1826 2205 2036 2271; x_wconf 86' lang='lat' dir='ltr'><strong>serius</strong></span> <span class='ocrx_word' id='word_1_58' title='bbox 2066 2205 2132 2270; x_wconf 91' lang='lat' dir='ltr'><strong>in</strong></span> <span class='ocrx_word' id='word_1_59' title='bbox 2161 2206 2541 2272; x_wconf 82' lang='lat' dir='ltr'><strong>convivium</strong></span> <span class='ocrx_word' id='word_1_60' title='bbox 2564 2206 2880 2286; x_wconf 79' lang='lat' dir='ltr'><strong>venisset,</strong></span> 
     </span>
     <span class='ocr_line' id='line_1_12' title="bbox 794 2309 2878 2395; baseline 0.001 -19"><span class='ocrx_word' id='word_1_61' title='bbox 794 2309 1033 2377; x_wconf 85' lang='lat' dir='ltr'>dixisse</span> <span class='ocrx_word' id='word_1_62' title='bbox 1056 2311 1336 2378; x_wconf 79' lang='lat' dir='ltr'><strong>aiterum</strong></span> <span class='ocrx_word' id='word_1_63' title='bbox 1352 2363 1369 2394; x_wconf 92' lang='lat'>‚</span> <span class='ocrx_word' id='word_1_64' title='bbox 1396 2316 1697 2380; x_wconf 80' lang='lat' dir='ltr'>Fortasse</span> <span class='ocrx_word' id='word_1_65' title='bbox 1721 2329 1820 2395; x_wconf 91' lang='lat' dir='ltr'><strong>te,</strong></span> <span class='ocrx_word' id='word_1_66' title='bbox 1847 2329 1923 2379; x_wconf 89' lang='lat' dir='ltr'><strong>ut</strong></span> <span class='ocrx_word' id='word_1_67' title='bbox 1950 2314 2150 2394; x_wconf 86' lang='lat' dir='ltr'><strong>solet,</strong></span> <span class='ocrx_word' id='word_1_68' title='bbox 2180 2313 2292 2377; x_wconf 82' lang='lat' dir='ltr'><strong>ine</strong></span> <span class='ocrx_word' id='word_1_69' title='bbox 2316 2335 2519 2378; x_wconf 80' lang='lat' dir='ltr'><strong>senex</strong></span> <span class='ocrx_word' id='word_1_70' title='bbox 2544 2332 2567 2359; x_wconf 81' lang='lat'>²</span> <span class='ocrx_word' id='word_1_71' title='bbox 2585 2315 2878 2390; x_wconf 89' lang='lat' dir='ltr'><strong>retinnit,</strong></span> 
     </span>
     <span class='ocr_line' id='line_1_13' title="bbox 793 2416 2880 2510; baseline 0.001 -28"><span class='ocrx_word' id='word_1_72' title='bbox 793 2416 911 2482; x_wconf 88' lang='lat' dir='ltr'><strong>sed</strong></span> <span class='ocrx_word' id='word_1_73' title='bbox 936 2440 1070 2484; x_wconf 90' lang='lat' dir='ltr'><strong>non</strong></span> <span class='ocrx_word' id='word_1_74' title='bbox 1095 2419 1265 2484; x_wconf 83' lang='lat' dir='ltr'><strong>feret</strong></span> <span class='ocrx_word' id='word_1_75' title='bbox 1290 2421 1603 2508; x_wconf 88' lang='lat' dir='ltr'><strong>impune:</strong></span> <span class='ocrx_word' id='word_1_76' title='bbox 1636 2443 1760 2510; x_wconf 77' lang='lat' dir='ltr'><strong>ego</strong></span> <span class='ocrx_word' id='word_1_77' title='bbox 1786 2419 1973 2485; x_wconf 90' lang='lat' dir='ltr'><strong>illum</strong></span> <span class='ocrx_word' id='word_1_78' title='bbox 2000 2418 2405 2484; x_wconf 83' lang='lat' dir='ltr'><strong>verberabo:</strong></span> <span class='ocrx_word' id='word_1_79' title='bbox 2435 2418 2616 2484; x_wconf 90' lang='lat' dir='ltr'><strong>hunc</strong></span> <span class='ocrx_word' id='word_1_80' title='bbox 2640 2417 2880 2484; x_wconf 88' lang='lat' dir='ltr'><strong>deinde</strong></span> 
     </span>
     <span class='ocr_line' id='line_1_14' title="bbox 794 2523 2882 2617; baseline 0.001 -29"><span class='ocrx_word' id='word_1_81' title='bbox 794 2523 1247 2614; x_wconf 78' lang='lat' dir='ltr'><strong>respondisse,</strong></span> <span class='ocrx_word' id='word_1_82' title='bbox 1288 2528 1372 2592; x_wconf 91' lang='lat' dir='ltr'><strong>Et</strong></span> <span class='ocrx_word' id='word_1_83' title='bbox 1408 2550 1532 2617; x_wconf 79' lang='lat' dir='ltr'><strong>ego</strong></span> <span class='ocrx_word' id='word_1_84' title='bbox 1570 2543 1762 2593; x_wconf 89' lang='lat' dir='ltr'><strong>tuum</strong></span> <span class='ocrx_word' id='word_1_85' title='bbox 1800 2526 2067 2592; x_wconf 79' lang='lat' dir='ltr'><strong>caedam.</strong></span> <span class='ocrx_word' id='word_1_86' title='bbox 2105 2527 2329 2609; x_wconf 89' lang='lat' dir='ltr'><strong>Quum</strong></span> <span class='ocrx_word' id='word_1_87' title='bbox 2364 2524 2628 2590; x_wconf 82' lang='lat' dir='ltr'><strong>alternis</strong></span> <span class='ocrx_word' id='word_1_88' title='bbox 2661 2524 2882 2591; x_wconf 79' lang='lat' dir='ltr'><strong>verbis</strong></span> 
     </span>
     <span class='ocr_line' id='line_1_15' title="bbox 785 2627 2872 2723; baseline -0.002 -27"><span class='ocrx_word' id='word_1_89' title='bbox 785 2633 1190 2722; x_wconf 81' lang='lat' dir='ltr'><strong>jactarentur</strong></span> <span class='ocrx_word' id='word_1_90' title='bbox 1213 2632 1406 2696; x_wconf 83' lang='lat' dir='ltr'><strong>minae</strong></span> <span class='ocrx_word' id='word_1_91' title='bbox 1423 2683 1440 2712; x_wconf 93' lang='lat'>,</span> <span class='ocrx_word' id='word_1_92' title='bbox 1472 2651 1539 2702; x_wconf 86' lang='lat' dir='ltr'><strong>et</strong></span> <span class='ocrx_word' id='word_1_93' title='bbox 1560 2650 1845 2723; x_wconf 88' lang='lat' dir='ltr'><strong>uterque</strong></span> <span class='ocrx_word' id='word_1_94' title='bbox 1874 2649 2234 2712; x_wconf 81' lang='lat' dir='ltr'><strong>metueret,</strong></span> <span class='ocrx_word' id='word_1_95' title='bbox 2261 2655 2348 2697; x_wconf 89' lang='lat' dir='ltr'><strong>ne</strong></span> <span class='ocrx_word' id='word_1_96' title='bbox 2376 2630 2645 2695; x_wconf 82' lang='lat' dir='ltr'><strong>inuitum</strong></span> <span class='ocrx_word' id='word_1_97' title='bbox 2671 2627 2872 2692; x_wconf 84' lang='lat' dir='ltr'><strong>habe·</strong></span> 
     </span>
     <span class='ocr_line' id='line_1_16' title="bbox 794 2739 2871 2830; baseline -0.002 -27"><span class='ocrx_word' id='word_1_98' title='bbox 794 2756 896 2803; x_wconf 92' lang='lat' dir='ltr'><strong>ret</strong></span> <span class='ocrx_word' id='word_1_99' title='bbox 933 2753 1220 2827; x_wconf 87' lang='lat' dir='ltr'><strong>patrem,</strong></span> <span class='ocrx_word' id='word_1_100' title='bbox 1252 2739 1507 2829; x_wconf 78' lang='lat' dir='ltr'><strong>jurasse</strong></span> <span class='ocrx_word' id='word_1_101' title='bbox 1546 2741 1616 2804; x_wconf 88' lang='lat' dir='ltr'><strong>in</strong></span> <span class='ocrx_word' id='word_1_102' title='bbox 1653 2741 1978 2806; x_wconf 88' lang='lat' dir='ltr'><strong>ultionem</strong></span> <span class='ocrx_word' id='word_1_103' title='bbox 2013 2740 2219 2830; x_wconf 79' lang='lat' dir='ltr'><strong>magis</strong></span> <span class='ocrx_word' id='word_1_104' title='bbox 2255 2754 2629 2830; x_wconf 88' lang='lat' dir='ltr'><strong>parentum,</strong></span> <span class='ocrx_word' id='word_1_105' title='bbox 2669 2758 2871 2826; x_wconf 87' lang='lat' dir='ltr'><strong>quam</strong></span> 
     </span>
     <span class='ocr_line' id='line_1_17' title="bbox 797 2846 1123 2937; baseline -0.006 -27"><span class='ocrx_word' id='word_1_106' title='bbox 797 2846 1123 2937; x_wconf 87' lang='lat' dir='ltr'><strong>injuriam.</strong></span> 
     </span>
    </p>

    <p class='ocr_par' dir='ltr' id='par_1_8' title="bbox 794 3021 2885 3417">
     <span class='ocr_line' id='line_1_18' title="bbox 872 3021 2881 3097; baseline -0.001 -22"><span class='ocrx_word' id='word_1_107' title='bbox 872 3040 916 3075; x_wconf 83' lang='lat'><strong>1.</strong></span> <span class='ocrx_word' id='word_1_108' title='bbox 942 3023 1027 3074; x_wconf 81' lang='lat' dir='ltr'><strong>Ex</strong></span> <span class='ocrx_word' id='word_1_109' title='bbox 1057 3035 1255 3076; x_wconf 71' lang='lat' dir='ltr'><strong>austero</strong></span> <span class='ocrx_word' id='word_1_110' title='bbox 1288 3021 1687 3097; x_wconf 76' lang='lat' dir='ltr'><strong>indulqentibus.</strong></span> <span class='ocrx_word' id='word_1_111' title='bbox 1718 3024 1802 3076; x_wconf 81' lang='lat' dir='ltr'><strong>Ex</strong></span> <span class='ocrx_word' id='word_1_112' title='bbox 1880 3026 2001 3092; x_wconf 79' lang='lat' dir='ltr'><strong>bat,</strong></span> <span class='ocrx_word' id='word_1_113' title='bbox 2020 3025 2241 3078; x_wconf 75' lang='lat' dir='ltr'><strong>detinuit</strong></span> <span class='ocrx_word' id='word_1_114' title='bbox 2251 3047 2269 3087; x_wconf 83' lang='lat'><strong>,-</strong></span> <span class='ocrx_word' id='word_1_115' title='bbox 2294 3043 2379 3076; x_wconf 88' lang='lat' dir='ltr'><strong>me</strong></span> <span class='ocrx_word' id='word_1_116' title='bbox 2397 3042 2510 3076; x_wconf 91' lang='lat' dir='ltr'><strong>non</strong></span> <span class='ocrx_word' id='word_1_117' title='bbox 2528 3024 2710 3078; x_wconf 79' lang='lat' dir='ltr'><strong>invito.</strong></span> <span class='ocrx_word' id='word_1_118' title='bbox 2729 3021 2881 3075; x_wconf 74' lang='lat' dir='ltr'><strong>Ovid‘.</strong></span> 
     </span>
     <span class='ocr_line' id='line_1_19' title="bbox 795 3100 2885 3179; baseline 0.001 -25"><span class='ocrx_word' id='word_1_119' title='bbox 795 3112 994 3154; x_wconf 78' lang='lat' dir='ltr'><strong>austero</strong></span> <span class='ocrx_word' id='word_1_120' title='bbox 1034 3100 1122 3152; x_wconf 80' lang='lat' dir='ltr'><strong>vix</strong></span> <span class='ocrx_word' id='word_1_121' title='bbox 1157 3101 1561 3176; x_wconf 66' lang='lat' dir='ltr'><strong>indulgentibus,</strong></span> <span class='ocrx_word' id='word_1_122' title='bbox 1597 3101 1797 3155; x_wconf 87' lang='lat' dir='ltr'><strong>Schult.</strong></span> <span class='ocrx_word' id='word_1_123' title='bbox 1879 3110 1977 3179; x_wconf 86' lang='lat' dir='ltr'><strong>Ep.</strong></span> <span class='ocrx_word' id='word_1_124' title='bbox 1995 3109 2084 3172; x_wconf 82' lang='lat' dir='ltr'><strong>lv,</strong></span> <span class='ocrx_word' id='word_1_125' title='bbox 2100 3108 2198 3162; x_wconf 88' lang='lat'><strong>68:</strong></span> <span class='ocrx_word' id='word_1_126' title='bbox 2224 3130 2246 3153; x_wconf 77' lang='grc' dir='ltr'><strong>ιι</strong></span> <span class='ocrx_word' id='word_1_127' title='bbox 2262 3107 2460 3160; x_wconf 81' lang='lat' dir='ltr'><strong>Gnosia</strong></span> <span class='ocrx_word' id='word_1_128' title='bbox 2475 3124 2562 3158; x_wconf 88' lang='lat' dir='ltr'><strong>me</strong></span> <span class='ocrx_word' id='word_1_129' title='bbox 2573 3103 2784 3169; x_wconf 72' lang='lat' dir='ltr'><strong>vellem,</strong></span> <span class='ocrx_word' id='word_1_130' title='bbox 2801 3103 2885 3156; x_wconf 88' lang='lat' dir='ltr'><strong>de·</strong></span> 
     </span>
     <span class='ocr_line' id='line_1_20' title="bbox 797 3181 2882 3255; baseline 0.002 -22"><span class='ocrx_word' id='word_1_131' title='bbox 797 3181 861 3233; x_wconf 86' lang='lat' dir='ltr'><strong>ad</strong></span> <span class='ocrx_word' id='word_1_132' title='bbox 901 3183 1084 3235; x_wconf 82' lang='lat' dir='ltr'><strong>Senec.</strong></span> <span class='ocrx_word' id='word_1_133' title='bbox 1127 3182 1312 3236; x_wconf 88' lang='lat' dir='ltr'><strong>Contr.</strong></span> <span class='ocrx_word' id='word_1_134' title='bbox 1346 3185 1470 3249; x_wconf 83' lang='lat' dir='ltr'><strong>vn,</strong></span> <span class='ocrx_word' id='word_1_135' title='bbox 1512 3202 1634 3255; x_wconf 76' lang='lat' dir='ltr'><strong>pag.</strong></span> <span class='ocrx_word' id='word_1_136' title='bbox 1683 3183 1797 3236; x_wconf 80' lang='lat'><strong>115.</strong></span> <span class='ocrx_word' id='word_1_137' title='bbox 1888 3189 2171 3239; x_wconf 74' lang='lat' dir='ltr'><strong>«tinuisset</strong></span> <span class='ocrx_word' id='word_1_138' title='bbox 2201 3184 2413 3238; x_wconf 85' lang='lat' dir='ltr'><strong>humus.</strong></span> <span class='ocrx_word' id='word_1_139' title='bbox 2437 3208 2460 3231; x_wconf 73' lang='grc' dir='ltr'>ι</span> <span class='ocrx_word' id='word_1_140' title='bbox 2495 3186 2560 3236; x_wconf 81' lang='lat' dir='ltr'><strong>Et</strong></span> <span class='ocrx_word' id='word_1_141' title='bbox 2587 3203 2720 3237; x_wconf 80' lang='lat' dir='ltr'><strong>vers.</strong></span> <span class='ocrx_word' id='word_1_142' title='bbox 2755 3200 2882 3237; x_wconf 81' lang='lat' dir='ltr'><strong>tto:</strong></span> 
     </span>
     <span class='ocr_line' id='line_1_21' title="bbox 796 3263 2884 3338; baseline 0.001 -25"><span class='ocrx_word' id='word_1_143' title='bbox 796 3265 951 3315; x_wconf 80' lang='lat' dir='ltr'><strong>Forte</strong></span> <span class='ocrx_word' id='word_1_144' title='bbox 963 3299 979 3328; x_wconf 86' lang='lat'>‚</span> <span class='ocrx_word' id='word_1_145' title='bbox 998 3281 1092 3315; x_wconf 81' lang='lat' dir='ltr'><strong>nec</strong></span> <span class='ocrx_word' id='word_1_146' title='bbox 1109 3266 1319 3318; x_wconf 67' lang='lat' dir='ltr'><strong>austeris</strong></span> <span class='ocrx_word' id='word_1_147' title='bbox 1327 3304 1345 3332; x_wconf 91' lang='lat'>‚</span> <span class='ocrx_word' id='word_1_148' title='bbox 1370 3282 1463 3317; x_wconf 73' lang='lat' dir='ltr'><strong>nec</strong></span> <span class='ocrx_word' id='word_1_149' title='bbox 1485 3265 1802 3338; x_wconf 66' lang='lat' dir='ltr'><strong>indulgenti·</strong></span> <span class='ocrx_word' id='word_1_150' title='bbox 1887 3288 1909 3312; x_wconf 77' lang='grc' dir='ltr'>ι</span> <span class='ocrx_word' id='word_1_151' title='bbox 1929 3265 2082 3318; x_wconf 84' lang='lat' dir='ltr'><strong>Illum</strong></span> <span class='ocrx_word' id='word_1_152' title='bbox 2099 3265 2318 3317; x_wconf 84' lang='lat' dir='ltr'><strong>Pirithoi</strong></span> <span class='ocrx_word' id='word_1_153' title='bbox 2331 3263 2530 3316; x_wconf 83' lang='lat' dir='ltr'><strong>detinet</strong></span> <span class='ocrx_word' id='word_1_154' title='bbox 2551 3282 2646 3316; x_wconf 86' lang='lat' dir='ltr'><strong>ora</strong></span> <span class='ocrx_word' id='word_1_155' title='bbox 2664 3265 2763 3316; x_wconf 78' lang='lat' dir='ltr'><strong>sui.</strong></span> <span class='ocrx_word' id='word_1_156' title='bbox 2781 3285 2804 3309; x_wconf 72' lang='grc' dir='ltr'>ι</span> <span class='ocrx_word' id='word_1_157' title='bbox 2821 3264 2884 3315; x_wconf 79' lang='lat' dir='ltr'><strong>Et</strong></span> 
     </span>
     <span class='ocr_line' id='line_1_22' title="bbox 794 3340 2882 3417; baseline -0 -23"><span class='ocrx_word' id='word_1_158' title='bbox 794 3343 911 3408; x_wconf 77' lang='lat' dir='ltr'><strong>bus,</strong></span> <span class='ocrx_word' id='word_1_159' title='bbox 930 3358 989 3395; x_wconf 85' lang='lat' dir='ltr'><strong>ut</strong></span> <span class='ocrx_word' id='word_1_160' title='bbox 1008 3344 1241 3397; x_wconf 82' lang='lat' dir='ltr'><strong>medium</strong></span> <span class='ocrx_word' id='word_1_161' title='bbox 1259 3347 1525 3398; x_wconf 86' lang='lat' dir='ltr'><strong>tenuerint</strong></span> <span class='ocrx_word' id='word_1_162' title='bbox 1545 3347 1683 3400; x_wconf 83' lang='lat' dir='ltr'><strong>inter</strong></span> <span class='ocrx_word' id='word_1_163' title='bbox 1702 3345 1802 3398; x_wconf 89' lang='lat' dir='ltr'><strong>du·</strong></span> <span class='ocrx_word' id='word_1_164' title='bbox 1880 3348 1953 3397; x_wconf 86' lang='lat' dir='ltr'><strong>ita</strong></span> <span class='ocrx_word' id='word_1_165' title='bbox 1969 3346 2185 3417; x_wconf 79' lang='lat' dir='ltr'><strong>passim.</strong></span> <span class='ocrx_word' id='word_1_166' title='bbox 2197 3342 2315 3396; x_wconf 85' lang='lat' dir='ltr'><strong>vid.</strong></span> <span class='ocrx_word' id='word_1_167' title='bbox 2339 3342 2604 3396; x_wconf 78' lang='lat' dir='ltr'><strong>Brouckh.</strong></span> <span class='ocrx_word' id='word_1_168' title='bbox 2623 3340 2693 3394; x_wconf 80' lang='lat' dir='ltr'><strong>ad</strong></span> <span class='ocrx_word' id='word_1_169' title='bbox 2709 3341 2882 3394; x_wconf 80' lang='lat' dir='ltr'><strong>Tibul.</strong></span> 
     </span>
    </p>
   </div>
   <div class='ocr_carea' id='block_1_8' title="bbox 797 3420 2885 3576">
    <p class='ocr_par' dir='ltr' id='par_1_9' title="bbox 797 3420 2885 3576">
     <span class='ocr_line' id='line_1_23' title="bbox 797 3420 2885 3499; baseline -0.002 -23"><span class='ocrx_word' id='word_1_170' title='bbox 797 3425 966 3478; x_wconf 87' lang='lat' dir='ltr'><strong>ritiem</strong></span> <span class='ocrx_word' id='word_1_171' title='bbox 992 3439 1043 3477; x_wconf 87' lang='lat' dir='ltr'><strong>et</strong></span> <span class='ocrx_word' id='word_1_172' title='bbox 1064 3426 1461 3499; x_wconf 77' lang='lat' dir='ltr'><strong>indulgentiam.</strong></span> <span class='ocrx_word' id='word_1_173' title='bbox 1489 3428 1657 3479; x_wconf 72' lang='lat' dir='ltr'><strong>Eunu.</strong></span> <span class='ocrx_word' id='word_1_174' title='bbox 1879 3427 1930 3491; x_wconf 90' lang='lat'><strong>1,</strong></span> <span class='ocrx_word' id='word_1_175' title='bbox 1955 3442 2000 3490; x_wconf 81' lang='lat' dir='ltr'><strong>t,</strong></span> <span class='ocrx_word' id='word_1_176' title='bbox 2021 3424 2090 3491; x_wconf 73' lang='grc' dir='ltr'><strong>4ο</strong></span> <span class='ocrx_word' id='word_1_177' title='bbox 2110 3444 2122 3473; x_wconf 90' lang='lat'><strong>:</strong></span> <span class='ocrx_word' id='word_1_178' title='bbox 2155 3446 2177 3469; x_wconf 77' lang='grc' dir='ltr'><strong>ιι</strong></span> <span class='ocrx_word' id='word_1_179' title='bbox 2198 3422 2486 3475; x_wconf 85' lang='lat' dir='ltr'><strong>Admonuit</strong></span> <span class='ocrx_word' id='word_1_180' title='bbox 2510 3421 2738 3473; x_wconf 69' lang='lat' dir='ltr'><strong>domine</strong></span> <span class='ocrx_word' id='word_1_181' title='bbox 2757 3420 2885 3473; x_wconf 81' lang='lat' dir='ltr'><strong>deti-</strong></span> 
     </span>
     <span class='ocr_line' id='line_1_24' title="bbox 871 3499 2880 3576; baseline -0.002 -18"><span class='ocrx_word' id='word_1_182' title='bbox 871 3523 919 3558; x_wconf 68' lang='grc' dir='ltr'><strong>α.</strong></span> <span class='ocrx_word' id='word_1_183' title='bbox 938 3505 1105 3560; x_wconf 77' lang='lat' dir='ltr'><strong>Senex</strong></span> <span class='ocrx_word' id='word_1_184' title='bbox 1120 3509 1353 3563; x_wconf 78' lang='lat' dir='ltr'><strong>retinuit.</strong></span> <span class='ocrx_word' id='word_1_185' title='bbox 1374 3509 1630 3562; x_wconf 73' lang='lat' dir='ltr'><strong>Francius</strong></span> <span class='ocrx_word' id='word_1_186' title='bbox 1651 3507 1800 3561; x_wconf 81' lang='lat' dir='ltr'><strong>vole·</strong></span> <span class='ocrx_word' id='word_1_187' title='bbox 1885 3527 1907 3550; x_wconf 70' lang='grc' dir='ltr'><strong><em>κ</em></strong></span> <span class='ocrx_word' id='word_1_188' title='bbox 1929 3503 2153 3576; x_wconf 86' lang='lat' dir='ltr'><strong>nuitque</strong></span> <span class='ocrx_word' id='word_1_189' title='bbox 2169 3505 2379 3566; x_wconf 57' lang='lat' dir='ltr'><strong>venun</strong></span> <span class='ocrx_word' id='word_1_190' title='bbox 2400 3524 2421 3549; x_wconf 66' lang='grc' dir='ltr'><strong><em>κ</em></strong></span> <span class='ocrx_word' id='word_1_191' title='bbox 2447 3499 2542 3553; x_wconf 89' lang='lat' dir='ltr'><strong>ubi</strong></span> <span class='ocrx_word' id='word_1_192' title='bbox 2561 3500 2629 3554; x_wconf 83' lang='lat' dir='ltr'><strong>al.</strong></span> <span class='ocrx_word' id='word_1_193' title='bbox 2653 3500 2880 3554; x_wconf 77' lang='lat' dir='ltr'><strong>deseruit.</strong></span> 
     </span>
    </p>
   </div>
   <div class='ocr_carea' id='block_1_9' title="bbox 3135 1508 3149 2038">
    <p class='ocr_par' dir='ltr' id='par_1_10' title="bbox 3135 1508 3149 2038">
     <span class='ocr_line' id='line_1_25' title="bbox 3135 1508 3149 2038; baseline 0 0"><span class='ocrx_word' id='word_1_194' title='bbox 3135 1508 3149 2038; x_wconf 95' lang='lat' dir='ltr'><strong> </strong></span> 
     </span>
    </p>
   </div>
  </div>
 </body>
</html>
