3200 5117
705 557 1544 629 DECLAMATIONES.
1592 558 2039 628 chxxvl.
2292 560 2410 648 137

330 683 649 755 nandum
671 684 789 773 sit,
816 704 1144 782 spectare,
1174 701 1253 754 ut
1273 697 1495 780 quam*
1519 680 1899 755 minimum
1924 710 2002 754 ex
2027 682 2271 755 eadem
2301 706 2417 783 pe-

332 821 498 872 reat.
540 799 986 872 Adversarius
1023 798 1214 870 enim
1253 796 1594 895 queritur,
1632 796 1938 894 aliquam
1968 799 2160 871 verbi
2203 798 2418 871 inter-

315 911 784 1016 pretationem
814 916 1037 1016 perire
1064 943 1079 987 ε
1119 941 1245 987 nos
1275 935 1494 987 totam
1522 915 1750 1013 legem
1769 971 1788 1004 ,
1819 935 2037 987 totum
2062 916 2177 1017 jus
2204 945 2220 988 ε
2250 917 2420 1000 tole-

332 1033 570 1105 rabilis
616 1034 803 1105 enim
847 1053 1021 1105 esset
1066 1031 1238 1103 mihi
1283 1059 1447 1104 cum
1490 1031 1895 1104 adversariis
1937 1033 2319 1125 contentio,
2363 1032 2418 1105 si

334 1169 784 1247 quaereretur,
837 1176 927 1221 an
977 1149 1109 1220 boc
1160 1168 1392 1249 optare
1443 1146 1679 1247 puella
1726 1147 2006 1220 deberet
2044 1175 2060 1219 :
2111 1176 2301 1221 nunc
2347 1148 2421 1221 id

334 1284 592 1364 agunt,
639 1286 717 1337 ut
761 1265 941 1337 nihil
987 1285 1175 1363 optet
1218 1290 1235 1335 :
1284 1284 1351 1336 et
1399 1289 1578 1336 nova
1627 1255 1936 1363 quadam
1984 1290 2063 1335 ac
2111 1290 2450 1364 perversa·

306 1443 313 1450 .
335 1379 609 1451 actione
636 1379 978 1468 nituntur,
1006 1400 1084 1451 ut
1103 1379 1292 1451 bona
1318 1379 1603 1479 raptoris
1627 1398 1866 1477 optare
1880 1377 2122 1477 'puella
2144 1404 2290 1450 non
2315 1377 2427 1450 de-

334 1493 527 1584 beat,
559 1495 722 1591 quia
742 1515 974 1593 optare
1003 1493 1180 1565 nihil
1204 1492 1398 1565 aliud
1422 1513 1676 1593 potest,
1703 1519 1914 1592 quam
1936 1492 2145 1564 bona.
2166 1494 2257 1563 At
2280 1519 2422 1564 non

337 1631 438 1682 est
461 1635 767 1708 aequum,
793 1632 863 1684 et
883 1630 1182 1684 mortem
1213 1608 1501 1707 raptoris
1521 1608 1945 1707 contingere,
1971 1629 2037 1681 et
2057 1609 2276 1680 bona:
2302 1607 2423 1680 sed

337 1726 472 1797 hoc
505 1753 586 1798 eo
621 1727 952 1825 pertinet,
989 1745 1068 1797 ut
1103 1725 1158 1796 si
1190 1744 1488 1797 mortem
1521 1724 1820 1822 optavit,
1855 1744 2090 1824 optare
2120 1751 2262 1796 non
2295 1723 2423 1796 de-

337 1839 497 1912 beat
538 1841 727 1912 bona
759 1868 773 1910 ε
825 1841 920 1910 ita
959 1839 1254 1911 demum
1291 1837 1482 1909 enim
1525 1857 1593 1909 et
1629 1858 1926 1911 mortem
1961 1839 2026 1911 ei
2058 1838 2422 1937 contigisse

338 1954 626 2051 raptoris
647 1953 962 2024 dicemus
979 2007 998 2040 ,
1030 1972 1094 2023 et
1113 1950 1300 2024 bona
1325 1979 1339 2023 ε
1367 1978 1647 2051 aequum
1667 1974 1765 2027 est
1783 1954 1975 2026 enim
2001 1952 2421 2052 interpellari

338 2093 540 2164 posse
571 2067 925 2164 optionem
953 2066 1163 2138 etiarn
1195 2067 1376 2139 facto
1404 2067 1657 2165 ipsius,
1690 2068 1918 2141 alieno
1939 2095 2100 2140 vero
2132 2066 2427 2167 iniquis-

334 2183 628 2253 simum.
669 2181 905 2270 Quare
951 2181 1008 2253 si
1049 2209 1173 2281 per
1211 2182 1393 2254 hanc
1429 2183 1752 2274 stetisset,
1798 2203 1876 2255 ut
1910 2204 2138 2282 raptor
2175 2183 2428 2282 periret

335 2298 811 2396 (quamquam
860 2324 1132 2396 possem
1176 2298 1440 2389 dicere,
1476 2298 1653 2373 illud
1689 2326 1831 2372 non
1869 2300 2157 2399 optavit,
2193 2319 2260 2371 et
2287 2298 2423 2397 legi

339 2437 485 2485 non
514 2434 611 2485 est
633 2413 1084 2508 satisfactum)
1109 2440 1123 2484 :
1156 2413 1444 2486 baberet
1466 2434 1703 2486 tamen
1723 2414 2032 2514 aliquam
2053 2413 2386 2485 rationem
2405 2470 2424 2503 ,

339 2531 581 2603 saltem
613 2530 789 2602 falsa
820 2529 968 2629 ejus
995 2530 1390 2603 calumnia:
1426 2558 1619 2603 nunc
1652 2530 1823 2631 quid
1855 2529 2021 2602 fecit
2052 2530 2317 2629 puella,
2354 2549 2430 2602 ut

342 2667 572 2747 raptor
602 2646 1034 2719 moreretur?
1066 2649 1311 2745 Itaque
1343 2647 1510 2721 buic
1540 2674 1687 2721 non
1720 2666 2000 2720 tantum
2034 2646 2107 2718 in
2146 2646 2281 2719 hoc
2318 2645 2426 2717 la·-

343 2760 466 2832 bor
493 2782 622 2851 est,
654 2781 733 2832 ut
758 2759 945 2831 bona
975 2761 1262 2860 raptoris
1289 2761 1615 2861 accipiat;
1643 2762 1764 2834 sed
1796 2762 1869 2834 in
1900 2761 2022 2833 illo
2049 2762 2274 2863 major
2300 2760 2429 2832 ali-

344 2898 633 2974 quanto,
670 2896 750 2949 ut
778 2875 1151 2977 approbet,
1188 2876 1380 2975 quod
1414 2891 1730 2975 optatura
1759 2876 2010 2966 fuerit,
2042 2877 2100 2950 si
2127 2871 2428 2949 viveret:

344 2989 512 3062 duas
561 2990 752 3063 enirn
804 2990 952 3063 sine
1005 2990 1222 3063 dubio
1269 3018 1509 3092 poenas
1552 2992 1876 3064 adversus
1923 3012 2275 3091 raptorem
2320 2990 2430 3062 lex

347 3103 691 3177 constituit
717 3134 735 3192 ;
765 3104 1050 3176 alteram
1085 3125 1323 3177 tamen
1358 3106 1602 3177 mitem
1636 3132 1651 3176 ε
1688 3131 1817 3177 nec
1849 3131 2124 3203 semper
2155 3104 2284 3176 hac
2318 3130 2430 3193 coe

350 3216 558 3313 gitata
575 3240 642 3290 et
658 3219 965 3318 publica,
993 3218 1261 3291 crudeli
1283 3245 1363 3290 ac
1384 3217 1833 3317 sanguinaria
1856 3237 2148 3289 tenetur.
2168 3217 2431 3289 Hodie-

346 3357 487 3430 que
535 3333 841 3431 alioquin
888 3360 1128 3407 nonne
1171 3334 1416 3408 merito
1459 3361 1500 3406 a
1529 3332 1759 3421 vobis,
1803 3333 2045 3405 merito
2087 3359 2127 3403 a
2158 3332 2427 3406 civitate

349 3447 985 3546 reprehenderetur,
1024 3450 1083 3521 si
1118 3449 1311 3521 aliud
1352 3476 1497 3521 non
1532 3447 1844 3550 optando
1877 3449 2007 3520 boc
2046 3450 2431 3522 ostenderet

344 3584 411 3635 et
451 3561 693 3636 fecisse
739 3567 1084 3664 raptorem
1107 3623 1126 3655 ,
1178 3566 1368 3664 quod
1410 3566 1562 3664 ipsa
1606 3583 1778 3636 esset
1821 3563 2190 3663 optatura?
2239 3564 2429 3635 Hinc

344 3698 702 3751 transeunt
737 3680 828 3753 ad
861 3681 1329 3781 conjecturam
1351 3738 1371 3771 ,
1421 3699 1489 3752 et
1519 3678 1848 3778 suspicari
1877 3706 1996 3752 vos
2030 3679 2276 3751 volunt
2307 3702 2388 3747 ea
2407 3731 2428 3764 ,

346 3818 498 3889 quae
536 3795 825 3892 probare
874 3822 1019 3867 non
1066 3816 1401 3894 possunt:
1450 3820 1593 3866 non
1643 3793 1876 3885 enim,
1915 3792 2287 3892 inquiunt,
2329 3809 2434 3861 est

346 3906 676 3980 credibile
708 3909 1100 4007 periturum
1133 3910 1344 3982 fuisse
1375 3930 1759 4009 raptorem,
1807 3907 1941 3979 nisi
1979 3907 2112 3977 hoc
2153 3921 2431 4003 optatu-

345 4049 495 4094 ram
528 4022 761 4098 scisset
787 4022 1119 4136 puellam.
1150 4027 1330 4099 Ante
1354 4024 1627 4113 omnia,
1659 4048 1884 4122 quum
1914 4020 2169 4095 dicitur
2195 4009 2430 4109 scisse,

344 4138 520 4212 illud
542 4140 951 4230 ostenditur,
981 4167 1180 4242 posse
1203 4139 1478 4240 probari
1494 4196 1512 4230 ,
1533 4167 1675 4241 quo
1696 4138 1908 4211 modo
1927 4134 2174 4209 scierit:
2198 4163 2429 4233 quaero

343 4256 531 4329 enim
553 4283 596 4329 a
614 4256 999 4357 vobisipsis
1017 4256 1451 4349 adversariis,
1478 4282 1620 4354 quo
1643 4255 1854 4328 modo
1873 4251 2206 4353 colligatis
2228 4252 2430 4326 scisse
