<?xml version="1.0" encoding="UTF-8"?>
<!DOCTYPE html PUBLIC "-//W3C//DTD XHTML 1.0 Transitional//EN"
    "http://www.w3.org/TR/xhtml1/DTD/xhtml1-transitional.dtd">
<html xmlns="http://www.w3.org/1999/xhtml" xml:lang="en" lang="en">
 <head>
  <title>
</title>
<meta http-equiv="Content-Type" content="text/html;charset=utf-8" />
  <meta name='ocr-system' content='tesseract 3.04.00' />
  <meta name='ocr-capabilities' content='ocr_page ocr_carea ocr_par ocr_line ocrx_word'/>
</head>
<body>
  <div class='ocr_page' id='page_1' title='image "./deinstitutioneo00flacgoog_0304.png"; bbox 0 0 3200 5117; ppageno 0'>
   <div class='ocr_carea' id='block_1_1' title="bbox 794 524 2375 607">
    <p class='ocr_par' dir='ltr' id='par_1_1' title="bbox 794 524 2375 607">
     <span class='ocr_line' id='line_1_1' title="bbox 794 524 2375 607; baseline 0 -16"><span class='ocrx_word' id='word_1_1' title='bbox 794 529 918 592; x_wconf 82' lang='lat'><strong>302</strong></span> <span class='ocrx_word' id='word_1_2' title='bbox 1293 526 1385 588; x_wconf 81' lang='lat' dir='ltr'><strong>M.</strong></span> <span class='ocrx_word' id='word_1_3' title='bbox 1433 524 1686 588; x_wconf 84' lang='lat' dir='ltr'><strong>FABII</strong></span> <span class='ocrx_word' id='word_1_4' title='bbox 1733 525 2375 607; x_wconf 84' lang='lat' dir='ltr'><strong>QUINTILIANI</strong></span> 
     </span>
    </p>
   </div>
   <div class='ocr_carea' id='block_1_2' title="bbox 784 646 2894 2018">
    <p class='ocr_par' dir='ltr' id='par_1_2' title="bbox 784 646 2894 2018">
     <span class='ocr_line' id='line_1_2' title="bbox 790 646 2889 748; baseline 0 -28"><span class='ocrx_word' id='word_1_5' title='bbox 790 646 1103 720; x_wconf 87' lang='lat' dir='ltr'><strong>medicus</strong></span> <span class='ocrx_word' id='word_1_6' title='bbox 1126 646 1755 722; x_wconf 83' lang='lat' dir='ltr'><strong>medicamentum:</strong></span> <span class='ocrx_word' id='word_1_7' title='bbox 1780 647 1903 745; x_wconf 90' lang='lat' dir='ltr'><strong>qui</strong></span> <span class='ocrx_word' id='word_1_8' title='bbox 1923 669 2271 745; x_wconf 84' lang='lat' dir='ltr'><strong>acceptam</strong></span> <span class='ocrx_word' id='word_1_9' title='bbox 2294 649 2477 721; x_wconf 86' lang='lat' dir='ltr'>bibit</span> <span class='ocrx_word' id='word_1_10' title='bbox 2497 649 2889 748; x_wconf 88' lang='lat' dir='ltr'><strong>potionem,</strong></span> 
     </span>
     <span class='ocr_line' id='line_1_3' title="bbox 787 760 2894 861; baseline 0 -27"><span class='ocrx_word' id='word_1_11' title='bbox 787 763 1016 838; x_wconf 85' lang='lat' dir='ltr'><strong>statim</strong></span> <span class='ocrx_word' id='word_1_12' title='bbox 1039 762 1364 861; x_wconf 80' lang='lat' dir='ltr'>exspirat:</span> <span class='ocrx_word' id='word_1_13' title='bbox 1399 761 1519 859; x_wconf 90' lang='lat' dir='ltr'><strong>qui</strong></span> <span class='ocrx_word' id='word_1_14' title='bbox 1547 760 1858 832; x_wconf 86' lang='lat' dir='ltr'><strong>tandem¹</strong></span> <span class='ocrx_word' id='word_1_15' title='bbox 1891 761 2004 834; x_wconf 89' lang='lat' dir='ltr'><strong>hic</strong></span> <span class='ocrx_word' id='word_1_16' title='bbox 2025 763 2669 861; x_wconf 75' lang='lat' dir='ltr'><strong>argumentandum</strong></span> <span class='ocrx_word' id='word_1_17' title='bbox 2696 765 2894 836; x_wconf 80' lang='lat' dir='ltr'><strong>erat?</strong></span> 
     </span>
     <span class='ocr_line' id='line_1_4' title="bbox 788 875 2885 980; baseline 0.002 -32"><span class='ocrx_word' id='word_1_18' title='bbox 788 877 911 977; x_wconf 89' lang='lat' dir='ltr'><strong>qui</strong></span> <span class='ocrx_word' id='word_1_19' title='bbox 949 878 1229 950; x_wconf 87' lang='lat' dir='ltr'><strong>tandem</strong></span> <span class='ocrx_word' id='word_1_20' title='bbox 1262 877 1376 948; x_wconf 91' lang='lat' dir='ltr'><strong>hic</strong></span> <span class='ocrx_word' id='word_1_21' title='bbox 1418 875 1912 976; x_wconf 82' lang='lat' dir='ltr'><strong>probandum?</strong></span> <span class='ocrx_word' id='word_1_22' title='bbox 1952 904 2096 949; x_wconf 87' lang='lat' dir='ltr'><strong>non</strong></span> <span class='ocrx_word' id='word_1_23' title='bbox 2143 878 2359 950; x_wconf 89' lang='lat' dir='ltr'><strong>oculis</strong></span> <span class='ocrx_word' id='word_1_24' title='bbox 2393 877 2833 980; x_wconf 84' lang='lat' dir='ltr'><strong>judicassetis</strong></span> <span class='ocrx_word' id='word_1_25' title='bbox 2862 935 2885 968; x_wconf 88' lang='lat'><strong>,</strong></span> 
     </span>
     <span class='ocr_line' id='line_1_5' title="bbox 790 992 2883 1093; baseline 0 -28"><span class='ocrx_word' id='word_1_26' title='bbox 790 1020 934 1066; x_wconf 88' lang='lat' dir='ltr'><strong>non</strong></span> <span class='ocrx_word' id='word_1_27' title='bbox 960 994 1289 1065; x_wconf 88' lang='lat' dir='ltr'><strong>continuo</strong></span> <span class='ocrx_word' id='word_1_28' title='bbox 1319 992 1563 1065; x_wconf 85' lang='lat' dir='ltr'><strong>strictis</strong></span> <span class='ocrx_word' id='word_1_29' title='bbox 1588 992 1913 1065; x_wconf 84' lang='lat' dir='ltr'><strong>faucibus</strong></span> <span class='ocrx_word' id='word_1_30' title='bbox 1937 993 2312 1093; x_wconf 87' lang='lat' dir='ltr'><strong>rapiendus</strong></span> <span class='ocrx_word' id='word_1_31' title='bbox 2341 992 2427 1064; x_wconf 87' lang='lat' dir='ltr'><strong>ad</strong></span> <span class='ocrx_word' id='word_1_32' title='bbox 2451 994 2883 1093; x_wconf 87' lang='lat' dir='ltr'><strong>supplicium</strong></span> 
     </span>
     <span class='ocr_line' id='line_1_6' title="bbox 789 1106 2884 1207; baseline 0.001 -29"><span class='ocrx_word' id='word_1_33' title='bbox 789 1107 1131 1180; x_wconf 88' lang='lat' dir='ltr'><strong>veneficus</strong></span> <span class='ocrx_word' id='word_1_34' title='bbox 1153 1106 1526 1198; x_wconf 76' lang='lat' dir='ltr'><strong>videretur,</strong></span> <span class='ocrx_word' id='word_1_35' title='bbox 1556 1106 1680 1206; x_wconf 92' lang='lat' dir='ltr'><strong>qui</strong></span> <span class='ocrx_word' id='word_1_36' title='bbox 1707 1133 1897 1186; x_wconf 82' lang='lat' dir='ltr'><strong>nunc</strong></span> <span class='ocrx_word' id='word_1_37' title='bbox 1924 1108 2138 1180; x_wconf 89' lang='lat' dir='ltr'><strong>etiam</strong></span> <span class='ocrx_word' id='word_1_38' title='bbox 2161 1107 2383 1207; x_wconf 89' lang='lat' dir='ltr'><strong>spolia</strong></span> <span class='ocrx_word' id='word_1_39' title='bbox 2410 1108 2610 1181; x_wconf 90' lang='lat' dir='ltr'><strong>occisi</strong></span> <span class='ocrx_word' id='word_1_40' title='bbox 2641 1108 2884 1181; x_wconf 89' lang='lat' dir='ltr'><strong>homi-</strong></span> 
     </span>
     <span class='ocr_line' id='line_1_7' title="bbox 787 1221 2875 1323; baseline 0 -28"><span class='ocrx_word' id='word_1_41' title='bbox 787 1224 897 1296; x_wconf 88' lang='lat' dir='ltr'><strong>nis</strong></span> <span class='ocrx_word' id='word_1_42' title='bbox 919 1243 1139 1315; x_wconf 85' lang='lat' dir='ltr'><strong>tenet,</strong></span> <span class='ocrx_word' id='word_1_43' title='bbox 1170 1245 1237 1296; x_wconf 91' lang='lat' dir='ltr'><strong>et</strong></span> <span class='ocrx_word' id='word_1_44' title='bbox 1258 1222 1485 1300; x_wconf 84' lang='lat' dir='ltr'><strong>subito</strong></span> <span class='ocrx_word' id='word_1_45' title='bbox 1508 1221 1851 1323; x_wconf 85' lang='lat' dir='ltr'><strong>locuples,</strong></span> <span class='ocrx_word' id='word_1_46' title='bbox 1885 1223 1981 1295; x_wconf 90' lang='lat' dir='ltr'><strong>ait</strong></span> <span class='ocrx_word' id='word_1_47' title='bbox 2010 1249 2081 1296; x_wconf 91' lang='lat' dir='ltr'><strong>se</strong></span> <span class='ocrx_word' id='word_1_48' title='bbox 2112 1222 2552 1296; x_wconf 82' lang='lat' dir='ltr'><strong>tantumdem</strong></span> <span class='ocrx_word' id='word_1_49' title='bbox 2581 1223 2875 1312; x_wconf 85' lang='lat' dir='ltr'><strong>habere,</strong></span> 
     </span>
     <span class='ocr_line' id='line_1_8' title="bbox 788 1340 2877 1441; baseline -0.001 -27"><span class='ocrx_word' id='word_1_50' title='bbox 788 1362 1137 1441; x_wconf 76' lang='lat' dir='ltr'><strong>quantum</strong></span> <span class='ocrx_word' id='word_1_51' title='bbox 1178 1368 1293 1414; x_wconf 91' lang='lat' dir='ltr'><strong>me</strong></span> <span class='ocrx_word' id='word_1_52' title='bbox 1311 1356 1364 1432; x_wconf 83' lang='lat'><strong>²,</strong></span> <span class='ocrx_word' id='word_1_53' title='bbox 1406 1341 1802 1440; x_wconf 60' lang='lat' dir='ltr'><strong>quinuper</strong></span> <span class='ocrx_word' id='word_1_54' title='bbox 1847 1340 2097 1413; x_wconf 79' lang='lat' dir='ltr'><strong>divisi?</strong></span> <span class='ocrx_word' id='word_1_55' title='bbox 2128 1341 2304 1413; x_wconf 85' lang='lat' dir='ltr'>Mihi</span> <span class='ocrx_word' id='word_1_56' title='bbox 2348 1340 2516 1440; x_wconf 90' lang='lat' dir='ltr'><strong>quid</strong></span> <span class='ocrx_word' id='word_1_57' title='bbox 2561 1340 2877 1412; x_wconf 86' lang='lat' dir='ltr'><strong>relictum</strong></span> 
     </span>
     <span class='ocr_line' id='line_1_9' title="bbox 784 1453 2876 1555; baseline -0 -26"><span class='ocrx_word' id='word_1_58' title='bbox 784 1476 905 1545; x_wconf 85' lang='lat' dir='ltr'><strong>est,</strong></span> <span class='ocrx_word' id='word_1_59' title='bbox 932 1477 1173 1555; x_wconf 81' lang='lat' dir='ltr'><strong>praeter</strong></span> <span class='ocrx_word' id='word_1_60' title='bbox 1190 1455 1416 1528; x_wconf 90' lang='lat' dir='ltr'><strong>luctus</strong></span> <span class='ocrx_word' id='word_1_61' title='bbox 1437 1476 1503 1527; x_wconf 91' lang='lat' dir='ltr'><strong>et</strong></span> <span class='ocrx_word' id='word_1_62' title='bbox 1520 1453 1901 1553; x_wconf 81' lang='lat' dir='ltr'><strong>lacrymas?</strong></span> <span class='ocrx_word' id='word_1_63' title='bbox 1917 1455 2246 1527; x_wconf 88' lang='lat' dir='ltr'><strong>ultimum</strong></span> <span class='ocrx_word' id='word_1_64' title='bbox 2269 1482 2429 1555; x_wconf 80' lang='lat' dir='ltr'><strong>ergo</strong></span> <span class='ocrx_word' id='word_1_65' title='bbox 2451 1453 2628 1527; x_wconf 83' lang='lat' dir='ltr'><strong>illud</strong></span> <span class='ocrx_word' id='word_1_66' title='bbox 2645 1455 2876 1542; x_wconf 82' lang='lat' dir='ltr'><strong>nobis,</strong></span> 
     </span>
     <span class='ocr_line' id='line_1_10' title="bbox 785 1568 2875 1668; baseline -0 -27"><span class='ocrx_word' id='word_1_67' title='bbox 785 1570 992 1642; x_wconf 84' lang='lat' dir='ltr'><strong>frater</strong></span> <span class='ocrx_word' id='word_1_68' title='bbox 1034 1570 1455 1661; x_wconf 85' lang='lat' dir='ltr'><strong>miserrime,</strong></span> <span class='ocrx_word' id='word_1_69' title='bbox 1497 1570 1893 1643; x_wconf 83' lang='lat' dir='ltr'><strong>convivium</strong></span> <span class='ocrx_word' id='word_1_70' title='bbox 1937 1569 2118 1643; x_wconf 80' lang='lat' dir='ltr'><strong>erat?</strong></span> <span class='ocrx_word' id='word_1_71' title='bbox 2158 1570 2407 1643; x_wconf 86' lang='lat' dir='ltr'><strong>siccine</strong></span> <span class='ocrx_word' id='word_1_72' title='bbox 2443 1568 2723 1668; x_wconf 78' lang='lat' dir='ltr'>digressi</span> <span class='ocrx_word' id='word_1_73' title='bbox 2758 1595 2875 1641; x_wconf 88' lang='lat' dir='ltr'><strong>su-</strong></span> 
     </span>
     <span class='ocr_line' id='line_1_11' title="bbox 787 1683 2868 1784; baseline 0 -29"><span class='ocrx_word' id='word_1_74' title='bbox 787 1683 988 1756; x_wconf 89' lang='lat' dir='ltr'><strong>mus?</strong></span> <span class='ocrx_word' id='word_1_75' title='bbox 1021 1685 1092 1756; x_wconf 90' lang='lat' dir='ltr'><strong>in</strong></span> <span class='ocrx_word' id='word_1_76' title='bbox 1127 1685 1251 1758; x_wconf 87' lang='lat' dir='ltr'><strong>has</strong></span> <span class='ocrx_word' id='word_1_77' title='bbox 1282 1710 1436 1784; x_wconf 85' lang='lat' dir='ltr'><strong>spes</strong></span> <span class='ocrx_word' id='word_1_78' title='bbox 1464 1684 1947 1757; x_wconf 81' lang='lat' dir='ltr'><strong>discessimus?</strong></span> <span class='ocrx_word' id='word_1_79' title='bbox 1971 1685 2207 1758; x_wconf 89' lang='lat' dir='ltr'><strong>Habui</strong></span> <span class='ocrx_word' id='word_1_80' title='bbox 2238 1683 2667 1758; x_wconf 88' lang='lat' dir='ltr'><strong>occasionem</strong></span> <span class='ocrx_word' id='word_1_81' title='bbox 2700 1709 2868 1756; x_wconf 87' lang='lat' dir='ltr'><strong>moe-</strong></span> 
     </span>
     <span class='ocr_line' id='line_1_12' title="bbox 785 1800 2867 1902; baseline 0 -30"><span class='ocrx_word' id='word_1_82' title='bbox 785 1800 983 1876; x_wconf 85' lang='lat' dir='ltr'><strong>rendi</strong></span> <span class='ocrx_word' id='word_1_83' title='bbox 1013 1829 1027 1872; x_wconf 74' lang='grc' dir='ltr'>ε</span> <span class='ocrx_word' id='word_1_84' title='bbox 1064 1801 1186 1875; x_wconf 85' lang='lat' dir='ltr'><strong>diu</strong></span> <span class='ocrx_word' id='word_1_85' title='bbox 1225 1801 1589 1874; x_wconf 85' lang='lat' dir='ltr'><strong>insidiatus</strong></span> <span class='ocrx_word' id='word_1_86' title='bbox 1616 1828 1875 1875; x_wconf 86' lang='lat' dir='ltr'><strong>essem:</strong></span> <span class='ocrx_word' id='word_1_87' title='bbox 1907 1803 2103 1902; x_wconf 90' lang='lat' dir='ltr'><strong>potui</strong></span> <span class='ocrx_word' id='word_1_88' title='bbox 2132 1802 2258 1875; x_wconf 91' lang='lat' dir='ltr'><strong>tibi</strong></span> <span class='ocrx_word' id='word_1_89' title='bbox 2287 1827 2639 1888; x_wconf 84' lang='lat' dir='ltr'><strong>venenum</strong></span> <span class='ocrx_word' id='word_1_90' title='bbox 2672 1801 2867 1890; x_wconf 75' lang='lat' dir='ltr'><strong>dase,</strong></span> 
     </span>
     <span class='ocr_line' id='line_1_13' title="bbox 787 1917 1746 2018; baseline -0.001 -29"><span class='ocrx_word' id='word_1_91' title='bbox 787 1917 873 1989; x_wconf 87' lang='lat' dir='ltr'><strong>de</strong></span> <span class='ocrx_word' id='word_1_92' title='bbox 899 1945 1040 2017; x_wconf 92' lang='lat' dir='ltr'><strong>quo</strong></span> <span class='ocrx_word' id='word_1_93' title='bbox 1074 1917 1252 1990; x_wconf 84' lang='lat' dir='ltr'><strong>nihil</strong></span> <span class='ocrx_word' id='word_1_94' title='bbox 1283 1917 1746 2018; x_wconf 71' lang='lat' dir='ltr'><strong>suspicareris.</strong></span> 
     </span>
    </p>
   </div>
   <div class='ocr_carea' id='block_1_3' title="bbox 723 2123 1794 3469">
    <p class='ocr_par' dir='ltr' id='par_1_3' title="bbox 784 2123 1794 2277">
     <span class='ocr_line' id='line_1_14' title="bbox 862 2123 1794 2196; baseline 0.001 -19"><span class='ocrx_word' id='word_1_95' title='bbox 862 2143 905 2177; x_wconf 81' lang='grc' dir='ltr'><strong>ι.</strong></span> <span class='ocrx_word' id='word_1_96' title='bbox 936 2125 1041 2196; x_wconf 82' lang='lat' dir='ltr'><strong>Qm&#39;</strong></span> <span class='ocrx_word' id='word_1_97' title='bbox 1063 2123 1289 2178; x_wconf 68' lang='lat' dir='ltr'><strong>tandem.</strong></span> <span class='ocrx_word' id='word_1_98' title='bbox 1309 2124 1450 2196; x_wconf 70' lang='lat' dir='ltr'><strong>Quid</strong></span> <span class='ocrx_word' id='word_1_99' title='bbox 1471 2126 1682 2177; x_wconf 74' lang='lat' dir='ltr'><strong>tandem</strong></span> <span class='ocrx_word' id='word_1_100' title='bbox 1709 2124 1794 2178; x_wconf 79' lang='grc' dir='ltr'><strong>Ιιίο</strong></span> 
     </span>
     <span class='ocr_line' id='line_1_15' title="bbox 784 2201 1600 2277; baseline 0.001 -23"><span class='ocrx_word' id='word_1_101' title='bbox 784 2222 892 2277; x_wconf 69' lang='lat' dir='ltr'><strong>ary.</strong></span> <span class='ocrx_word' id='word_1_102' title='bbox 917 2221 961 2255; x_wconf 85' lang='lat' dir='ltr'><strong>e.</strong></span> <span class='ocrx_word' id='word_1_103' title='bbox 992 2204 1133 2274; x_wconf 71' lang='lat' dir='ltr'><strong>Quid</strong></span> <span class='ocrx_word' id='word_1_104' title='bbox 1153 2203 1395 2270; x_wconf 77' lang='lat' dir='ltr'><strong>tandem,</strong></span> <span class='ocrx_word' id='word_1_105' title='bbox 1421 2201 1600 2256; x_wconf 81' lang='lat' dir='ltr'><strong>AErod.</strong></span> 
     </span>
    </p>

    <p class='ocr_par' dir='ltr' id='par_1_4' title="bbox 723 2285 1793 3469">
     <span class='ocr_line' id='line_1_16' title="bbox 859 2285 1793 2359; baseline -0.002 -20"><span class='ocrx_word' id='word_1_106' title='bbox 859 2303 907 2339; x_wconf 78' lang='lat' dir='ltr'><strong>a.</strong></span> <span class='ocrx_word' id='word_1_107' title='bbox 933 2285 1279 2338; x_wconf 64' lang='lat' dir='ltr'><strong>Tantundem</strong></span> <span class='ocrx_word' id='word_1_108' title='bbox 1305 2285 1514 2352; x_wconf 76' lang='lat' dir='ltr'><strong>habere,</strong></span> <span class='ocrx_word' id='word_1_109' title='bbox 1537 2296 1793 2359; x_wconf 72' lang='lat' dir='ltr'><strong>quntum</strong></span> 
     </span>
     <span class='ocr_line' id='line_1_17' title="bbox 787 2362 1791 2417; baseline 0 -3"><span class='ocrx_word' id='word_1_110' title='bbox 787 2382 884 2416; x_wconf 84' lang='lat' dir='ltr'><strong>me.</strong></span> <span class='ocrx_word' id='word_1_111' title='bbox 919 2363 1235 2417; x_wconf 79' lang='lat' dir='ltr'><strong>Insolentior</strong></span> <span class='ocrx_word' id='word_1_112' title='bbox 1266 2365 1592 2417; x_wconf 79' lang='lat' dir='ltr'><strong>constructio</strong></span> <span class='ocrx_word' id='word_1_113' title='bbox 1626 2362 1791 2416; x_wconf 76' lang='lat' dir='ltr'><strong>videri</strong></span> 
     </span>
     <span class='ocr_line' id='line_1_18' title="bbox 723 2439 1789 2517; baseline -0.002 -23"><span class='ocrx_word' id='word_1_114' title='bbox 723 2499 728 2504; x_wconf 64' lang='grc'><strong>,</strong></span> <span class='ocrx_word' id='word_1_115' title='bbox 785 2456 991 2512; x_wconf 81' lang='lat' dir='ltr'><strong>potest,</strong></span> <span class='ocrx_word' id='word_1_116' title='bbox 1013 2462 1111 2514; x_wconf 82' lang='lat' dir='ltr'><strong>pro</strong></span> <span class='ocrx_word' id='word_1_117' title='bbox 1131 2452 1385 2516; x_wconf 77' lang='lat' dir='ltr'><strong>quantum</strong></span> <span class='ocrx_word' id='word_1_118' title='bbox 1409 2461 1503 2517; x_wconf 71' lang='lat' dir='ltr'><strong>eqo</strong></span> <span class='ocrx_word' id='word_1_119' title='bbox 1519 2465 1538 2504; x_wconf 83' lang='lat'><strong>‚-</strong></span> <span class='ocrx_word' id='word_1_120' title='bbox 1562 2439 1657 2494; x_wconf 82' lang='lat' dir='ltr'><strong>sed</strong></span> <span class='ocrx_word' id='word_1_121' title='bbox 1679 2440 1789 2492; x_wconf 78' lang='lat' dir='ltr'><strong>hoec</strong></span> 
     </span>
     <span class='ocr_line' id='line_1_19' title="bbox 784 2522 1790 2596; baseline -0.002 -20"><span class='ocrx_word' id='word_1_122' title='bbox 784 2536 839 2576; x_wconf 87' lang='lat' dir='ltr'><strong>et</strong></span> <span class='ocrx_word' id='word_1_123' title='bbox 878 2524 1069 2577; x_wconf 78' lang='lat' dir='ltr'><strong>similia</strong></span> <span class='ocrx_word' id='word_1_124' title='bbox 1109 2524 1278 2596; x_wconf 78' lang='lat' dir='ltr'><strong>ellipsi</strong></span> <span class='ocrx_word' id='word_1_125' title='bbox 1318 2522 1556 2594; x_wconf 80' lang='lat' dir='ltr'><strong>expediri</strong></span> <span class='ocrx_word' id='word_1_126' title='bbox 1591 2540 1751 2594; x_wconf 82' lang='lat' dir='ltr'><strong>posse</strong></span> <span class='ocrx_word' id='word_1_127' title='bbox 1771 2560 1790 2588; x_wconf 88' lang='lat'>‚</span> 
     </span>
     <span class='ocr_line' id='line_1_20' title="bbox 783 2598 1791 2675; baseline -0.001 -20"><span class='ocrx_word' id='word_1_128' title='bbox 783 2613 1039 2675; x_wconf 78' lang='lat' dir='ltr'><strong>quantum</strong></span> <span class='ocrx_word' id='word_1_129' title='bbox 1065 2621 1147 2653; x_wconf 82' lang='lat' dir='ltr'><strong>me</strong></span> <span class='ocrx_word' id='word_1_130' title='bbox 1175 2600 1360 2655; x_wconf 69' lang='lat' dir='ltr'><strong>habere</strong></span> <span class='ocrx_word' id='word_1_131' title='bbox 1381 2605 1484 2669; x_wconf 76' lang='lat' dir='ltr'><strong>ait,</strong></span> <span class='ocrx_word' id='word_1_132' title='bbox 1512 2598 1673 2653; x_wconf 83' lang='lat' dir='ltr'><strong>docet</strong></span> <span class='ocrx_word' id='word_1_133' title='bbox 1695 2603 1791 2654; x_wconf 83' lang='lat' dir='ltr'><strong>Pe-</strong></span> 
     </span>
     <span class='ocr_line' id='line_1_21' title="bbox 785 2677 1788 2746; baseline -0.005 -13"><span class='ocrx_word' id='word_1_134' title='bbox 785 2683 945 2733; x_wconf 77' lang='lat' dir='ltr'><strong>rizon.</strong></span> <span class='ocrx_word' id='word_1_135' title='bbox 984 2679 1052 2732; x_wconf 83' lang='lat' dir='ltr'><strong>ad</strong></span> <span class='ocrx_word' id='word_1_136' title='bbox 1089 2681 1286 2732; x_wconf 78' lang='lat' dir='ltr'><strong>sanctii</strong></span> <span class='ocrx_word' id='word_1_137' title='bbox 1322 2681 1545 2733; x_wconf 75' lang='lat' dir='ltr'><strong>Minci-v.</strong></span> <span class='ocrx_word' id='word_1_138' title='bbox 1581 2677 1674 2730; x_wconf 85' lang='lat' dir='ltr'><strong>lib.</strong></span> <span class='ocrx_word' id='word_1_139' title='bbox 1710 2679 1788 2746; x_wconf 79' lang='grc' dir='ltr'><strong>ΙΙ,</strong></span> 
     </span>
     <span class='ocr_line' id='line_1_22' title="bbox 782 2758 1785 2826; baseline -0.005 -11"><span class='ocrx_word' id='word_1_140' title='bbox 782 2783 831 2815; x_wconf 88' lang='lat' dir='ltr'><strong>c.</strong></span> <span class='ocrx_word' id='word_1_141' title='bbox 857 2778 919 2814; x_wconf 84' lang='grc' dir='ltr'><strong>ιο</strong></span> <span class='ocrx_word' id='word_1_142' title='bbox 937 2764 991 2814; x_wconf 77' lang='lat' dir='ltr'><strong>in</strong></span> <span class='ocrx_word' id='word_1_143' title='bbox 1010 2761 1143 2813; x_wconf 77' lang='lat' dir='ltr'><strong>fine:</strong></span> <span class='ocrx_word' id='word_1_144' title='bbox 1165 2762 1240 2813; x_wconf 75' lang='lat' dir='ltr'><strong>sic</strong></span> <span class='ocrx_word' id='word_1_145' title='bbox 1259 2762 1384 2812; x_wconf 71' lang='lat' dir='ltr'><strong>lust.</strong></span> <span class='ocrx_word' id='word_1_146' title='bbox 1404 2759 1552 2812; x_wconf 78' lang='lat' dir='ltr'><strong>Orat.</strong></span> <span class='ocrx_word' id='word_1_147' title='bbox 1576 2758 1668 2812; x_wconf 83' lang='lat' dir='ltr'><strong>lib.</strong></span> <span class='ocrx_word' id='word_1_148' title='bbox 1686 2759 1785 2826; x_wconf 78' lang='lat' dir='ltr'><strong>lx,</strong></span> 
     </span>
     <span class='ocr_line' id='line_1_23' title="bbox 783 2840 1785 2916; baseline -0.002 -20"><span class='ocrx_word' id='word_1_149' title='bbox 783 2862 901 2916; x_wconf 79' lang='lat' dir='ltr'><strong>cap.</strong></span> <span class='ocrx_word' id='word_1_150' title='bbox 938 2861 966 2895; x_wconf 73' lang='lat' dir='ltr'><strong>a</strong></span> <span class='ocrx_word' id='word_1_151' title='bbox 984 2879 1000 2908; x_wconf 90' lang='lat'><strong>‚</strong></span> <span class='ocrx_word' id='word_1_152' title='bbox 1035 2841 1079 2914; x_wconf 67' lang='grc' dir='ltr'><strong>ς.</strong></span> <span class='ocrx_word' id='word_1_153' title='bbox 1117 2842 1211 2897; x_wconf 76' lang='lat'><strong>25:</strong></span> <span class='ocrx_word' id='word_1_154' title='bbox 1242 2863 1265 2887; x_wconf 71' lang='grc' dir='ltr'><strong>α</strong></span> <span class='ocrx_word' id='word_1_155' title='bbox 1287 2843 1383 2894; x_wconf 87' lang='lat' dir='ltr'><strong>Dic</strong></span> <span class='ocrx_word' id='word_1_156' title='bbox 1411 2854 1462 2896; x_wconf 83' lang='lat' dir='ltr'><strong>te</strong></span> <span class='ocrx_word' id='word_1_157' title='bbox 1490 2840 1785 2911; x_wconf 74' lang='lat' dir='ltr'><strong>digniorem</strong></span> 
     </span>
     <span class='ocr_line' id='line_1_24' title="bbox 791 2919 1787 2993; baseline -0.001 -19"><span class='ocrx_word' id='word_1_158' title='bbox 791 2945 812 2967; x_wconf 70' lang='grc' dir='ltr'><em>α</em></span> <span class='ocrx_word' id='word_1_159' title='bbox 833 2940 993 2993; x_wconf 84' lang='lat' dir='ltr'><strong>quam</strong></span> <span class='ocrx_word' id='word_1_160' title='bbox 1028 2922 1312 2986; x_wconf 83' lang='lat' dir='ltr'><strong>Catonem,</strong></span> <span class='ocrx_word' id='word_1_161' title='bbox 1333 2944 1355 2967; x_wconf 81' lang='grc' dir='ltr'><strong>ιι</strong></span> <span class='ocrx_word' id='word_1_162' title='bbox 1399 2938 1462 2971; x_wconf 80' lang='lat' dir='ltr'><strong>cx</strong></span> <span class='ocrx_word' id='word_1_163' title='bbox 1497 2919 1678 2973; x_wconf 78' lang='lat' dir='ltr'><strong>Calvo.</strong></span> <span class='ocrx_word' id='word_1_164' title='bbox 1721 2923 1787 2973; x_wconf 83' lang='lat' dir='ltr'><strong>Et</strong></span> 
     </span>
     <span class='ocr_line' id='line_1_25' title="bbox 784 2996 1782 3072; baseline -0.002 -20"><span class='ocrx_word' id='word_1_165' title='bbox 784 2999 928 3072; x_wconf 82' lang='lat' dir='ltr'><strong>apud</strong></span> <span class='ocrx_word' id='word_1_166' title='bbox 957 2999 1121 3051; x_wconf 75' lang='lat' dir='ltr'><strong>Cicer.</strong></span> <span class='ocrx_word' id='word_1_167' title='bbox 1153 2996 1220 3050; x_wconf 78' lang='lat' dir='ltr'><strong>de</strong></span> <span class='ocrx_word' id='word_1_168' title='bbox 1248 2997 1368 3050; x_wconf 74' lang='lat' dir='ltr'><strong>Nat.</strong></span> <span class='ocrx_word' id='word_1_169' title='bbox 1405 3000 1563 3051; x_wconf 77' lang='lat' dir='ltr'><strong>Deor.</strong></span> <span class='ocrx_word' id='word_1_170' title='bbox 1594 2999 1651 3064; x_wconf 85' lang='lat'><strong>1,</strong></span> <span class='ocrx_word' id='word_1_171' title='bbox 1682 3013 1748 3068; x_wconf 75' lang='lat'><strong>29</strong></span> <span class='ocrx_word' id='word_1_172' title='bbox 1768 3021 1782 3050; x_wconf 72' lang='lat' dir='ltr'>x</span> 
     </span>
     <span class='ocr_line' id='line_1_26' title="bbox 790 3075 1787 3149; baseline -0.001 -19"><span class='ocrx_word' id='word_1_173' title='bbox 790 3102 812 3124; x_wconf 68' lang='lat' dir='ltr'><em>a</em></span> <span class='ocrx_word' id='word_1_174' title='bbox 833 3080 1023 3130; x_wconf 83' lang='lat' dir='ltr'><strong>Nonne</strong></span> <span class='ocrx_word' id='word_1_175' title='bbox 1067 3077 1236 3129; x_wconf 82' lang='lat' dir='ltr'><strong>Deum</strong></span> <span class='ocrx_word' id='word_1_176' title='bbox 1281 3075 1446 3128; x_wconf 73' lang='lat' dir='ltr'><strong>videri</strong></span> <span class='ocrx_word' id='word_1_177' title='bbox 1486 3078 1739 3149; x_wconf 67' lang='lat' dir='ltr'><strong>AE&#39;gyptiis</strong></span> <span class='ocrx_word' id='word_1_178' title='bbox 1764 3079 1787 3129; x_wconf 75' lang='lat'>?</span> 
     </span>
     <span class='ocr_line' id='line_1_27' title="bbox 787 3154 1785 3227; baseline -0.001 -18"><span class='ocrx_word' id='word_1_179' title='bbox 787 3180 811 3202; x_wconf 70' lang='grc' dir='ltr'>ι</span> <span class='ocrx_word' id='word_1_180' title='bbox 836 3172 940 3209; x_wconf 79' lang='lat' dir='ltr'><strong>tam</strong></span> <span class='ocrx_word' id='word_1_181' title='bbox 964 3155 1168 3221; x_wconf 79' lang='lat' dir='ltr'><strong>hercle,</strong></span> <span class='ocrx_word' id='word_1_182' title='bbox 1191 3173 1348 3227; x_wconf 82' lang='lat' dir='ltr'><strong>quam</strong></span> <span class='ocrx_word' id='word_1_183' title='bbox 1375 3154 1470 3208; x_wconf 88' lang='lat' dir='ltr'><strong>tibi</strong></span> <span class='ocrx_word' id='word_1_184' title='bbox 1493 3155 1636 3208; x_wconf 84' lang='lat' dir='ltr'><strong>illam</strong></span> <span class='ocrx_word' id='word_1_185' title='bbox 1663 3175 1785 3208; x_wconf 86' lang='lat' dir='ltr'><strong>nos·</strong></span> 
     </span>
     <span class='ocr_line' id='line_1_28' title="bbox 788 3237 1785 3310; baseline -0.001 -20"><span class='ocrx_word' id='word_1_186' title='bbox 788 3261 812 3282; x_wconf 71' lang='lat'>⁸</span> <span class='ocrx_word' id='word_1_187' title='bbox 833 3252 965 3290; x_wconf 81' lang='lat' dir='ltr'><strong>tram</strong></span> <span class='ocrx_word' id='word_1_188' title='bbox 986 3237 1263 3309; x_wconf 80' lang='lat' dir='ltr'><strong>Sospitam.</strong></span> <span class='ocrx_word' id='word_1_189' title='bbox 1286 3261 1309 3284; x_wconf 78' lang='grc' dir='ltr'><strong>ι·</strong></span> <span class='ocrx_word' id='word_1_190' title='bbox 1333 3239 1397 3289; x_wconf 77' lang='lat' dir='ltr'><strong>Et</strong></span> <span class='ocrx_word' id='word_1_191' title='bbox 1416 3255 1533 3310; x_wconf 79' lang='lat' dir='ltr'><strong>cap.</strong></span> <span class='ocrx_word' id='word_1_192' title='bbox 1557 3237 1618 3290; x_wconf 83' lang='grc'><strong>31</strong></span> <span class='ocrx_word' id='word_1_193' title='bbox 1642 3259 1653 3288; x_wconf 84' lang='lat'><em>=</em></span> <span class='ocrx_word' id='word_1_194' title='bbox 1681 3260 1703 3283; x_wconf 72' lang='grc' dir='ltr'><strong><em>α</em></strong></span> <span class='ocrx_word' id='word_1_195' title='bbox 1719 3240 1785 3291; x_wconf 85' lang='lat' dir='ltr'><strong>Et</strong></span> 
     </span>
     <span class='ocr_line' id='line_1_29' title="bbox 790 3318 1786 3391; baseline -0.001 -19"><span class='ocrx_word' id='word_1_196' title='bbox 790 3342 813 3364; x_wconf 72' lang='grc' dir='ltr'><strong>κ</strong></span> <span class='ocrx_word' id='word_1_197' title='bbox 832 3318 1195 3376; x_wconf 73' lang='lat' dir='ltr'><strong>Metrodorum</strong></span> <span class='ocrx_word' id='word_1_198' title='bbox 1215 3334 1322 3372; x_wconf 76' lang='lat' dir='ltr'><strong>tam</strong></span> <span class='ocrx_word' id='word_1_199' title='bbox 1345 3332 1527 3391; x_wconf 74' lang='lat' dir='ltr'><strong>aperte</strong></span> <span class='ocrx_word' id='word_1_200' title='bbox 1546 3319 1786 3372; x_wconf 80' lang='lat' dir='ltr'><strong>locutum</strong></span> 
     </span>
     <span class='ocr_line' id='line_1_30' title="bbox 790 3396 1785 3469; baseline 0.001 -21"><span class='ocrx_word' id='word_1_201' title='bbox 790 3419 814 3441; x_wconf 75' lang='grc' dir='ltr'><strong>ει</strong></span> <span class='ocrx_word' id='word_1_202' title='bbox 835 3415 978 3462; x_wconf 83' lang='lat' dir='ltr'><strong>esse,</strong></span> <span class='ocrx_word' id='word_1_203' title='bbox 1011 3417 1170 3469; x_wconf 82' lang='lat' dir='ltr'><strong>quam</strong></span> <span class='ocrx_word' id='word_1_204' title='bbox 1201 3396 1384 3469; x_wconf 78' lang='lat' dir='ltr'><strong>paullo</strong></span> <span class='ocrx_word' id='word_1_205' title='bbox 1418 3411 1538 3450; x_wconf 84' lang='lat' dir='ltr'><strong>ante</strong></span> <span class='ocrx_word' id='word_1_206' title='bbox 1571 3410 1641 3450; x_wconf 87' lang='lat' dir='ltr'><strong>te.</strong></span> <span class='ocrx_word' id='word_1_207' title='bbox 1664 3421 1685 3445; x_wconf 88' lang='grc' dir='ltr'><strong>ιι</strong></span> <span class='ocrx_word' id='word_1_208' title='bbox 1720 3398 1785 3449; x_wconf 84' lang='lat' dir='ltr'><strong>Et</strong></span> 
     </span>
    </p>
   </div>
   <div class='ocr_carea' id='block_1_4' title="bbox 1864 2123 2872 3456">
    <p class='ocr_par' dir='ltr' id='par_1_5' title="bbox 1864 2123 2872 3456">
     <span class='ocr_line' id='line_1_31' title="bbox 1871 2123 2867 2196; baseline -0.003 -21"><span class='ocrx_word' id='word_1_209' title='bbox 1871 2123 1961 2176; x_wconf 90' lang='lat' dir='ltr'><strong>lib.</strong></span> <span class='ocrx_word' id='word_1_210' title='bbox 2007 2127 2085 2190; x_wconf 89' lang='lat'><strong>11,</strong></span> <span class='ocrx_word' id='word_1_211' title='bbox 2124 2142 2241 2196; x_wconf 83' lang='lat' dir='ltr'><strong>cap.</strong></span> <span class='ocrx_word' id='word_1_212' title='bbox 2281 2125 2353 2177; x_wconf 84' lang='lat'><strong>30</strong></span> <span class='ocrx_word' id='word_1_213' title='bbox 2374 2146 2386 2175; x_wconf 89' lang='lat'>:</span> <span class='ocrx_word' id='word_1_214' title='bbox 2433 2146 2454 2168; x_wconf 81' lang='grc' dir='ltr'><strong>ιι</strong></span> <span class='ocrx_word' id='word_1_215' title='bbox 2476 2124 2541 2174; x_wconf 84' lang='lat' dir='ltr'><strong>Et</strong></span> <span class='ocrx_word' id='word_1_216' title='bbox 2582 2126 2782 2193; x_wconf 83' lang='lat' dir='ltr'><strong>majore</strong></span> <span class='ocrx_word' id='word_1_217' title='bbox 2820 2123 2867 2173; x_wconf 81' lang='lat' dir='ltr'><strong>vi</strong></span> 
     </span>
     <span class='ocr_line' id='line_1_32' title="bbox 1877 2199 2872 2275; baseline -0.004 -20"><span class='ocrx_word' id='word_1_218' title='bbox 1877 2225 1900 2249; x_wconf 72' lang='grc' dir='ltr'>ι</span> <span class='ocrx_word' id='word_1_219' title='bbox 1920 2202 2223 2275; x_wconf 55' lang='lat' dir='ltr'><strong>puditum,</strong></span> <span class='ocrx_word' id='word_1_220' title='bbox 2249 2222 2409 2275; x_wconf 76' lang='lat' dir='ltr'><strong>quam</strong></span> <span class='ocrx_word' id='word_1_221' title='bbox 2430 2202 2588 2253; x_wconf 80' lang='lat' dir='ltr'><strong>Deos.</strong></span> <span class='ocrx_word' id='word_1_222' title='bbox 2610 2225 2633 2248; x_wconf 87' lang='grc' dir='ltr'><strong>ιι</strong></span> <span class='ocrx_word' id='word_1_223' title='bbox 2661 2199 2767 2251; x_wconf 87' lang='lat' dir='ltr'><strong>Ubi</strong></span> <span class='ocrx_word' id='word_1_224' title='bbox 2784 2201 2872 2251; x_wconf 83' lang='lat' dir='ltr'><strong>mi·</strong></span> 
     </span>
     <span class='ocr_line' id='line_1_33' title="bbox 1870 2279 2869 2336; baseline -0.005 -2"><span class='ocrx_word' id='word_1_225' title='bbox 1870 2284 2011 2335; x_wconf 86' lang='lat' dir='ltr'><strong>nime</strong></span> <span class='ocrx_word' id='word_1_226' title='bbox 2025 2281 2432 2336; x_wconf 75' lang='lat' dir='ltr'><strong>auscultandum</strong></span> <span class='ocrx_word' id='word_1_227' title='bbox 2445 2279 2535 2332; x_wconf 83' lang='lat' dir='ltr'><strong>illa</strong></span> <span class='ocrx_word' id='word_1_228' title='bbox 2550 2279 2869 2331; x_wconf 86' lang='lat' dir='ltr'><strong>mutantibus</strong></span> 
     </span>
     <span class='ocr_line' id='line_1_34' title="bbox 1871 2357 2869 2428; baseline -0.004 -14"><span class='ocrx_word' id='word_1_229' title='bbox 1871 2376 2055 2415; x_wconf 84' lang='lat' dir='ltr'><strong>contra</strong></span> <span class='ocrx_word' id='word_1_230' title='bbox 2088 2361 2331 2428; x_wconf 82' lang='lat' dir='ltr'><strong>codices,</strong></span> <span class='ocrx_word' id='word_1_231' title='bbox 2365 2376 2417 2414; x_wconf 81' lang='lat' dir='ltr'><strong>et</strong></span> <span class='ocrx_word' id='word_1_232' title='bbox 2450 2359 2731 2413; x_wconf 78' lang='lat' dir='ltr'><strong>soloecismi</strong></span> <span class='ocrx_word' id='word_1_233' title='bbox 2764 2357 2869 2410; x_wconf 76' lang='lat' dir='ltr'><strong>haec</strong></span> 
     </span>
     <span class='ocr_line' id='line_1_35' title="bbox 1870 2437 2868 2513; baseline -0.005 -20"><span class='ocrx_word' id='word_1_234' title='bbox 1870 2440 2230 2513; x_wconf 68' lang='lat' dir='ltr'><strong>arguentibus.</strong></span> <span class='ocrx_word' id='word_1_235' title='bbox 2266 2439 2397 2494; x_wconf 72' lang='lat' dir='ltr'><strong>Ces.</strong></span> <span class='ocrx_word' id='word_1_236' title='bbox 2432 2438 2498 2490; x_wconf 83' lang='lat' dir='ltr'><strong>de</strong></span> <span class='ocrx_word' id='word_1_237' title='bbox 2531 2438 2635 2491; x_wconf 86' lang='lat' dir='ltr'><strong>Bel.</strong></span> <span class='ocrx_word' id='word_1_238' title='bbox 2670 2437 2788 2489; x_wconf 78' lang='lat' dir='ltr'><strong>Gal.</strong></span> <span class='ocrx_word' id='word_1_239' title='bbox 2816 2439 2868 2502; x_wconf 87' lang='lat'><strong>1,</strong></span> 
     </span>
     <span class='ocr_line' id='line_1_36' title="bbox 1869 2522 2871 2594; baseline -0.004 -20"><span class='ocrx_word' id='word_1_240' title='bbox 1869 2523 1938 2591; x_wconf 75' lang='grc'><strong>44</strong></span> <span class='ocrx_word' id='word_1_241' title='bbox 1961 2543 1972 2574; x_wconf 83' lang='lat'>=</span> <span class='ocrx_word' id='word_1_242' title='bbox 2011 2543 2033 2570; x_wconf 77' lang='grc' dir='ltr'><strong>ιι</strong></span> <span class='ocrx_word' id='word_1_243' title='bbox 2053 2522 2118 2575; x_wconf 84' lang='lat' dir='ltr'><strong>Se</strong></span> <span class='ocrx_word' id='word_1_244' title='bbox 2140 2524 2289 2594; x_wconf 76' lang='lat' dir='ltr'><strong>prius</strong></span> <span class='ocrx_word' id='word_1_245' title='bbox 2318 2523 2551 2586; x_wconf 80' lang='lat' dir='ltr'><strong>venisse,</strong></span> <span class='ocrx_word' id='word_1_246' title='bbox 2580 2538 2739 2591; x_wconf 76' lang='lat' dir='ltr'><strong>quam</strong></span> <span class='ocrx_word' id='word_1_247' title='bbox 2766 2538 2871 2591; x_wconf 85' lang='lat' dir='ltr'><strong>po-</strong></span> 
     </span>
     <span class='ocr_line' id='line_1_37' title="bbox 1874 2600 2866 2675; baseline -0.006 -16"><span class='ocrx_word' id='word_1_248' title='bbox 1874 2627 1896 2651; x_wconf 79' lang='lat'><em>·</em></span> <span class='ocrx_word' id='word_1_249' title='bbox 1916 2604 2100 2675; x_wconf 85' lang='lat' dir='ltr'><strong>pulum</strong></span> <span class='ocrx_word' id='word_1_250' title='bbox 2117 2623 2441 2657; x_wconf 77' lang='lat' dir='ltr'><strong>romanum.·</strong></span> <span class='ocrx_word' id='word_1_251' title='bbox 2464 2600 2642 2652; x_wconf 77' lang='lat' dir='ltr'><strong>venei.</strong></span> <span class='ocrx_word' id='word_1_252' title='bbox 2663 2602 2866 2653; x_wconf 80' lang='lat' dir='ltr'><strong>Patere.</strong></span> 
     </span>
     <span class='ocr_line' id='line_1_38' title="bbox 1869 2681 2867 2753; baseline -0.003 -17"><span class='ocrx_word' id='word_1_253' title='bbox 1869 2685 1917 2736; x_wconf 84' lang='grc' dir='ltr'><strong>ΙΙ</strong></span> <span class='ocrx_word' id='word_1_254' title='bbox 1931 2722 1947 2749; x_wconf 89' lang='grc'><strong>.,</strong></span> <span class='ocrx_word' id='word_1_255' title='bbox 1977 2685 2073 2753; x_wconf 89' lang='lat'><strong>37:</strong></span> <span class='ocrx_word' id='word_1_256' title='bbox 2107 2707 2130 2733; x_wconf 70' lang='lat' dir='ltr'>e</span> <span class='ocrx_word' id='word_1_257' title='bbox 2152 2686 2400 2737; x_wconf 76' lang='lat' dir='ltr'><strong>Praefatm</strong></span> <span class='ocrx_word' id='word_1_258' title='bbox 2428 2684 2686 2733; x_wconf 86' lang='lat' dir='ltr'><strong>neminem</strong></span> <span class='ocrx_word' id='word_1_259' title='bbox 2716 2681 2867 2733; x_wconf 73' lang='lat' dir='ltr'><strong>futu-</strong></span> 
     </span>
     <span class='ocr_line' id='line_1_39' title="bbox 1871 2759 2867 2832; baseline -0.004 -18"><span class='ocrx_word' id='word_1_260' title='bbox 1871 2783 1894 2808; x_wconf 77' lang='lat'><strong>·</strong></span> <span class='ocrx_word' id='word_1_261' title='bbox 1915 2781 2032 2814; x_wconf 82' lang='lat' dir='ltr'><strong>rum</strong></span> <span class='ocrx_word' id='word_1_262' title='bbox 2046 2763 2394 2832; x_wconf 73' lang='lat' dir='ltr'><strong>fuisse,cujus</strong></span> <span class='ocrx_word' id='word_1_263' title='bbox 2407 2779 2461 2812; x_wconf 82' lang='lat' dir='ltr'><strong>se</strong></span> <span class='ocrx_word' id='word_1_264' title='bbox 2474 2759 2709 2810; x_wconf 85' lang='lat' dir='ltr'><strong>societati</strong></span> <span class='ocrx_word' id='word_1_265' title='bbox 2722 2775 2867 2810; x_wconf 83' lang='lat' dir='ltr'><strong>com·</strong></span> 
     </span>
     <span class='ocr_line' id='line_1_40' title="bbox 1872 2840 2865 2914; baseline -0.005 -19"><span class='ocrx_word' id='word_1_266' title='bbox 1872 2865 1895 2889; x_wconf 72' lang='grc' dir='ltr'>ι</span> <span class='ocrx_word' id='word_1_267' title='bbox 1914 2845 2170 2897; x_wconf 80' lang='lat' dir='ltr'><strong>missurus</strong></span> <span class='ocrx_word' id='word_1_268' title='bbox 2203 2845 2375 2908; x_wconf 81' lang='lat' dir='ltr'><strong>foret,</strong></span> <span class='ocrx_word' id='word_1_269' title='bbox 2400 2859 2553 2914; x_wconf 83' lang='lat' dir='ltr'><strong>quam</strong></span> <span class='ocrx_word' id='word_1_270' title='bbox 2578 2840 2675 2892; x_wconf 89' lang='lat' dir='ltr'><strong>Cn.</strong></span> <span class='ocrx_word' id='word_1_271' title='bbox 2704 2841 2865 2892; x_wconf 86' lang='lat' dir='ltr'><strong>Pom-</strong></span> 
     </span>
     <span class='ocr_line' id='line_1_41' title="bbox 1872 2919 2868 2997; baseline -0.005 -20"><span class='ocrx_word' id='word_1_272' title='bbox 1872 2947 1894 2970; x_wconf 75' lang='grc' dir='ltr'><strong>α</strong></span> <span class='ocrx_word' id='word_1_273' title='bbox 1914 2926 2120 2997; x_wconf 70' lang='lat' dir='ltr'><strong>peina),</strong></span> <span class='ocrx_word' id='word_1_274' title='bbox 2136 2949 2158 2972; x_wconf 76' lang='grc' dir='ltr'><strong>ιι</strong></span> <span class='ocrx_word' id='word_1_275' title='bbox 2182 2944 2282 2997; x_wconf 78' lang='lat' dir='ltr'><strong>pro</strong></span> <span class='ocrx_word' id='word_1_276' title='bbox 2308 2919 2787 2994; x_wconf 80' lang='lat' dir='ltr'><strong>Cn.Pompeii.Vid.</strong></span> <span class='ocrx_word' id='word_1_277' title='bbox 2812 2933 2868 2974; x_wconf 85' lang='lat' dir='ltr'><strong>et</strong></span> 
     </span>
     <span class='ocr_line' id='line_1_42' title="bbox 1864 2998 2865 3073; baseline -0.005 -18"><span class='ocrx_word' id='word_1_278' title='bbox 1864 3001 2038 3055; x_wconf 83' lang='lat' dir='ltr'><strong>Gifan.</strong></span> <span class='ocrx_word' id='word_1_279' title='bbox 2077 3002 2191 3055; x_wconf 79' lang='lat' dir='ltr'><strong>lud.</strong></span> <span class='ocrx_word' id='word_1_280' title='bbox 2230 3003 2358 3054; x_wconf 86' lang='lat' dir='ltr'><strong>Luc.</strong></span> <span class='ocrx_word' id='word_1_281' title='bbox 2397 3003 2451 3052; x_wconf 88' lang='lat' dir='ltr'><strong>in</strong></span> <span class='ocrx_word' id='word_1_282' title='bbox 2486 2998 2865 3073; x_wconf 70' lang='lat' dir='ltr'><strong>comparativis.</strong></span> 
     </span>
     <span class='ocr_line' id='line_1_43' title="bbox 1865 3078 2867 3142; baseline -0.004 -9"><span class='ocrx_word' id='word_1_283' title='bbox 1865 3083 2114 3133; x_wconf 74' lang='lat' dir='ltr'><strong>Bonu.-</strong></span> <span class='ocrx_word' id='word_1_284' title='bbox 2128 3080 2458 3133; x_wconf 76' lang='lat' dir='ltr'><strong>Occasionem</strong></span> <span class='ocrx_word' id='word_1_285' title='bbox 2476 3078 2737 3131; x_wconf 77' lang='lat' dir='ltr'><strong>moerendi.</strong></span> <span class='ocrx_word' id='word_1_286' title='bbox 2756 3080 2867 3142; x_wconf 80' lang='lat' dir='ltr'><strong>An,</strong></span> 
     </span>
     <span class='ocr_line' id='line_1_44' title="bbox 1864 3160 2868 3227; baseline -0.004 -14"><span class='ocrx_word' id='word_1_287' title='bbox 1864 3161 2186 3214; x_wconf 75' lang='lat' dir='ltr'><strong>mentiendi?</strong></span> <span class='ocrx_word' id='word_1_288' title='bbox 2203 3180 2270 3212; x_wconf 86' lang='lat' dir='ltr'><strong>an</strong></span> <span class='ocrx_word' id='word_1_289' title='bbox 2283 3199 2300 3227; x_wconf 85' lang='lat'>,</span> <span class='ocrx_word' id='word_1_290' title='bbox 2320 3171 2537 3212; x_wconf 82' lang='lat' dir='ltr'><strong>mortem</strong></span> <span class='ocrx_word' id='word_1_291' title='bbox 2556 3160 2752 3211; x_wconf 78' lang='lat' dir='ltr'><strong>dandi?</strong></span> <span class='ocrx_word' id='word_1_292' title='bbox 2772 3177 2835 3210; x_wconf 86' lang='lat' dir='ltr'><strong>an</strong></span> <span class='ocrx_word' id='word_1_293' title='bbox 2849 3196 2868 3223; x_wconf 85' lang='lat'>‚</span> 
     </span>
     <span class='ocr_line' id='line_1_45' title="bbox 1864 3240 2864 3314; baseline -0.001 -21"><span class='ocrx_word' id='word_1_294' title='bbox 1864 3240 2226 3314; x_wconf 69' lang='lat' dir='ltr'><strong>opprimendi?</strong></span> <span class='ocrx_word' id='word_1_295' title='bbox 2257 3259 2349 3306; x_wconf 85' lang='lat' dir='ltr'><strong>an,</strong></span> <span class='ocrx_word' id='word_1_296' title='bbox 2385 3259 2489 3292; x_wconf 80' lang='lat' dir='ltr'><strong>non</strong></span> <span class='ocrx_word' id='word_1_297' title='bbox 2526 3240 2684 3292; x_wconf 76' lang='lat' dir='ltr'><strong>habui</strong></span> <span class='ocrx_word' id='word_1_298' title='bbox 2714 3258 2864 3292; x_wconf 85' lang='lat' dir='ltr'><strong>occa-</strong></span> 
     </span>
     <span class='ocr_line' id='line_1_46' title="bbox 1864 3321 2863 3377; baseline -0.005 -1"><span class='ocrx_word' id='word_1_299' title='bbox 1864 3324 2057 3376; x_wconf 77' lang='lat' dir='ltr'><strong>sionem</strong></span> <span class='ocrx_word' id='word_1_300' title='bbox 2099 3321 2400 3374; x_wconf 69' lang='lat' dir='ltr'><strong>meuoendt‘?</strong></span> <span class='ocrx_word' id='word_1_301' title='bbox 2435 3321 2654 3377; x_wconf 69' lang='lat' dir='ltr'><strong>Senum.</strong></span> <span class='ocrx_word' id='word_1_302' title='bbox 2677 3351 2750 3365; x_wconf 91' lang='lat'>—</span> <span class='ocrx_word' id='word_1_303' title='bbox 2772 3323 2863 3373; x_wconf 77' lang='lat' dir='ltr'><strong>Me</strong></span> 
     </span>
     <span class='ocr_line' id='line_1_47' title="bbox 1866 3402 2472 3456; baseline -0.003 0"><span class='ocrx_word' id='word_1_304' title='bbox 1866 3404 2187 3456; x_wconf 75' lang='lat' dir='ltr'><strong>vindicandi.</strong></span> <span class='ocrx_word' id='word_1_305' title='bbox 2208 3402 2472 3454; x_wconf 80' lang='lat' dir='ltr'><strong>AErodius.</strong></span> 
     </span>
    </p>
   </div>
  </div>
 </body>
</html>
