3200 5117
789 573 920 662 394
1299 571 1396 635 M.
1443 571 1694 635 FABII
1740 572 2379 654 QUINTILIANI

791 715 1055 787 essent,
1089 694 1361 793 indigni
1388 715 1619 766 tamen
1652 717 1926 795 propter
1951 696 2249 769 dedecus
2275 698 2601 797 proximae
2626 699 2892 774 militiae

791 832 1005 883 erant.
1048 814 1149 882 Ac
1188 810 1358 882 mihi
1399 812 1473 881 in
1518 810 1664 883 haec
1708 812 2083 885 dividenda
2122 812 2400 886 videtur
2441 815 2611 887 ratio
2637 830 2654 861 ¹
2694 816 2892 890 istius

789 926 1157 1015 oration'iS,
1195 947 1271 997 ut
1305 951 1462 1024 pars
1490 926 1577 998 ad
1614 927 1832 1026 ipsoS,
1868 928 1955 999 de
1990 927 2246 1024 quibus
2279 928 2556 1027 loquor,
2591 953 2888 1029 spectet,

788 1067 945 1141 pars
988 1041 1076 1114 ad
1127 1041 1520 1113 universam
1568 1042 2103 1143 rempublicam.
2152 1044 2493 1117 Adversus
2541 1047 2703 1120 istos
2755 1048 2889 1121 hoc

789 1157 1036 1230 dixisse
1088 1177 1456 1229 contentus
1512 1181 1672 1229 sum
1700 1187 1717 1246 ;
1773 1158 2048 1229 Bellum
2103 1158 2426 1232 adversus
2480 1160 2888 1261 Philippum

783 1270 1215 1371 suscepimus
1241 1298 1366 1370 pro
1394 1271 1707 1343 libertate
1734 1272 1938 1343 totius
1968 1272 2284 1361 Graeciae,
2313 1301 2436 1372 pro
2459 1273 2676 1345 salute
2697 1302 2891 1347 com-

783 1389 1033 1460 muni:
1087 1413 1254 1459 nam
1306 1388 1574 1461 etiamsi
1624 1388 1695 1459 in
1745 1389 2107 1487 praesentia
2150 1389 2451 1463 amicam
2493 1391 2887 1481 civitatem,

782 1501 1158 1574 nobiscum
1190 1500 1363 1573 olim
1398 1501 1850 1601 conjunctam
1870 1561 1888 1594 ,
1918 1504 2096 1575 tueri
2121 1504 2564 1595 videbamur,
2600 1530 2888 1581 eventus

784 1636 1024 1688 tamen
1058 1615 1222 1688 belli
1256 1616 1345 1688 ad
1378 1643 1626 1690 omnes
1660 1618 2087 1716 pertinebat3
2125 1639 2191 1690 et
2224 1618 2355 1691 hoc
2393 1620 2630 1712 nobis,
2665 1622 2887 1694 Athe-

785 1731 1090 1822 nienses,
1117 1752 1310 1804 vetus
1339 1752 1546 1830 atque
1571 1761 1615 1804 a
1642 1731 2028 1833 majoribus
2056 1723 2391 1806 traditum
2422 1754 2550 1826 est,
2577 1762 2703 1835 pro
2733 1738 2886 1809 uni-

782 1872 977 1918 versa
1010 1845 1276 1918 Graecia
1309 1867 1526 1919 stare:
1568 1846 1663 1918 sic
1702 1869 1942 1919 contra
1972 1851 2209 1920 Persas
2242 1850 2458 1921 semel
2489 1850 2883 1951 iterumque

783 1962 1284 2061 pugnavimus,
1320 1988 1398 2033 ac
1436 1961 1714 2060 privatis
1742 1961 2005 2033 viribus
2042 1962 2490 2036 defendimus
2530 1965 2885 2064 publicam

781 2077 1107 2151 salutem.
1164 2079 1326 2149 Jam
1387 2076 1595 2176 igitur
1647 2105 1728 2149 ex
1775 2077 1907 2149 hoc
1961 2101 2245 2177 apparet
2299 2082 2603 2179 profecto
2647 2083 2840 2156 vobis
2862 2142 2882 2175 ,

782 2220 1154 2294 nunquam
1182 2193 1452 2294 majore
1475 2193 1748 2283 animo,
1774 2218 2141 2293 nunquam
2166 2196 2610 2268 concitatiore
2634 2198 2884 2297 spiritu

782 2309 994 2381 fuisse
1027 2307 1530 2408 pugnandum:
1558 2333 1706 2380 non
1735 2307 1928 2380 enim
1957 2308 2160 2381 nobis
2190 2336 2352 2381 cum
2383 2309 2575 2383 hoste
2600 2314 2882 2386 Graeciae

781 2424 1021 2523 aliquo
1057 2453 1160 2497 res
1195 2445 1375 2514 erat,
1411 2424 1567 2516 ubi,
1604 2450 2039 2523 quamquam
2066 2424 2225 2496 victi
2246 2481 2265 2515 ,
2304 2425 2489 2524 leges
2522 2447 2755 2501 tamen
2790 2430 2882 2501 si·

779 2539 1016 2629 mileS,
1054 2539 1515 2638 linguamque
1549 2559 1725 2611 certe
1755 2537 2077 2610 eamdem
2111 2559 2535 2638 pateremur-3
2565 2541 2681 2612 sed
2708 2568 2879 2614 cum

780 2656 1071 2728 homine
1114 2656 1448 2744 barbaro,
1484 2681 1650 2726 cum
1698 2653 1987 2726 homine
2030 2653 2335 2745 crudeli,
2380 2681 2536 2726 cum
2581 2655 2871 2727 homine

782 2770 1054 2842 infesto.
1079 2772 1535 2869 Quamquam
1560 2769 1731 2867 quid
1756 2796 2030 2843 necesse
2058 2791 2155 2843 est
2179 2770 2303 2842 ista
2327 2769 2578 2842 diutius
2599 2769 2871 2842 dicere?

780 2913 1094 2986 pugnare
1133 2886 1324 2958 enim
1367 2886 1633 2984 placuit
1673 2905 1740 2958 et
1772 2886 2015 2985 placet.
2061 2890 2141 2957 In
2180 2885 2316 2958 hoc
2356 2886 2562 2984 igitur
2591 2884 2830 2985 praelio
2854 2944 2874 2976 ,

781 3004 1015 3103 quod,
1070 3023 1148 3074 ut
1197 3002 1382 3094 dixi,
1435 3029 1560 3103 pro
1612 3003 1934 3075 universa
1985 3003 2251 3075 Graecia
2310 3028 2875 3102 susceperamus,

780 3118 1102 3193 nondum
1124 3119 1302 3210 dico,
1319 3139 1666 3218 quantum
1693 3117 2011 3190 nocuerit
2028 3119 2317 3191 istorum
2343 3120 2574 3209 timor3
2599 3119 2875 3191 interim

782 3236 980 3336 cujus
1019 3235 1346 3337 propositi
1378 3235 1588 3308 fuerit
1617 3235 1932 3324 animus,
1969 3234 2320 3308 attendite.
2352 3238 2597 3334 Longe
2626 3233 2879 3307 felicis-

781 3347 1039 3421 simum
1094 3349 1167 3421 in
1218 3347 1419 3424 bellis
1466 3372 1565 3423 est
1604 3350 1918 3422 vincere:
1964 3349 2463 3440 fortissimum,
2504 3350 2562 3422 si
2595 3349 2877 3422 victoria

780 3489 924 3535 non
960 3466 1197 3557 detur,
1232 3493 1358 3567 pro
1392 3495 1596 3541 causa
1626 3467 1839 3542 mori:
1872 3488 1970 3540 est
2005 3486 2238 3539 tamen
2276 3467 2559 3540 tertium
2591 3466 2871 3565 aliquod

779 3580 957 3652 inter
1000 3581 1374 3674 dedecora;
1414 3584 1487 3658 in
1533 3583 1823 3683 patriam
1871 3603 2050 3654 certe
2092 3581 2352 3671 redire,
2399 3601 2469 3653 et
2510 3581 2565 3654 si
2601 3581 2872 3654 vincere

775 3721 922 3767 non
958 3695 1179 3786 detur,
1215 3699 1559 3796 effugere:
1598 3718 1821 3797 potest
1853 3696 2043 3769 enim
2078 3696 2301 3785 credi,
2342 3695 2463 3795 qui
2504 3695 2637 3767 hoc
2664 3696 2870 3787 fecit,

778 3811 867 3883 ad
897 3810 1277 3885 secundam
1312 3840 1382 3886 se
1412 3813 1632 3886 aciem
1657 3835 1951 3886 servasse
1970 3869 1990 3902 ,
2022 3830 2093 3884 et
2117 3811 2381 3885 victum
2406 3810 2704 3884 adversis
2730 3810 2876 3881 ani-

855 4067 897 4100 ι.
929 4049 1155 4104 Videtur
1171 4053 1318 4104 ratio.
1345 4054 1498 4105 Ratio
1518 4052 1709 4105 excidit
1730 4054 1785 4104 in
1866 4052 2063 4118 sciam,
2100 4051 2167 4104 sit
2189 4049 2386 4116 editio,
2421 4045 2528 4100 hoc
2551 4047 2740 4102 vocab.
2775 4063 2877 4097 suo

781 4128 1096 4197 quibusdam
1125 4130 1511 4202 exemplaribus
1540 4131 1784 4183 editionis
1867 4128 1986 4179 loco
2002 4146 2215 4180 manere
2225 4130 2497 4199 jussimus.
2515 4129 2677 4180 Deest
2691 4139 2742 4179 et
2761 4123 2879 4176 edi-

776 4206 1079 4273 Leideusis3
1104 4230 1269 4283 quum
1293 4227 1468 4264 tamen
1494 4215 1546 4264 in
1573 4213 1687 4264 aliis
1711 4231 1787 4264 re·
1866 4212 1999 4261 tioni
2022 4211 2332 4275 Phimianae,
2356 4207 2498 4260 uude
2524 4207 2727 4261 Schult.
2751 4225 2880 4276 sup-

776 4287 1047 4358 per-iamt,
1098 4303 1149 4340 et
1197 4308 1304 4342 una
1350 4304 1557 4344 tantum
1574 4328 1593 4359 ,
1641 4289 1786 4363 quod
1864 4290 2078 4363 plebat,
2098 4292 2348 4344 orationis
2371 4291 2458 4344 vis.
