3200 5117
740 567 823 632 58
1246 569 1340 633 M.
1386 568 1640 634 FABII
1683 569 2320 653 QUINTILIANI

736 691 948 763 etiam
966 692 1271 792 corporis
1295 692 1757 765 defectionem
1780 720 1795 764 ε
1821 693 1920 766 sic
1943 693 2256 784 homini,
2281 693 2458 764 inter
2480 692 2826 793 principes

738 827 976 880 nostrae
1017 808 1303 881 civitatis
1329 808 1771 882 numerando
1792 867 1810 899 ,
1847 809 2019 908 coepi
2050 810 2237 914 bona
2265 835 2408 881 esse
2444 824 2460 854 ¹
2488 809 2821 882 conditio.

739 925 978 1020 Itaque
1010 923 1320 1022 intelligo
1352 922 1566 1013 mihi,
1602 924 1908 1024 judiceS,
1957 951 2102 997 non
2142 924 2216 995 in
2253 924 2384 996 hoc
2410 944 2685 996 tanturn
2721 924 2827 996 la-

734 1041 1167 1132 horandum,
1209 1062 1288 1113 ut
1316 1040 1492 1112 iram
1525 1040 1733 1141 patris
1778 1042 2126 1141 mitigem,
2170 1061 2247 1112 ut
2286 1040 2594 1113 leniam:
2647 1038 2820 1110 illud

738 1178 836 1228 est
857 1157 1160 1255 partium
1188 1184 1546 1248 mearum3
1572 1158 1751 1232 illud
1774 1158 1969 1231 vobis
1997 1157 2321 1230 adhibitis
2349 1183 2548 1256 rogo,
2585 1157 2654 1226 in
2681 1181 2824 1252 gra·

735 1270 903 1342 tiam
946 1271 1107 1343 velit
1148 1272 1371 1344 redire
1408 1270 1560 1372 jam
1607 1300 1773 1344 cum
1816 1273 2212 1372 propinquo
2259 1298 2459 1358 meo,
2507 1297 2672 1343 cum
2705 1295 2821 1342 re-

737 1386 895 1457 dem
904 1406 1096 1485 ptore
1120 1413 1272 1459 suo:
1303 1415 1446 1460 non
1471 1389 1661 1461 enim
1680 1391 1961 1491 jactabo
1987 1415 2222 1461 meam
2244 1388 2606 1487 pietatem:
2635 1384 2820 1457 illius

736 1530 910 1603 opus
940 1525 1072 1595 est,
1103 1505 1293 1605 quod
1321 1505 1607 1579 redemi.

734 1771 791 1791 Ἃ
1761 1769 2824 1796 mmmmm

1531 1969 2035 2045 CCLVIII.

1254 2198 1475 2270 Fortis
1499 2213 1873 2270 contumax
1895 2202 2082 2297 patri
2088 2198 2272 2294 forti
2279 2250 2293 2265 .

733 2385 794 2443 St
828 2404 951 2444 nno
980 2405 1101 2445 Am·
1124 2406 1350 2446 nunus
1373 2406 1674 2448 rom-nen
1707 2406 2037 2461 nemum,
2070 2405 2146 2445 nt:
2181 2404 2425 2445 omnmo
2458 2402 2645 2443 Annus
2675 2399 2823 2439 con-

811 2501 1119 2556 mmmm,
1149 2502 1259 2541 vm
1282 2502 1495 2541 rom-18
1521 2502 1710 2540 omn-r
1738 2502 1903 2556 Qnon
1924 2501 2134 2542 vouz‘r.
2163 2482 2345 2540 Pater
2371 2495 2431 2539 et
2452 2476 2614 2538 filius
2641 2476 2819 2536 forti-

809 2591 902 2638 ter
924 2577 1233 2640 fecerunt:
1263 2580 1414 2661 petit
1434 2593 1608 2661 pater
1628 2601 1663 2639 a
1687 2577 1821 2639 filio
1837 2625 1855 2656 ,
1879 2592 1951 2640 ut
1974 2580 2210 2639 cederet
2232 2579 2349 2639 sibi
2373 2579 2657 2661 praemio:
2687 2594 2814 2635 non

808 2676 1189 2757 impetravit:
1216 2678 1391 2737 cessit
1414 2678 1574 2758 ipse,
1598 2692 1660 2737 et
1685 2676 1946 2737 abdicat.

1299 2949 1311 2960 ·
1406 2865 2146 2929 DECLAMAT102.

826 3012 1115 3084 Etiamsi
1165 3012 1586 3085 dissimulari
1635 3036 1895 3114 posset,
1960 3042 2113 3115 quae
2177 3043 2381 3088 causa
2429 3015 2605 3114 patri
2648 3013 2819 3083 fuis-

724 3148 863 3200 set:
897 3128 1128 3227 ipsum
1156 3149 1393 3201 tamen
1412 3128 1544 3203 hoe
1565 3129 2005 3203 abdicatione
2033 3131 2328 3230 dignum
2351 3151 2524 3215 erat,
2549 3127 2817 3225 aliquid

733 3244 991 3374 petenti
1025 3271 1347 3345 negasse:
1380 3268 1726 3346 quantum
1757 3248 1949 3320 enim
1982 3249 2157 3320 mihi
2181 3267 2497 3347 praestare
2521 3265 2817 3346 poterat,

731 3377 812 3429 ut
842 3358 1033 3456 paria
1078 3359 1433 3434 redderet?
1472 3365 1632 3434 Non
1671 3361 1827 3461 jam
1860 3363 2135 3463 imputo
2168 3362 2284 3435 illa
2314 3361 2656 3461 vulgaria,
2708 3359 2823 3431 lu-

733 3501 884 3545 cem
924 3494 989 3545 et
1009 3475 1128 3575 jus
1160 3474 1516 3569 libertatiS,
1551 3497 1619 3548 et
1648 3503 1855 3550 usum
1885 3480 2077 3552 vitoe:
2124 3479 2256 3552 hoc
2285 3480 2593 3578 imputo:
2631 3475 2817 3575 quod

731 3589 997 3661 fortiter
1015 3589 1257 3681 fecisti,
1290 3592 1554 3665 roboris
1582 3612 1655 3666 et
1678 3597 1979 3695 corporis
2008 3595 2148 3667 mei
2166 3594 2220 3686 ³,
2250 3624 2494 3668 meum
2521 3615 2650 3666 est:
2682 3591 2820 3663 ani-

809 3746 854 3782 1.
881 3731 1030 3783 Bona
1048 3750 1149 3785 οπο
1168 3733 1411 3787 conditio.
1437 3736 1734 3803 Martial.V,
1890 3757 1936 3790 2.
1962 3740 2099 3791 Huic
2122 3736 2504 3791 Declamationi
2530 3731 2817 3803 respondet

740 3827 879 3881 ¹7,v.
896 3812 1143 3866 ansitibi
1156 3828 1337 3869 noster
1350 3834 1511 3890 eques
1522 3816 1736 3869 sordida
1814 3816 1903 3870 ’nlla
1923 3815 2070 3888 opud
2086 3818 2334 3871 Senecam
2347 3853 2364 3880 ‚
2383 3813 2471 3866 lib.
2487 3814 2536 3863 X
2548 3850 2564 3878 ,
2582 3810 2729 3863 DeeI.
2758 3829 2816 3874 ²3

736 3917 757 3939 α
778 3893 1014 3947 conditio
1039 3909 1133 3950 est.
1156 3921 1178 3945 ιο
1206 3897 1325 3950 Vid.
1346 3899 1581 3951 Gronov.
1602 3897 1732 3951 Oba.
1815 3913 1869 3952 et
1891 3899 1981 3952 lib.
2002 3900 2106 3966 vl,
2133 3901 2314 3953 Contr.
2342 3897 2402 3947 31
2420 3932 2437 3960 ‚
2459 3892 2554 3945 ubi
2578 3912 2702 3965 pau-s
2725 3894 2818 3946 filii

730 3976 789 4039 1,
825 3975 861 4026 6
880 4014 896 4041 ‚
938 3990 990 4028 et
1025 3977 1093 4029 ad
1134 3979 1315 4032 Senec.
1356 3977 1425 4032 de
1461 3979 1640 4031 Benef.
1681 3996 1732 4048 9.
1815 3980 2149 4051 potissimum
2173 3986 2428 4028 tractatur
2450 3995 2464 4036 ;
2487 3975 2654 4043 patris
2670 4011 2686 4038 ‚
2711 3987 2818 4025 tra-

730 4055 885 4108 Unde
904 4058 1161 4128 probatur
1178 4057 1337 4112 lectio
1356 4060 1577 4112 Palatini
1595 4058 1738 4111 eodi-
1816 4072 2012 4111 etatem
2039 4075 2154 4110 esse
2181 4058 2253 4107 ait
2276 4073 2304 4106 a
2329 4051 2582 4107 Labieno.
2608 4052 2818 4120 Quinti·

730 4137 806 4188 cis
821 4138 965 4210 apud
978 4139 1119 4193 Suet.
1134 4145 1262 4195 Caes.
1287 4160 1353 4213 ²⁶7
1372 4166 1383 4194 :
1417 4165 1440 4190 ι
1456 4143 1737 4196 Octaviam
1816 4138 1941 4190 lieni
1962 4156 2072 4190 non
2089 4133 2324 4189 meminit
2337 4170 2355 4198 ‚
2375 4150 2498 4183 cum
2518 4150 2630 4203 quo
2649 4131 2818 4182 inimi-

738 4238 760 4261 ·
779 4220 976 4271 sororis
996 4237 1102 4271 ωε
1120 4233 1360 4292 neptem,
1376 4221 1736 4276 conditionem
1816 4218 1965 4269 eitius
1989 4216 2238 4269 exercuit.
2264 4212 2444 4264 AEnon.

739 4319 760 4343 κ
780 4299 829 4349 ei
853 4296 1056 4351 detulit.
1080 4325 1102 4349 n
1133 4301 1300 4351 Bonan.
1889 4299 1938 4351 3.
1967 4296 2176 4350 Roboris
2199 4304 2252 4347 et
2272 4295 2495 4364 eorporis
2517 4290 2634 4342 mei.
2669 4288 2819 4359 Quod
