3200 5117
830 562 954 628 528
1405 560 1943 627 cALthnNu
1992 516 2334 665 rrssccr

824 682 1036 783 patris
1065 681 1163 752 uti
1185 680 1368 782 :jam
1400 708 1543 752 non
1577 681 1789 753 larem
1822 681 2045 752 habeo
2064 739 2083 767 ‚
2112 708 2249 753 non
2282 708 2557 754 servum
2576 738 2595 770 ,
2619 708 2771 754 non
2796 710 2905 782 pa-

826 819 1044 884 trem;
1083 824 1161 869 ac
1196 824 1285 868 ne
1316 797 1730 869 damnatum
1767 823 1912 868 esse
1946 796 2308 896 poeniteat,
2340 824 2481 870 non
2518 825 2900 870 novercam.

827 912 1051 983 Video
1080 938 1420 983 carcerem
1459 911 1823 1011 publicum
1844 968 1864 1001 ,
1897 912 2071 984 saxis
2103 913 2501 1010 ingentibus
2532 934 2902 1001 structum,

826 1027 1128 1125 angustis
1169 1026 1631 1098 foraminibus
1676 1046 1958 1098 tenuem
2000 1026 2175 1098 lucis
2214 1028 2543 1098 umbram
2583 1027 2907 1126 recipien-

825 1162 999 1213 tem:
1026 1142 1097 1213 in
1143 1142 1332 1213 hunc
1373 1141 1704 1243 conjecti,
1751 1142 1963 1213 robur
2000 1142 2555 1238 Tullianumque
2590 1157 2607 1186 ¹
2650 1142 2905 1241 prospi-

824 1258 1054 1331 ciunt:
1092 1280 1157 1330 et
1189 1259 1456 1357 quoties
1481 1257 1794 1357 jacentes
1831 1259 2061 1331 ferrati
2101 1259 2309 1359 postis
2350 1259 2595 1331 stridor
2630 1260 2904 1346 excitat,

828 1372 1334 1461 exanimantur,
1371 1393 1439 1444 et
1476 1371 1792 1443 alienum
1831 1372 2259 1472 supplicium
2296 1374 2676 1472 spectando
2714 1399 2903 1445 snum

827 1485 1121 1559 discunt.
1183 1488 1449 1558 Sonant
1506 1486 1785 1557 verbera
1810 1540 1830 1575 ,
1884 1487 2082 1558 cibus
2138 1488 2610 1559 recusantibus
2678 1513 2905 1586 spurca

825 1630 1042 1675 manu
1074 1601 1410 1675 carnificis
1441 1602 1806 1699 ingeritur:
1830 1601 2019 1675 sedet
2031 1602 2296 1702 janitor
2319 1602 2733 1674 inexorabili
2758 1628 2902 1701 pcc-

825 1741 1000 1809 tore,
1034 1719 1155 1816 qui
1186 1741 1403 1790 matre
1435 1717 1641 1789 flente
1666 1718 1881 1789 siccos
1908 1739 2136 1789 teneat
2162 1719 2432 1790 oculos:
2465 1719 2746 1791 illuvies
2778 1745 2902 1789 cor-

824 1861 957 1933 pus
987 1854 1362 1933 exasperat,
1394 1859 1686 1905 manum
1713 1854 1967 1905 catenae
1999 1855 2348 1932 premunt.
2374 1833 2571 1924 Quid
2597 1831 2899 1931 estquod

828 1977 940 2024 me
974 1950 1078 2022 lex
1112 1978 1298 2023 anno
1334 1948 1710 2022 reservat²?
1743 1950 1973 2021 nescio
2004 1950 2175 2047 quid
2209 1950 2440 2022 adhuc
2475 1950 2771 2047 cogitat:
2799 1948 2899 2019 ni-

828 2065 1089 2136 mirum
1117 2064 1202 2137 de
1230 2065 1624 2164 parricidio,
1648 2064 1855 2136 etiam
1882 2092 2104 2163 quum
2130 2065 2456 2156 creditur,
2490 2092 2628 2136 non
2661 2062 2900 2163 liquet?

825 2181 1229 2270 AEstimate,
1265 2180 1578 2280 judiceS,
1624 2178 1791 2276 quid
1836 2180 2101 2278 fugiam
2128 2237 2148 2270 ,
2194 2180 2311 2277 qui
2369 2180 2500 2251 hoc
2548 2177 2578 2222 ³
2595 2177 2900 2278 postulo?

828 2293 1023 2383 Quid
1059 2294 1187 2366 hoc
1221 2316 1350 2384 est,
1383 2292 1700 2397 judices?
1742 2321 1783 2365 a
1826 2315 2015 2393 patre
2057 2294 2400 2394 parricida
2440 2321 2583 2366 non
2625 2290 2899 2365 timeor?

830 2406 1055 2480 dicam
1078 2466 1097 2498 ,
1155 2409 1378 2481 saevite
1402 2465 1420 2498 ,
1475 2436 1697 2506 quum
1758 2409 2047 2507 rogem?
2102 2410 2335 2481 dicam
2363 2466 2382 2501 ,
2440 2408 2892 2497 miseremini,

827 2551 1049 2624 quum
1085 2552 1426 2600 carcerem
1461 2523 1743 2625 rogem?

1581 2731 1764 2777 PARS
1822 2732 2159 2778 ALTERA.

921 2857 1161 2955 Egone
1185 2877 1524 2928 secretum
1551 2855 1660 2927 isti
1687 2858 2114 2931 conscientiae
2141 2859 2370 2932 dabo?
2399 2881 2464 2933 et
2483 2859 2573 2931 ibi
2594 2879 2655 2929 te
2674 2852 2884 2956 patiar

904 3014 946 3050 1.
967 2999 1144 3050 Robur
1162 2996 1487 3050 Tullianum.
1508 2999 1673 3068 Lege,
1693 3012 1751 3051 ut
1772 3001 1826 3052 in
1901 3004 2052 3075 girat.
2092 3003 2277 3055 Adhuc
2308 3004 2531 3076 cogitat:
2566 3002 2807 3054 nimirum
2836 2999 2891 3050 de

827 3091 929 3129 vet.
967 3080 1119 3131 robur
1157 3077 1565 3151 Tullianumque
1602 3081 1823 3153 pros-pic.
1902 3082 2220 3152 parricidio,
2263 3083 2419 3133 etiam
2457 3099 2615 3155 quum
2657 3080 2891 3141 creditur,

825 3160 969 3208 Pt'rn.
1002 3187 1076 3197 —
1103 3155 1348 3209 Alienum
1386 3158 1701 3231 supplicium
1738 3178 1827 3211 ex·
1907 3178 2012 3212 non
2037 3160 2218 3233 liquet.
2246 3163 2391 3211 Prrn.

823 3235 1116 3304 spectando.
1143 3238 1310 3306 Lege,
1337 3239 1628 3308 spectando,
1660 3239 1824 3289 Gnou.

824 3314 987 3384 Lege,
1007 3317 1087 3369 vel
1117 3317 1418 3390 spectando,
1442 3317 1520 3369 vel
1548 3329 1598 3368 et
1628 3317 1828 3391 inspec-

828 3397 999 3447 tando.
1025 3398 1292 3450 Posterius
1319 3399 1531 3469 optimis
1556 3400 1824 3469 stequens.

826 3471 1044 3525 Senum.
1060 3476 1218 3528 Forte
1231 3515 1248 3542 ,
1261 3477 1609 3549 impet-tando.
1627 3479 1823 3529 Anum..

821 3553 1114 3627 Spectando
1141 3558 1340 3627 recepit
1362 3555 1682 3609 Obrechtus.

898 3651 943 3685 2.
983 3632 1122 3701 Quid
1152 3645 1254 3698 est,
1288 3636 1430 3708 quod
1456 3654 1538 3686 me
1571 3634 1656 3686 lex
1684 3655 1826 3687 anno

826 3724 1066 3778 reservat,
1094 3725 1193 3763 etc.
1220 3714 1299 3763 Ne
1322 3712 1512 3765 fluctus
1533 3716 1753 3765 excitem
1774 3715 1827 3764 in

825 3790 1049 3863 simpulo
1066 3829 1081 3855 ,
1111 3788 1254 3841 nulla
1282 3792 1594 3843 circuitione
1620 3791 1790 3843 dicam
1808 3832 1824 3854 ,

826 3869 1097 3940 quomodo
1112 3868 1224 3921 haec
1232 3868 1464 3938 judicem
1479 3869 1825 3922 restituenda.

822 3949 1071 4002 Rescribo
1090 3953 1294 4022 itaque,
1318 3952 1457 4022 Quid
1470 3965 1565 4016 est,
1587 3952 1727 4024 quod
1746 3970 1828 4004 me

824 4048 888 4080 ex
910 4031 1020 4103 lege
1041 4053 1182 4086 anno
1210 4036 1463 4085 reservat?
1487 4034 1706 4085 Nescitis
1730 4034 1826 4085 ad-

826 4108 954 4175 huc,
973 4114 1102 4182 quid
1117 4115 1320 4184 coqr’tet.
1339 4115 1604 4167 Nimirum
1625 4115 1688 4166 de
1705 4134 1826 4187 par-

826 4191 1030 4256 ricidio,
1060 4194 1261 4246 etiamsi
1271 4197 1391 4266 jam
1420 4197 1663 4264 creditur,
1689 4216 1825 4248 non-

823 4270 944 4323 dum
978 4271 1152 4345 liquet.
1183 4275 1382 4327 Senum·
1427 4304 1498 4317 -
1521 4276 1706 4332 Adhuc
1738 4298 1829 4331 co-

1978 3238 2026 3289 3.
2070 3240 2172 3308 Qui
2205 3238 2299 3290 hoc·
2326 3237 2552 3309 postulo.
2587 3237 2716 3288 Vult
2748 3236 2892 3306 (nam

1906 3315 2011 3367 hoc
2039 3317 2316 3387 intelligit)
2345 3317 2616 3367 tormentis
2652 3334 2738 3366 me
2763 3310 2894 3363 subi·

1905 3414 2029 3466 gere
2044 3410 2196 3467 pater
2210 3396 2277 3447 ad
2297 3396 2566 3446 fatendum
2588 3395 2794 3446 falsum.
2810 3393 2895 3442 llic

1906 3489 2081 3527 autem
2115 3495 2243 3528 sana
2275 3490 2429 3528 erunt
2462 3477 2674 3541 omnia,
2712 3478 2755 3528 si
2790 3492 2898 3546 per-

1906 3554 2115 3627 vulgata
2136 3555 2354 3606 aliarum
2371 3554 2660 3607 Declamm.
2681 3557 2896 3615 ratione,

1907 3653 2129 3706 quarum
2162 3634 2270 3687 haec
2299 3653 2413 3686 esse
2446 3648 2695 3705 excerpta
2737 3645 2897 3705 patet,

1907 3712 2141 3783 legatur:
2184 3713 2320 3781 Quid
2353 3712 2448 3764 hoc
2477 3713 2845 3784 est,judr'ees?
2870 3729 2898 3760 ι

1901 3801 2051 3861 patre
2086 3791 2349 3862 parricida
2387 3809 2489 3841 non
2532 3794 2738 3843 timeor.
2779 3785 2900 3860 Quid

1905 3874 2063 3944 erqo?
2091 3872 2265 3923 dicam
2298 3890 2364 3924 ne
2396 3873 2597 3939 struite,
2629 3891 2793 3945 quum
2826 3889 2897 3922 ro·

1901 3955 2056 4025 yem?
2071 3953 2241 4004 dicam
2260 3954 2594 4018 miseremini,
2616 3974 2779 4025 quum
2804 3969 2896 4004 our·

1905 4052 2067 4086 cerem
2080 4033 2283 4107 royem?
2296 4034 2443 4086 Adde
2453 4034 2725 4086 Declamm
2735 4035 2893 4101 ,Quin-

1905 4116 1980 4166 u'1.
2015 4116 2329 4168 CCCLxxv
2362 4116 2450 4168 fin.
2484 4129 2538 4167 et
2568 4113 2891 4170 CCCLxxvt

1905 4197 2095 4248 medio.
2122 4198 2338 4250 Senum.
2364 4198 2468 4263 Qui
2492 4210 2545 4248 et
2568 4216 2699 4267 pro,
2729 4216 2792 4249 ne
2813 4209 2899 4248 σε·

1907 4281 2034 4344 vile,
2060 4283 2361 4351 conjecerat
2381 4279 2656 4333 subvenite.
