3200 5117
783 561 868 630 26
1285 565 1379 630 M.
1425 561 1678 628 FABII
1723 561 2362 645 QUINTILIANI

780 683 961 756 volo.
1018 683 1307 757 Crimen
1347 683 1667 756 adulterii
1717 683 1890 757 duos
1938 685 2292 757 continet:
2343 711 2424 758 ex
2471 687 2554 757 iis
2594 705 2862 759 necesse

782 819 880 871 est
909 800 1031 898 qui
1064 826 1228 872 cum
1248 798 1566 871 adultero
1598 798 1790 898 prius
1821 798 1963 898 agit
1987 814 2035 889 ¹,·
2063 819 2221 898 agat
2246 820 2315 872 et
2340 825 2501 871 cum
2525 801 2858 873 adultera.

782 915 977 985 Num
1025 914 1239 1012 igitur
1289 914 1421 986 hoc
1462 913 1642 985 mihi
1688 913 1916 987 dicere
1961 913 2228 1013 potest?
2268 914 2461 1013 prius
2497 941 2618 987 me
2662 939 2862 1012 agere

779 1049 1012 1103 tecum
1054 1057 1199 1103 non
1232 1050 1537 1129 oportet:
1587 1030 1894 1102 secundo
1928 1050 1996 1102 te
2041 1029 2193 1102 loco
2237 1056 2428 1102 ream
2462 1030 2716 1120 detuli,
2755 1057 2863 1104 se-

780 1148 1011 1221 cundo
1035 1147 1187 1221 loco
1211 1146 1503 1247 produxi
1526 1147 1616 1218 ad
1639 1148 2096 1246 magistratus.
2123 1151 2215 1220 At
2243 1148 2586 1247 quidquid
2619 1174 2862 1219 secun-

780 1261 955 1334 dum
985 1283 1119 1352 est,
1164 1261 1420 1335 habeat
1450 1261 1719 1359 aliquid
1752 1263 1942 1361 prius
1967 1287 2240 1335 necesse
2265 1284 2405 1335 est:
2444 1261 2589 1334 haec
2613 1282 2862 1333 natura

780 1378 874 1450 ita
910 1399 1074 1451 sunt
1102 1378 1427 1477 copulata
1446 1435 1466 1467 ‚
1509 1398 1588 1450 ut
1614 1379 1671 1449 si
1704 1404 1867 1450 cum
1897 1378 2208 1451 adultero
2238 1379 2346 1478 egi
2374 1378 2596 1478 prius,
2631 1397 2860 1449 tecum

779 1520 1023 1592 agam:
1073 1493 1129 1565 si
1180 1519 1327 1565 non
1373 1492 1521 1591 egi,
1577 1517 1709 1589 ago
1757 1512 1989 1565 tecum
2033 1492 2259 1591 prius,
2303 1512 2663 1590 tamquam
2696 1517 2859 1566 cnm

784 1608 1097 1681 adultero
1150 1606 1299 1708 jam
1351 1632 1576 1705 egero.
1626 1606 2010 1706 Reliquum
2053 1629 2153 1680 est
2201 1607 2495 1696 intueri,
2543 1605 2813 1707 judices
2840 1662 2860 1698 ‚

779 1724 1207 1795 voluntatem
1239 1748 1520 1820 quoque
1550 1722 1947 1821 reipublicae
1965 1782 1985 1814 ,
2027 1750 2183 1823 quae
2213 1723 2346 1796 fuit
2373 1744 2681 1821 tempore
2707 1722 2857 1811 illo,

781 1865 925 1936 quo
954 1839 1325 1938 praemium
1368 1838 1595 1911 dabat.
1645 1839 1820 1912 Petit
1858 1839 2309 1914 abolitionem
2351 1838 2455 1909 vir
2492 1838 2687 1909 fortis
2713 1891 2731 1926 ‚
2779 1857 2861 1909 ut

776 1954 1069 2053 opinor,
1126 1955 1301 2045 sibi,
1350 1980 1477 2026 nec
1522 1953 1745 2053 potuit
1789 1954 2139 2054 accipere,
2189 1955 2319 2027 nisi
2368 1980 2581 2053 quam
2633 1953 2855 2052 petit:

696 2127 699 2130 .
779 2068 1043 2167 alioqui
1082 2068 1139 2139 si
1173 2068 1306 2140 hoc
1347 2088 1656 2168 tempore
1701 2095 1901 2140 suam
1942 2069 2401 2142 abolitionem
2436 2068 2745 2167 petisset,
2793 2087 2863 2139 et

777 2204 997 2274 tuam,
1024 2183 1337 2281 primum
1356 2182 1683 2255 omnium
1713 2182 1856 2255 duo
1881 2184 2165 2281 praemia
2188 2184 2492 2283 petisset3
2523 2175 2623 2274 tit,
2644 2205 2859 2280 quan-

778 2298 1098 2370 tumlibet
1137 2298 1403 2370 meritis
1435 2298 1590 2400 ejus
1618 2297 2060 2387 deberemus,
2109 2323 2321 2371 nemo
2356 2316 2589 2370 tamen
2624 2322 2859 2394 passus

776 2435 957 2487 esset
996 2414 1259 2514 duplici
1298 2406 1586 2513 praemio
1627 2439 1849 2485 unam
1877 2413 2206 2487 honorari
2240 2412 2584 2486 militiam.
2627 2415 2856 2484 Tuam

775 2529 1231 2602 abolitionem
1273 2555 1488 2628 quare
1533 2528 1668 2627 ipsi
1711 2529 2295 2602 concesserimus?
2340 2555 2502 2601 nam
2541 2526 2859 2599 abolitio-

776 2643 885 2716 nis
917 2642 1018 2714 illi
1063 2641 1520 2714 concedendae
1566 2642 1741 2714 ratio
1784 2642 2102 2741 quaedam
2133 2643 2304 2715 fuit:
2348 2643 2554 2716 etiam
2597 2642 2652 2712 si
2697 2667 2858 2740 pec·-

776 2760 954 2831 cavit
974 2816 993 2848 ‚
1036 2758 1243 2830 etiam
1270 2757 1328 2830 si
1357 2784 1636 2858 gravem
1677 2758 1800 2830 uni
1836 2759 1997 2831 fecit
2024 2759 2396 2861 injuriam,
2422 2757 2715 2831 redemit
2746 2778 2857 2830 ta-

775 2899 940 2947 men
964 2875 1244 2966 virtute,
1270 2874 1563 2947 redemit
1593 2876 1964 2974 sanguine,
1997 2875 2294 2948 redemit
2317 2874 2742 2948 vulneribus.
2773 2876 2856 2946 In

775 3009 843 3061 te
884 2989 1053 3087 quid
1082 2989 1407 3087 spectavit
1432 2988 1720 3061 abolitio
1742 3045 1761 3078 ,
1807 2989 1997 3087 quod
2023 2990 2200 3064 vitiis
2232 2990 2365 3062 tuis
2393 3010 2460 3062 et
2485 2988 2858 3087 cupiditate

775 3101 976 3174 illum
1006 3128 1285 3201 quoque
1310 3103 1582 3174 bonum
1611 3101 1904 3203 alioqui,
1931 3123 2008 3175 ut
2028 3102 2380 3203 apparuit,
2405 3103 2623 3175 civem
2653 3100 2859 3174 adul-'

776 3237 1002 3289 terum
1044 3215 1315 3290 fecisti?
1355 3216 1510 3288 Scio
1533 3271 1553 3305 ‚
1588 3214 1906 3317 judices,
1950 3218 2333 3298 hactenus²
2367 3216 2705 3315 pertinere
2744 3243 2859 3288 ac-

771 3331 1039 3404 tionem
1071 3332 1161 3403 ad
1187 3328 1616 3406 hodiernum
1647 3333 2042 3434 judicium3
2086 3361 2215 3407 nec
2246 3358 2402 3433 quae
2434 3359 2594 3405 sum
2628 3331 2858 3433 objec-

774 3466 1000 3536 turu5‚
1026 3472 1250 3543 quum
1276 3446 1452 3518 mihi
1477 3470 1795 3519 accusare
1820 3447 2303 3545 permiseritis,
2329 3445 2538 3520 hodie
2561 3446 2858 3519 dicenda
2959 3527 2972 3552 Ι,

774 3581 962 3632 sunt.
996 3560 1375 3652 Quomodo
1411 3560 1989 3660 deprehenderim
2008 3617 2027 3649 ‚
2059 3587 2202 3658 quo
2234 3559 2467 3654 teste-²³,
2495 3559 2853 3656 relinquo:

775 3676 952 3749 illud
977 3696 1256 3747 tantum
1280 3733 1299 3766 ,
1329 3676 1609 3774 qualem
1640 3675 1821 3749 hanc
1846 3676 2100 3776 putetis
2119 3701 2262 3748 esse
2290 3676 2636 3750 feminam
2654 3731 2673 3763 ‚
2700 3699 2855 3771 quae
2913 3676 2918 3680 ’

774 3790 1055 3865 defen'di
1072 3789 1316 3863 noluit.
1343 3792 1801 3891 Quamquam
1830 3792 1962 3864 hoc
1974 3792 2124 3893 jam
2157 3792 2347 3891 prior
2371 3791 2487 3863 ille
2506 3789 2857 3862 confessus

772 3929 904 3998 est,
933 3907 1056 4005 qui
1081 3934 1304 4006 quum
1329 3907 1595 3981 fortiter
1611 3908 1904 4002 fecisset,
1926 3935 2148 4008 quum
2167 3907 2424 3982 recenti
2449 3905 2860 3980 meritorum

768 4041 1171 4105 connexionem,
1200 4052 1261 4091 ut
1294 4037 1476 4111 paullo
1512 4053 1666 4111 post,
1699 4040 1774 4093 t’ta
1927 4059 1972 4095 a.
1993 4042 2274 4094 Hactenus.
2297 4040 2420 4091 Non
2438 4038 2683 4093 hactenus
2700 4040 2856 4110 perti-

770 4127 893 4168 semt
916 4114 1180 4188 copulata.
1197 4118 1416 4171 Senum.
1853 4139 1987 4173 nere.
2014 4121 2228 4173 Senum.

848 4211 892 4245 1.
910 4196 1062 4246 Prius
1078 4195 1204 4268 aqit.
1231 4195 1384 4248 Prius
1401 4197 1519 4268 eqit.
1552 4196 1768 4251 Senum.
1923 4200 1975 4252 3.
1998 4202 2113 4271 Quo
2133 4209 2268 4252 teste.
2286 4199 2385 4250 Pro
2406 4215 2536 4270 quos
2558 4206 2715 4249 testes.
2733 4195 2851 4247 Seu.

770 4289 827 4328 ot
852 4277 928 4329 ita
948 4273 1075 4331 obe.
1852 4279 1919 4329 Et
1937 4279 2008 4331 ita
2027 4275 2281 4333 Obrecht.
2301 4287 2354 4329 et
2372 4293 2470 4328 nos
2491 4294 2612 4328 cum
2630 4277 2742 4346 Bip.
2758 4275 2856 4325 Eo.
