3200 5117
806 510 1646 582 DECLAMATIONES.
1691 513 1999 578 CCLIX.
2374 507 2450 573 61

359 645 581 717 homo
612 662 757 715 tam
785 638 1083 739 cupidus
1118 663 1265 710 non
1302 635 1593 707 audebis
1621 634 2070 733 parricidium
2103 635 2327 706 facere
2355 659 2464 705 se-

365 756 681 833 cretum?
725 759 887 829 Non
941 755 1187 853 ignoro
1239 750 1565 823 omnium
1610 751 1784 836 fere,
1832 751 1953 847 qui
2000 749 2415 822 abdicantur
2440 804 2462 837 ,

364 875 564 946 hunc
608 898 751 945 esse
795 895 1098 958 morem,
1158 887 1235 938 ut
1278 886 1427 938 acta
1458 863 1614 966 jam
1660 889 1868 936 causa
1900 864 1987 937 ad
2021 891 2255 963 preces
2288 889 2464 936 con-

364 1009 762 1076 vertantur,
807 1006 876 1059 et
909 984 1232 1083 mitigare
1261 1003 1490 1082 patres
1532 979 1846 1078 rogando
1873 980 2130 1053 velint:
2175 979 2462 1051 hoccine

369 1126 445 1177 tu
477 1102 794 1202 concipis
824 1101 1069 1175 animo
1101 1126 1293 1198 posse
1328 1098 1516 1188 fieri,
1552 1117 1633 1169 ut
1661 1093 1935 1170 exores?

724 1353 2470 1383 mmwmmmvmmmmm

372 1367 427 1389 Ἀ

1224 1542 1631 1622 CCLIX.

742 1777 1025 1874 Pauper
1049 1773 1406 1870 naufraqoe
1434 1768 1778 1859 liberator,
1813 1777 2117 1846 maritus.

380 1943 572 2004 Dives
594 1963 741 2003 cum
765 1944 964 2002 amico
987 1958 1256 2022 paupere
1276 1953 1336 1998 et
1357 1937 1486 1998 filia
1508 1939 1864 2021 navigabat:
1888 1940 2285 2022 naufragium
2304 1939 2476 2000 fecit:

467 2038 689 2100 extulit
710 2037 907 2096 filiam
931 2036 1135 2096 divitis
1156 2056 1408 2117 pauper.
1432 2037 1670 2096 Rumor
1693 2050 1821 2097 erat
1842 2059 1976 2098 eam
1995 2051 2334 2122 nupturam
2356 2038 2483 2099 cui-

470 2134 626 2194 dam
644 2131 844 2193 nobili
854 2130 1084 2214 juveni.
1110 2130 1399 2208 Quodam
1417 2145 1698 2213 tempore
1721 2134 1787 2193 in
1811 2131 1997 2194 domo
2020 2134 2226 2195 divitis
2249 2133 2481 2196 tumul-

472 2244 576 2291 tus
614 2229 767 2291 fuit:
814 2229 1047 2290 inventi
1091 2241 1236 2290 sunt
1281 2250 1409 2288 una
1451 2249 1688 2310 pauper
1722 2243 1782 2289 et
1821 2230 2059 2312 puella:
2104 2232 2181 2290 ab
2217 2245 2484 2311 utroque

471 2327 710 2388 dictum
733 2339 821 2387 est
844 2327 1121 2386 vitiatam
1149 2324 1439 2408 puellam.
1465 2325 1803 2408 Imperavit
1823 2324 1966 2386 filiae
1997 2326 2194 2401 dives,
2223 2340 2293 2386 ut
2322 2348 2484 2411 nup-

470 2426 591 2487 tias
618 2438 893 2508 optaret:
928 2424 1145 2485 educta
1176 2424 1255 2485 ad
1286 2424 1712 2506 magistratum
1730 2469 1748 2500 ,
1776 2424 2045 2506 optavit:
2079 2439 2287 2506 postea
2322 2445 2487 2485 com-

476 2525 637 2607 perit
654 2522 822 2583 dives
834 2568 853 2599 ‚
872 2543 999 2583 non
1023 2544 1148 2583 esse
1161 2523 1438 2582 vitiatam
1458 2519 1734 2605 puellam
1746 2567 1764 2598 ,
1784 2523 2076 2606 imperat,
2091 2536 2162 2581 ut
2181 2522 2491 2602 relinquat

478 2641 848 2706 pauperem:
882 2620 1201 2682 nolentem
1227 2620 1575 2702 relinquere
1599 2618 1862 2680 abdicat.

1196 2827 1200 2836 '
1263 2821 1629 2890 SERMO.

498 2986 573 3049 In
610 2982 918 3048 omnibus
956 2979 1232 3072 quidem
1267 2981 1700 3048 abdicationis
1738 2983 2236 3063 controversiis,
2264 2998 2494 3072 quate-

408 3112 536 3155 nus
572 3111 695 3177 pro
731 3087 955 3154 liberis
991 3086 1305 3168 dicimus,
1341 3088 1665 3154 submissa
1700 3086 1974 3154 debebit
2002 3110 2145 3153 esse
2186 3089 2359 3153 actio
2380 3137 2396 3166 ‚
2428 3103 2498 3153 et

418 3197 837 3263 satisfactioni
861 3197 1112 3263 similis.
1149 3198 1226 3260 In
1259 3194 1384 3259 hac
1416 3212 1638 3260 tamen
1671 3195 2152 3274 controversia,
2183 3192 2357 3280 istud
2386 3194 2498 3260 ali-

425 3317 667 3389 quanto
689 3302 892 3391 magis
916 3298 1316 3367 servandum
1344 3315 1475 3365 est:
1507 3322 1662 3364 nam
1687 3315 1752 3363 et
1783 3297 1916 3362 filia
1940 3315 2038 3363 est
2059 3322 2212 3392 ‘quae
2234 3299 2498 3368 abdica-

423 3421 566 3471 tur:
599 3422 665 3470 et
686 3404 795 3470 hic
818 3424 1003 3495 pater
1024 3405 1274 3497 aliquid
1301 3406 1498 3472 etiam
1523 3404 1682 3471 boni
1709 3420 1776 3470 et
1798 3403 2138 3472 clementis
2161 3407 2286 3472 viri
2310 3407 2497 3472 fecit:

421 3526 491 3577 et
518 3509 712 3577 nobis
740 3512 1133 3579 tutissimum
1153 3562 1171 3592 ,
1200 3511 1300 3577 uti
1333 3511 1530 3576 etiam
1558 3509 1683 3575 hac
1706 3508 2021 3575 bonitate.

1110 3702 1811 3772 DECLAMATIO.

523 3857 677 3929 Non
710 3857 995 3956 ignoro,
1032 3855 1339 3956 judices,
1379 3875 1725 3953 quantum
1755 3879 1976 3925 causae
2009 3871 2252 3924 nostrae
2284 3857 2509 3929 oneris

421 3970 712 4044 accedat
740 3998 819 4044 ex
847 3998 1144 4072 persona
1173 3969 1589 4061 abdicantis;
1627 3994 1771 4041 non
1798 3988 2078 4067 propter
2113 3967 2291 4040 iilud
2326 3997 2512 4044 com·

422 4112 684 4177 mune,
727 4090 916 4187 quod
957 4109 1150 4188 pater
1182 4107 1317 4176 est3
1358 4086 1479 4160 sed
1526 4084 1716 4185 quod
1750 4105 1945 4185 pater
1990 4083 2511 4185 indulgentissi-

421 4231 622 4294 ωας,
660 4205 929 4278 amicus
966 4202 1304 4304 optimus:
1346 4202 1555 4277 etiam
1604 4202 1659 4276 si
1702 4201 1983 4302 quaudo
2027 4200 2359 4303 injuriam
2398 4230 2515 4277 ac—
2627 4279 2628 4282 ,
