3200 5117
775 552 1618 621 DECLAMATIONES.
1664 555 1997 620 CCCXL.
2304 555 2426 644 397

342 679 576 769 rebat,
612 677 898 778 adjecit,
935 699 1011 749 ut
1044 678 1116 749 hi
1156 677 1359 750 liberi
1394 699 1656 768 essent,
1682 677 1808 776 'qui
1850 678 1919 748 in
1955 675 2264 750 libertate
2289 697 2432 749 vo-

342 812 680 866 LUNTATE
702 813 969 865 DOM1N1
995 793 1306 865 fuissent.
1325 794 1453 864 Vis
1479 794 1681 884 scire,
1705 812 1963 889 quanto
1989 790 2180 863 aliud
2206 792 2324 864 sit¹
2356 792 2432 864 in

340 909 649 981 libertate
675 936 849 1000 esse,
881 909 1077 981 aliud
1105 908 1409 981 liberum
1434 910 1614 981 esse?
1642 935 1840 998 eum,
1863 907 1982 1006 qui
2019 908 2090 979 in
2122 908 2432 982 libertate

339 1024 584 1113 fuerit,
608 1024 815 1125 jubet
851 1024 957 1096 lex
987 1023 1294 1096 liberum
1329 1050 1512 1095 esse:
1550 1045 1740 1096 tanta
1772 1048 2005 1094 rerum
2038 1023 2436 1096 differentia

339 1157 441 1207 est
477 1137 549 1207 in
587 1137 807 1210 causis
850 1137 1220 1208 libertatis:
1258 1136 1331 1208 in
1362 1136 1680 1208 libertate
1715 1156 1815 1206 est
1846 1134 2086 1235 igitur,
2122 1137 2433 1235 quisquis

339 1272 521 1323 caret
565 1251 791 1323 forma
833 1251 1213 1323 servitutis:
1266 1249 1378 1342 id,
1416 1249 1726 1350 judices,
1782 1276 1861 1321 ex
1911 1248 2039 1321 hac
2092 1250 2239 1348 ipsa
2283 1251 2435 1347 lege

339 1367 789 1439 manifestum
841 1387 979 1438 est:
1033 1392 1177 1437 non
1220 1365 1409 1437 enim
1458 1364 1874 1463 legumlator
1921 1365 2180 1463 putavit
2225 1366 2435 1438 etiam

341 1509 492 1573 eos,
542 1484 661 1582 qui
698 1511 738 1555 a
771 1481 1076 1555 dominis
1123 1484 1290 1580 fuga
1340 1483 1727 1570 abessent²‚
1774 1507 1912 1553 esse
1955 1481 2026 1551 in
2076 1481 2435 1571 libertate,

340 1598 530 1695 quod
574 1597 825 1695 colligo
864 1596 1115 1694 scripto
1159 1596 1346 1695 ejuS,
1386 1597 1534 1685 QUI
1569 1615 2011 1667 VOLUNTATE
2049 1615 2315 1668 ΒΟΜΙΝΙ
2360 1618 2437 1669 IN

341 1731 741 1782 ΜΒΕΒΤΑΤΕ
794 1731 1082 1781 FUERIT.
1129 1713 1440 1808 Apparet
1478 1710 1750 1809 aliquos
1790 1731 1856 1782 et
1897 1738 2040 1783 non
2085 1711 2437 1785 voluntate

344 1825 614 1897 domini
653 1823 722 1896 in
768 1825 1082 1898 libertate
1119 1852 1299 1898 esse:
1335 1827 1523 1925 quod
1563 1827 1622 1898 si
1661 1854 1901 1899 verum
1938 1849 2077 1919 est,
2114 1850 2332 1927 potest
2365 1829 2438 1901 in

343 1939 658 2012 libertate
681 1967 857 2030 esse,
880 1941 1085 2012 etiam
1108 1943 1231 2040 qui
1253 1942 1429 2013 liber
1446 1968 1590 2013 non
1618 1963 1737 2014 est.
1759 1942 1949 2013 Nihil
1979 1970 2141 2041 ergo
2169 1942 2445 2042 prodest

346 2058 508 2147 tibi,
544 2084 767 2157 quum
807 2057 1012 2147 dicis,
1050 2058 1346 2129 liberum
1384 2086 1549 2130 eum
1592 2086 1735 2130 non
1774 2060 2028 2132 fuisse:
2075 2087 2214 2132 non
2254 2060 2442 2132 enim

346 2173 703 2271 quaeritur,
733 2199 822 2244 an
843 2171 1197 2245 voluntate
1227 2194 1346 2246 tua
1369 2174 1543 2245 liber
1563 2175 1776 2246 fuerit
1793 2205 1811 2265 ;
1838 2176 1955 2247 sed
1984 2202 2073 2246 an
2094 2174 2445 2248 voluntate

344 2312 466 2363 tua
509 2291 583 2362 in
621 2290 936 2362 libertate
980 2291 1229 2362 fuerit:
1266 2291 1322 2362 si
1372 2289 1721 2363 voluntate
1759 2312 1876 2363 tua
1913 2291 2088 2364 liber
2119 2290 2442 2383 ³fuisset,

349 2405 516 2504 quid
540 2432 664 2476 nos
679 2404 1223 2502 postularemus?
1242 2405 1592 2505 Depulsus
1609 2405 1737 2477 hac
1755 2432 2014 2505 pugna,
2031 2407 2450 2478 transcendit

349 2547 466 2610 eo,
504 2541 582 2591 ut
629 2541 868 2618 neget,
921 2521 1220 2593 liberum
1275 2541 1442 2593 tunc
1494 2520 1738 2594 saltem
1785 2522 2020 2594 fuisse.
2065 2521 2446 2610 Quomodo

349 2634 560 2732 igitur
587 2634 992 2732 colligemus
1027 2662 1187 2707 eum
1209 2691 1228 2724 ‚
1269 2635 1387 2734 qui
1428 2635 1498 2707 in
1539 2636 1848 2708 libertate
1879 2657 2012 2727 est,
2042 2634 2300 2735 quibus
2332 2662 2448 2707 ar-

349 2747 695 2846 gumentis
724 2749 1129 2847 colligemus
1171 2777 1314 2852 esse
1352 2751 1424 2822 in
1465 2749 1817 2824 libertate?
1852 2751 2165 2851 Signavit
2199 2750 2447 2849 aliquis

348 2881 705 2959 tamquam
736 2863 951 2935 liber:
988 2865 1043 2936 si
1081 2865 1151 2935 id
1188 2865 1537 2937 voluntate
1567 2866 1840 2937 domini
1875 2866 2148 2957 fecerit,
2181 2866 2446 2938 etiamsi

349 2979 651 3050 maxime
684 2979 881 3051 illum
912 3007 1187 3052 servum
1219 3008 1362 3053 esse
1388 2982 1721 3054 dominus
1746 2980 1962 3053 voluit
1985 3009 2066 3054 eo
2096 3002 2441 3081 tempore,

352 3094 801 3166 manifestum
836 3096 1002 3168 erit‘t
1037 3097 1108 3167 in
1151 3097 1504 3170 libertate:
1545 3098 1639 3169 sic
1668 3097 1984 3197 quisquis
2012 3096 2278 3196 aliquid
2316 3124 2440 3195 pro

350 3226 498 3277 niam
524 3228 617 3280 sibi
649 3230 877 3300 nequitia
910 3229 1119 3283 interim
1150 3231 1356 3283 liberta-
1431 3243 1517 3283 set.
1541 3230 1816 3283 AErodius:
1839 3230 1984 3296 liber,
2002 3231 2185 3282 nonin
2211 3230 2441 3283 libertate

351 3317 453 3357 tem
474 3308 782 3374 asserebant,
808 3309 985 3360 AErod.
1422 3310 1628 3381 fuisset.
1648 3310 1760 3378 Ego
1785 3309 1914 3361 nihil
1939 3308 2082 3361 aliud
2104 3328 2260 3381 quam
2280 3312 2440 3381 parti·

432 3404 475 3438 t.
503 3389 713 3458 Quanto
735 3390 883 3441 aliud
903 3392 983 3442 sit.
1015 3391 1076 3460 Q.
1096 3387 1248 3441 aliud
1261 3389 1358 3441 scit

352 3466 409 3517 in
431 3465 664 3519 libertate
685 3486 784 3520 esse
802 3468 822 3537 (
839 3478 983 3520 tanta
1008 3486 1174 3519 rerum
1200 3467 1354 3538 diffe-

352 3548 520 3598 rencia
542 3558 617 3599 est
638 3549 691 3599 in
715 3550 876 3600 camis
901 3547 1182 3618 libertatis)
1205 3547 1355 3599 aliud

355 3623 392 3676 Ι.
415 3644 457 3675 e.
482 3625 659 3677 AErod.
675 3627 1030 3693 Qui‚inolusa
1053 3627 1354 3698 parenthesi

352 3721 477 3754 mox
511 3704 699 3755 iterum
741 3718 1011 3776 sequentia
1049 3708 1263 3777 rejecit;
1304 3718 1357 3756 et

353 3782 509 3853 legitz
536 3783 619 3835 lex
642 3785 858 3838 liberum
886 3806 1000 3840 esse.
1027 3788 1200 3860 lqitur
1217 3789 1356 3859 quis-

352 3863 470 3934 quis
498 3875 637 3916 caret
655 3864 709 3936 s.
742 3884 779 3917 s.
815 3885 919 3917 non
951 3866 1062 3918 ideo
1093 3865 1224 3918 liber
1252 3878 1356 3917 est:

356 3944 454 3997 hoc
475 3945 583 4015 ipsa
599 3945 687 4014 (id
701 3946 839 3999 videt
854 3960 903 4000 et
922 3946 1019 4000 hoc
1032 3964 1196 4018 marg.
1210 3946 1232 4017 )
1246 3945 1360 4019 lege

351 4025 529 4076 adhuc
552 4045 621 4077 m.
647 4037 734 4081 est.

430 4124 479 4159 2.
496 4108 644 4181 Fuga
663 4112 907 4163 abessent.
935 4108 1191 4162 Abiissent
1212 4106 1359 4160 vole·-

355 4183 449 4237 bat
468 4187 737 4240 Francius.

430 4265 480 4316 3.
496 4266 552 4318 Si
571 4268 839 4322 voluntate
857 4279 945 4320 tua
964 4264 1094 4319 libor
1107 4284 1214 4318 non
1227 4265 1361 4338 faie·

1433 3387 1608 3438 culam
1646 3402 1926 3457 negantem
1966 3387 2136 3439 deleo.
2174 3387 2339 3440 Giton.
2374 3390 2439 3441 Et

1433 3467 1507 3518 ita
1528 3466 1661 3518 Obr.
1686 3496 1759 3506 —
1784 3468 1854 3518 Ut
1875 3477 2047 3541 neqet‚
2077 3466 2293 3519 liberum
2315 3478 2439 3520 tunc

1431 3548 1615 3600 saltem
1628 3548 1806 3619 fuisse.
1833 3550 2020 3600 For-tet
2046 3560 2103 3600 ut
2128 3560 2276 3620 neqet
2299 3550 2354 3600 in
2378 3546 2440 3600 Ii-

1437 3631 1625 3681 bea-tate
1639 3641 1760 3680 tunc
1777 3629 1958 3682 saltem
1967 3629 2148 3701 fuisse
2170 3628 2440 3698 Quomodo

1436 3705 1943 3781 iqiturcolliqemus?
1958 3727 2077 3760 eum
2091 3745 2108 3768 ,
2128 3709 2221 3781 qui
2240 3707 2294 3757 in
2311 3722 2441 3777 γνω-

1437 3795 1577 3836 texta
1603 3795 1705 3850 est,
1736 3786 1922 3858 quibus
1946 3785 2261 3860 argumentis
2286 3780 2442 3835 colli-

1431 3884 1613 3937 qemtu
1628 3883 1728 3917 esse
1745 3866 1800 3916 in
1821 3865 2089 3918 libertate?
2104 3865 2271 3916 (ἱκοῦ.
2303 3863 2444 3932 Quo-

1436 3943 1591 3995 modo
1640 3943 1800 4015 iqitur
1841 3943 2145 4017 colligemus
2191 3938 2444 3993 liberum?

1437 4027 1565 4099 quia
1590 4026 1644 4075 in
1671 4024 2059 4097 libertatefuit,
2085 4021 2265 4094 quibus
2284 4039 2443 4095 arqu-

1436 4107 1626 4158 mentis
1646 4105 1952 4181 colligemus
1966 4105 2130 4179 fidsse
2153 4105 2210 4156 in
2235 4102 2442 4156 liberta·

1441 4191 1528 4239 te?
1550 4187 1771 4240 Senot-r.

1508 4266 1559 4333 4.
1585 4266 1928 4339 Manifestum
1955 4267 2066 4320 erit.
2095 4265 2440 4337 Manifestum
