3200 5117
722 577 1562 644 DECLAMATIONES.
1610 580 2127 648 CCCXXXVI.
2340 588 2464 677 373

375 721 620 774 tamen
653 723 717 774 te
747 699 890 774 nou
918 723 1270 801 poteram3
1304 728 1447 774 una
1470 701 1720 774 solutio
1753 726 1896 776 erat
1928 706 2112 803 pacti
2139 706 2317 780 inter
2344 736 2469 783 nos

372 818 578 908 facti,
615 838 690 889 ut
725 843 957 889 rursus
994 816 1231 888 omnia
1267 817 1676 889 communia
1712 840 1978 909 essent,
2015 820 2086 891 id
2119 843 2253 914 est,
2294 844 2373 895 ut
2402 844 2471 897 et

374 960 627 1032 agrum
671 932 1211 1032 possideremu5‚
1254 953 1320 1004 et
1361 959 1447 1005 aes
1485 931 1801 1005 alienum
1843 935 1987 1005 duo
2020 934 2463 1011 solveremus.

372 1048 563 1146 Ergo
593 1048 908 1120 convenit
925 1103 945 1136 ,
972 1068 1050 1118 ut
1075 1073 1238 1146 ager
1261 1068 1423 1119 tuus
1452 1047 1547 1118 ita
1572 1067 1776 1139 esset,
1804 1048 1865 1118 si
1890 1073 1976 1119 aes
2002 1048 2307 1122 alienum
2332 1053 2472 1124 sol-

369 1190 602 1238 veres:
631 1191 771 1236 non
800 1164 1096 1236 solvisti:
1125 1147 1265 1259 que
1282 1162 1473 1263 jure¹
1502 1163 1852 1236 vindicare
1880 1185 2071 1263 potes
2095 1192 2251 1239 eam
2282 1195 2464 1260 rem,

284 1281 293 1290 ’
370 1279 575 1381 cujus
613 1281 916 1380 pretium
955 1306 1098 1351 non
1130 1278 1423 1351 dedisti?
1454 1278 1651 1368 Ideo,
1688 1278 1947 1377 inquit,
1984 1307 2127 1351 non
2169 1281 2338 1353 solvi
2380 1308 2467 1355 aes

368 1395 686 1467 alienum
711 1453 730 1485 ,
773 1394 940 1493 quia
987 1417 1176 1464 novae
1223 1391 1475 1464 tabulae
1518 1392 2039 1464 intervenerunt
2074 1420 2088 1463 ε
2141 1394 2469 1492 equidem

371 1512 739 1611 querebar,
775 1509 964 1610 quod
997 1535 1141 1580 non
1174 1506 1430 1580 solvisti
1459 1539 1478 1597 ;
1515 1527 1842 1579 caeterum
1868 1509 2045 1580 nihil
2073 1536 2229 1581 mea
2255 1510 2469 1582 inter-

370 1646 513 1712 est,
549 1652 687 1721 qua
720 1650 924 1698 causa
965 1649 1108 1694 non
1158 1621 1471 1712 solveris,
1507 1648 1730 1721 quum
1766 1649 2018 1721 agrum
2054 1624 2146 1696 ita
2175 1624 2466 1697 demum

371 1740 635 1811 habere
676 1739 1017 1838 potueris,
1060 1739 1113 1810 si
1156 1737 1487 1810 solvisse&
1533 1738 1687 1811 Sive
1731 1738 1911 1811 istud
1956 1759 2075 1811 tua
2108 1741 2466 1814 voluntate

371 1855 638 1925 factum
666 1874 799 1941 est,
834 1853 969 1924 sive
998 1850 1398 1923 liberalitate
1421 1851 1840 1924 creditorum
1864 1909 1883 1943 ‚
1918 1852 2056 1925 sive
2075 1910 2094 1942 ,
2128 1873 2203 1924 ut
2229 1854 2467 1925 mani-

373 1969 633 2039 festum
658 1987 790 2055 est,
817 1966 1100 2066 publica
1125 1967 1521 2040 necessitate
1539 2026 1560 2058 ,
1586 1994 1733 2039 non
1757 1968 2033 2040 solvisti.
2056 1968 2250 2059 Quid
2278 1969 2337 2040 si
2362 1970 2465 2040 hae

373 2082 629 2155 tabulae
652 2109 843 2154 novae
867 2104 1009 2155 tam
1034 2082 1211 2155 mihi
1245 2085 1437 2156 factae
1468 2105 1668 2176 sunt,
1704 2111 1915 2181 quarn
1952 2084 2123 2156 tibi?
2152 2112 2317 2157 nam
2340 2143 2360 2178 ‚
2391 2107 2468 2159 ut

375 2196 617 2294 paullo
636 2217 793 2269 ante
814 2197 1128 2270 dicebam
1144 2255 1163 2287 ,
1190 2225 1642 2271 communem
1670 2226 1915 2299 agrum
1943 2221 2208 2273 constat
2231 2200 2461 2274 fuisse.

375 2313 577 2383 Pater
595 2331 823 2384 noster
841 2338 969 2383 con
978 2326 1292 2385 traxerat²
1306 2339 1469 2385 cum
1492 2314 1762 2402 multis3
1788 2341 1931 2386 non
1943 2316 2295 2387 erubesco:
2320 2343 2463 2387 non

378 2426 824 2498 retinendum
857 2454 1104 2526 agrum
1138 2428 1613 2501 habebamus:
1661 2429 1913 2521 habes,
1954 2456 2263 2525 namque
2303 2456 2463 2528 ege,

377 2541 509 2614 hoc
549 2541 699 2641 ipso
737 2542 928 2639 quod
970 2543 1096 2615 tibi
1134 2544 1342 2629 cessi,
1382 2544 1757 2615 dominum
1790 2543 1943 2643 egi;
1996 2543 2209 2642 igitur
2241 2570 2466 2639 quum

374 2683 680 2729 essemus
712 2656 999 2731 heredes
1035 2659 1241 2757 patris
1279 2657 1954 2748 nostri‚·debuimus
1991 2657 2225 2728 ambo.
2257 2656 2338 2728 ld
2370 2657 2466 2728 sic

375 2772 625 2871 colligo
653 2801 669 2844 ε
709 2774 895 2871 finge
925 2800 1068 2846 esse
1105 2773 1416 2870 aliquem
1452 2800 1533 2846 ex
1565 2773 2021 2845 creditoribus
2056 2772 2465 2871 petitorem3

376 2886 726 2999 nuuiquid
759 2909 988 2986 petere
1023 2915 1064 2958 a
1095 2908 1160 2959 te
1189 2909 1407 2960 totam
1435 2913 1793 2962 summam
1827 2888 2091 2988 potest?
2131 2887 2464 2978 minime,

379 3019 456 3069 ut
478 2998 763 3097 opinor:
790 3001 967 3072 duos
993 3000 1183 3071 enim
1211 3021 1405 3100 pater
1426 3022 1654 3072 noster
1680 3001 1859 3072 filios
1888 3000 2208 3096 reliquit3
2241 3020 2310 3071 et
2335 3025 2467 3071 ne-

377 3139 560 3186 cesse
585 3135 714 3203 est,
740 3115 918 3187 sicut
937 3114 1157 3203 bona,
1185 3114 1282 3188 ita
1305 3141 1517 3186 onera
1546 3141 1826 3213 quoque
1852 3141 1994 3186 esse
2018 3112 2426 3186 communia
2446 3141 2469 3184 ε

373 3248 643 3327 partem
676 3256 836 3326 ergo
864 3250 940 3301 tu
971 3227 1308 3318 debuisti,
1344 3249 1612 3327 partem
1636 3255 1763 3326 ego
1791 3258 1810 3318 3
1841 3256 1982 3327 quo
2010 3228 2464 3320 efficiebatur,

375 3366 455 3417 ut
495 3366 761 3446 partem
802 3345 1114 3418 solveres.
1158 3344 1525 3416 Faciamus
1563 3344 1700 3416 hoc
1743 3344 2181 3417 manifestius
2216 3373 2232 3415 :
2282 3345 2469 3445 finge

374 3488 521 3534 esse
555 3462 864 3561 aliquem
898 3488 980 3534 ex
1016 3460 1501 3549 creditoribuS‚
1534 3461 1657 3559 qui
1696 3482 1961 3560 partem
2001 3460 2237 3533 crediti
2277 3461 2383 3532 sui
2425 3486 2471 3536 a

376 3601 492 3646 me
524 3596 744 3673 petat:
773 3575 945 3672 quid
971 3575 1387 3675 respondere
1415 3574 1747 3673 possum?
1772 3601 2023 3674 agrum
2054 3574 2245 3645 fratri
2269 3573 2468 3661 dedi3

376 3715 543 3763 cum
577 3690 782 3762 fratre
826 3718 983 3764 meo
1027 3689 1348 3768 convenit
1390 3687 1606 3777 mihi,
1649 3708 1731 3764 ut
1772 3687 1886 3762 ille
1920 3686 2253 3759 solveret:
2290 3710 2479 3766 num

377 3803 679 3876 dubium
702 3824 820 3896 est,
842 3806 1017 3905 quin
1035 3805 1349 3877 dicturus
1367 3802 1499 3875 fuit
1516 3801 1851 3875 creditor?
1867 3805 2147 3879 Partem
2166 3821 2243 3873 tu
2261 3798 2473 3872 debes

453 4053 495 4096 ι.
528 4036 644 4108 Quo
659 4039 794 4108 juve.
814 4035 964 4088 Vide.
989 4034 1130 4088 Guil.
1152 4037 1372 4087 Fomer.
1457 4043 1549 4084 tua
1569 4032 1853 4086 voluntate.
1870 4009 2081 4098 Malim,
2096 4028 2359 4096 tarditate,
2376 4040 2471 4083 aut

371 4116 561 4170 select.
589 4119 639 4183 1,
666 4136 787 4189 cap.
817 4118 868 4170 8.
897 4119 1092 4169 Αιιει.
1122 4145 1195 4157 —-
1213 4116 1377 4189 Equi·
1457 4112 1657 4185 aliquid
1681 4113 1803 4166 tale.
1829 4114 1996 4168 θεοῦ.

371 4196 486 4247 dem
506 4198 771 4271 querebar.
795 4195 1054 4268 Equidem
1072 4213 1248 4268 quoero
1265 4216 1281 4244 .·
1305 4213 1376 4245 an
1530 4212 1578 4246 2.
1609 4196 1961 4248 Contra-xerat.
1990 4196 2085 4248 ΕΩ
2107 4202 2479 4257 contraxerat,

373 4275 580 4350 aliquid
590 4278 790 4333 solvisti
799 4318 818 4346 ‚
835 4275 1015 4331 AErod.
1029 4276 1232 4329 -Sive
1245 4274 1382 4330 istud
1459 4273 1639 4328 AErod.
1730 4330 1737 4338 ,
