3200 5117
758 498 877 586 176
1164 497 1167 504 ·
1253 497 1347 563 M.
1395 496 1648 562 FABn
1692 492 2325 579 QUlNTlmANr

736 645 933 717 posse
951 676 970 707 ,
997 618 1225 717 itaque
1258 617 1540 690 tacebo‘:
1578 616 1691 688 dic
1708 674 1727 708 ,
1757 636 1822 688 te
1847 643 2097 717 sequor
2118 631 2173 689 ¹:
2202 616 2436 717 paullo
2462 639 2621 690 ante
2647 618 2838 692 dice-

736 735 896 822 haS,
945 760 1384 833 corrumpere
1428 733 1658 805 fratris
1707 759 1993 805 uxorem
2042 760 2249 804 ausus
2296 753 2435 826 est,
2489 734 2674 808 istud
2718 736 2835 809 in-

734 869 996 922 cestum
1033 873 1149 921 est.
1189 848 1325 921 Sed
1356 848 1645 919 forsitan
1682 846 1898 937 dicet,
1934 847 2164 919 amavi
2197 847 2594 921 adolescens
2630 876 2786 922 eam
2810 908 2829 943 ,

737 991 892 1062 quae
921 964 1114 1036 dorni
1144 986 1318 1054 erat,
1355 962 1552 1063 cujus
1586 952 2007 1035 conversatio
2042 962 2374 1036 continua
2401 964 2611 1040 etiam
2648 964 2832 1036 invi-

734 1099 837 1150 tos
869 1077 955 1149 ad
986 1105 1056 1150 se
1085 1077 1319 1149 oculos
1346 1098 1612 1177 poterat
1639 1075 2006 1150 deflectere
2033 1104 2048 1149 ε
2087 1078 2530 1176 ignoscamus
2559 1080 2782 1151 amori
2809 1107 2824 1151 :

733 1194 986 1296 objicio
1017 1195 1228 1293 igitur
1254 1194 1379 1267 tibi
1411 1194 1671 1266 occisos
1699 1220 1742 1265 a
1769 1215 1834 1266 te
1858 1194 2183 1266 homines
2208 1221 2287 1267 ex
2309 1194 2554 1268 eadem
2579 1221 2825 1286 causa,

732 1333 968 1414 quatu
996 1310 1260 1383 amasti.
1292 1308 1549 1383 Nullus
1580 1330 1682 1382 est
1710 1331 1853 1382 tam
1880 1309 2035 1381 vilis
2065 1310 2373 1383 hominis
2405 1311 2718 1410 sanguis,
2750 1333 2828 1386 ut

730 1457 874 1504 non
901 1453 1153 1500 manus
1181 1426 1539 1525 inquinet:
1572 1425 1824 1498 deinde
1848 1426 2028 1499 hanc
2058 1453 2184 1525 ego
2205 1428 2633 1508 severitatem
2663 1429 2819 1502 aliis

728 1542 1200 1646 permiserim;
1231 1562 1306 1613 tu
1336 1540 1526 1640 quod
1553 1562 1619 1613 et
1646 1541 1792 1640 ipse
1825 1541 2106 1632 amasti,
2143 1568 2381 1615 nonne
2410 1542 2569 1632 tihi,
2595 1571 2821 1642 quum

727 1655 1356 1760 deprehendisses2,
1396 1656 1782 1754 imaginem
1815 1683 2091 1729 cernere
2119 1655 2306 1730 visus
2344 1684 2415 1730 es
2453 1658 2555 1730 tui
2584 1658 2822 1732 casus?

728 1775 901 1875 quid
931 1773 1193 1846 diutius
1221 1772 1469 1844 differo
1508 1770 1866 1843 dolorem?
1900 1773 2185 1845 fratrem
2224 1774 2592 1847 occcidisti.
2628 1775 2816 1876 Scio,

715 1890 1028 1994 judiceS,
1077 1888 1548 1987 quorumdam
1600 1888 1942 1961 scelerum
1990 1916 2143 1962 eam
2193 1917 2334 1964 esse
2380 1891 2820 1990 magnitudi-

728 2035 895 2080 nem
914 2064 933 2096 ,
970 2027 1049 2077 ut
1073 2002 1309 2103 augeri
1333 2003 1557 2076 verbis
1590 2029 1733 2075 non
1764 2004 2041 2104 possint.
2074 2008 2385 2079 Fratrem
2412 2027 2618 2079 tuum
2642 2009 2818 2079 occi-

725 2121 922 2212 disti,
956 2139 1366 2192 servatorem
1408 2137 1648 2210 tuum,
1682 2118 1844 2216 qui,
1888 2138 1966 2191 ut
2005 2141 2082 2192 tu
2118 2120 2412 2214 viveres,
2447 2121 2815 2195 matrimo-

725 2237 929 2308 nium
968 2233 1209 2334 solvit:
1251 2252 1356 2325 et,
1394 2233 1582 2332 quod
1621 2233 1894 2333 gravius
1933 2256 2068 2327 est,
2101 2262 2243 2309 non
2279 2235 2485 2336 longe
2524 2258 2702 2328 erat;
2738 2238 2810 2310 in

724 2351 970 2425 eadem
1005 2350 1214 2422 domo
1250 2350 1524 2423 futurus
1562 2349 1847 2422 tradidit
1882 2350 2010 2423 tibi
2049 2378 2367 2440 uxorem,
2404 2380 2546 2452 qua
2583 2380 2809 2426 carere

720 2495 865 2542 non
910 2487 1194 2567 poterat.
1230 2470 1320 2540 Et
1359 2467 1489 2539 hoc
1534 2465 1954 2539 adulterium
1986 2468 2227 2541 vocas?
2267 2469 2362 2542 ita
2402 2490 2505 2543 est
2540 2469 2811 2544 adulter

721 2582 878 2673 ille,
927 2602 992 2654 et
1043 2603 1119 2654 tu
1175 2581 1508 2654 maritus!
1558 2580 1743 2654 istud
1792 2609 1917 2682 ego
1969 2582 2391 2656 adulterium
2442 2583 2804 2681 quondam

719 2726 936 2772 manu
964 2726 1121 2771 mea
1138 2696 1338 2799 junxi
1363 2728 1380 2787 ;
1416 2700 1559 2798 ipse
1583 2699 1895 2798 auspices
1918 2700 2203 2773 adhibui
2230 2701 2487 2802 :optavi
2517 2700 2802 2800 longam

716 2813 1181 2887 concordiam.
1223 2812 1521 2914 Majores
1564 2813 1776 2886 habet
1819 2815 1995 2888 vires
2043 2815 2264 2913 ignis,
2313 2815 2433 2914 qui
2476 2814 2800 2914 legitimis

713 2929 977 3001 facibus
1010 2926 1438 3014 accenditur,
1474 2953 1618 2999 non
1660 2940 1758 3000 est
1797 2950 1940 3000 tam
1972 2929 2171 3001 facile
2200 2929 2548 3020 desinere,
2584 2955 2800 3028 quam

713 3043 989 3115 cedere:
1027 3068 1218 3113 nunc
1251 3039 1600 3138 intelligo,
1627 3038 1940 3140 juvenis,
1975 3064 2323 3140 quantum
2351 3042 2525 3114 mihi
2550 3043 2801 3143 praesti-

713 3157 908 3228 teris:
939 3155 1243 3228 amabas
1271 3154 1573 3228 Coibant
1598 3181 1760 3253 ergo
1783 3155 2029 3228 furtim
2049 3214 2068 3248 ,
2102 3178 2170 3230 et
2198 3156 2478 3248 flentes,
2511 3178 2584 3230 ut
2611 3158 2797 3230 satis-

706 3273 1009 3344 facerent
1040 3272 1375 3344 invicem:
1419 3271 1513 3353 ita
1539 3293 1651 3362 tu,
1690 3299 1918 3371 quum
1957 3274 2088 3347 hoc
2118 3272 2422 3361 videres,
2453 3302 2595 3347 non
2631 3303 2794 3350 eru-

707 3386 956 3458 buisti?
1002 3414 1144 3459 non
1188 3387 1615 3486 deprehendi
1657 3388 1840 3460 visus
1888 3414 1994 3478 eS,
2042 3389 2238 3487 quasi
2290 3388 2601 3462 adulter?
2648 3417 2793 3463 non

706 3502 1106 3575 mehercule
1148 3503 1398 3575 ferrem
1440 3526 1506 3577 te
1549 3525 1823 3576 tantum
1864 3526 2272 3603 querentem
2309 3534 2326 3578 t
2370 3505 2560 3577 vides
2601 3506 2790 3576 enim

702 3619 1084 3691 liberorum
1130 3645 1411 3692 causam
1429 3618 1482 3713 ³,
1524 3621 1844 3710 amabas,
1884 3620 2418 3694 matrimonium
2455 3620 2793 3717 cogitave-

765 3817 818 3869 6.
852 3816 980 3882 Βίσ,
1010 3827 1061 3867 te
1089 3834 1286 3888 sequor.
1310 3817 1469 3868 Forte
1485 3854 1501 3880 .,
1524 3814 1626 3881 dic,
1657 3825 1707 3867 te
1786 3818 1976 3868 Forte:
2001 3815 2154 3871 Vides
2174 3816 2312 3868 enim
2337 3816 2636 3867 miserorum
2662 3832 2788 3867 cau-

696 3913 894 3967 sequor,
919 3894 1061 3967 quod
1085 3893 1274 3966 paullo
1304 3914 1354 3944 a.
1388 3893 1439 3945 d.
1466 3893 1546 3946 vel
1563 3931 1581 3959 ,
1617 3893 1703 3946 sed
1781 3915 1908 3949 sam.
1925 3899 1998 3949 Ut
2018 3917 2164 3962 mox,
2183 3897 2246 3950 de
2264 3896 2562 3947 innocentia
2583 3896 2791 3947 misero-

698 3983 746 4024 τε
759 3976 815 4027 in
828 3991 888 4025 eo
896 3990 1096 4045 sequar,
1109 3971 1250 4044 quod
1258 3970 1461 4044 paullo.
1477 3972 1695 4024 Scumr.
1777 3993 1916 4026 rum.
1928 3976 2160 4029 Gnouov.
2183 3975 2237 4029 V
2232 3975 2315 4026 ide
2327 3993 2387 4026 en
2397 3973 2469 4024 im
2485 3975 2785 4026 miserorum

766 4072 814 4107 2.
848 4056 1019 4126 Quum
1051 4053 1474 4125 deprehendisses.
1504 4055 1699 4104 Nonne
1776 4065 2365 4120 causam,·amaverunt,
2385 4047 2783 4106 matrimonium

698 4130 817 4197 tibi,
842 4152 1002 4203 quum
1018 4150 1133 4184 eum
1150 4130 1457 4201 deprehend.
1476 4132 1694 4184 Senum-r.
1774 4135 2099 4205 cogitatum,-
2118 4133 2200 4185 vel
2213 4171 2230 4198 ,
2249 4133 2388 4204 quod
2407 4133 2680 4197 amabant,
2706 4147 2776 4181 m.

766 4213 816 4269 3-
840 4213 994 4268 Vides
1014 4212 1157 4265 enim
1177 4211 1451 4266 liberorum
1469 4230 1692 4266 causam.
1773 4212 2164 4285 coyilaverunt;
2193 4212 2278 4264 vel
2309 4213 2556 4264 amabant
2571 4248 2591 4278 ‚
2624 4218 2777 4262 matr.
