3200 5117
736 475 1995 546 DECLAMATIONES..CCXL1X.
2325 474 2405 540 25

343 630 523 701 agere
554 604 765 703 coepi:
802 627 1032 703 neque
1071 602 1261 673 enim
1290 601 1506 673 videri
1547 627 1829 700 possum
1868 629 2066 702 agere
2094 600 2408 700 coepisse,

344 719 460 791 nisi
505 720 843 819 egissem:
896 746 1058 816 ergo
1102 737 1648 817 quantocunque
1692 738 1995 816 tempore
2042 719 2185 817 egi,
2228 716 2410 789 nihil

340 832 519 905 obest
559 859 706 904 non
754 858 1311 923 cousummasse3
1346 857 1576 930 neque
1626 830 1818 904 euim
1860 860 2054 923 eum,
2098 832 2221 931 qui
2264 858 2410 903 non

342 946 492 1020 vicit
509 1005 530 1038 ,
561 948 916 1049 negaveris
938 974 1319 1047 pugnasse3
1349 973 1580 1046 neque
1608 972 1772 1040 eum
1789 1002 1810 1033 ,
1833 948 1952 1045 qui
1980 949 2243 1020 fruetus
2266 973 2413 1018 non

338 1063 663 1163 percepit,
699 1063 1052 1163 negaveris
1098 1062 1517 1163 possedisse3
1563 1081 1684 1133 aut
1717 1088 1924 1153 eum,
1966 1063 2086 1161 qui
2135 1065 2416 1134 naufra-

335 1179 531 1277 gium
587 1181 821 1252 fecerit
852 1238 871 1268 ,
926 1181 1279 1280 negaveris
1341 1180 1720 1278 navigasse.
1786 1179 1919 1251 Sed
1975 1180 2418 1251 abolitionem

334 1296 547 1392 petit·¹
575 1323 590 1365 ε
630 1297 738 1367 vel
769 1294 898 1367 hoc
937 1297 1345 1394 argumento
1374 1293 1537 1365 satis
1559 1291 1753 1391 justo
1782 1293 2070 1392 probare
2099 1319 2381 1392 possum
2401 1349 2419 1381 ,

334 1411 552 1508 egisse
574 1414 911 1484 me.Tum
933 1411 1146 1510 igitur
1160 1437 1383 1506 quum
1405 1407 1689 1479 abolitio
1712 1409 2093 1506 petebatur,
2110 1406 2278 1506 quid
2301 1433 2426 1505 ego

296 1523 568 1597 ·eram?
596 1546 815 1614 actor,
858 1546 938 1597 ut
980 1526 1268 1624 opinor,
1316 1542 1384 1594 et
1424 1542 1789 1595 accusator.
1829 1523 2023 1614 Quid
2073 1522 2190 1596 ille
2236 1520 2426 1594 erat?

338 1663 485 1710 reus
519 1640 816 1740 opinor:
851 1639 1043 1737 atqui
1079 1639 1214 1711 hoc
1247 1662 1504 1710 nomen
1548 1664 1915 1734 nunquam
1962 1638 2035 1710 in
2059 1664 2253 1727 eum,
2289 1637 2421 1709 ad-

334 1780 611 1827 versum
631 1781 849 1854 quem
873 1780 1019 1825 non
1039 1754 1301 1850 agitur,
1327 1752 1525 1824 cadit.
1546 1755 1657 1824 Tu
1680 1753 1892 1826 hodie
1917 1753 2089 1852 quid
2110 1753 2424 1854 pugnas?

336 1896 418 1941 ne
449 1870 786 1942 adversus
820 1889 884 1939 te
920 1894 1119 1965 agere
1153 1866 1523 1965 incipiam?
1552 1894 1717 1940 nam
1753 1890 2072 1960 eventus,
2104 1889 2181 1941 ut
2210 1889 2286 1940 tu
2321 1869 2424 1940 vis

331 1985 553 2060 videri
583 2042 602 2075 ,
655 1985 915 2056 dubius
942 2004 1087 2081 est3
1133 2004 1366 2056 contra
1404 1983 1626 2056 multa
1653 1986 1957 2060 accidere
1994 2007 2281 2087 possunt
2307 1985 2428 2058 ad:-

329 2099 468 2172 huc
498 2157 517 2191 ,
579 2099 856 2198 propter
894 2126 1044 2198 quae
1082 2097 1438 2199 judicium
1488 2100 1719 2197 ipsum
1752 2126 1896 2172 non
1936 2123 2200 2198 agatur.
2237 2103 2427 2171 Prae-

329 2212 584 2284 scribis
616 2231 845 2284 tamen
882 2238 972 2283 ne
1014 2237 1250 2309 agam,
1288 2210 1359 2283 id
1404 2231 1535 2300 est,
1585 2238 1676 2283 ne
1711 2239 1973 2285 nomen
2001 2234 2205 2285 tunm
2236 2212 2428 2286 defe-

332 2357 476 2403 ram
492 2387 514 2420 ,
544 2356 642 2402 ne
663 2351 727 2402 te
747 2328 1016 2428 legibus
1043 2328 1350 2426 obligem
1375 2356 1389 2399 :
1424 2356 1650 2427 quum
1678 2329 1890 2427 igitur
1908 2351 2139 2401 tecum
2160 2350 2430 2403 acturus

335 2445 505 2535 sim,
559 2444 620 2516 si
664 2444 897 2516 statim
940 2470 1102 2515 cnm
1148 2442 1264 2514 illo
1306 2442 1456 2542 jam
1505 2443 1798 2541 egissem
1833 2500 1853 2532 ,
1913 2462 2241 2542 putemus
2287 2469 2429 2516 non

336 2559 727 2632 contineri²
775 2558 1128 2631 actionem
1158 2583 1301 2629 non
1337 2557 1532 2630 finito
1571 2557 1879 2658 judicio:
1917 2557 1973 2629 si
2004 2578 2240 2629 tamen
2276 2583 2434 2629 mea

339 2672 542 2774 culpa
592 2671 848 2745 accidit
876 2670 938 2761 3,
988 2698 1130 2769 quo
1180 2671 1417 2743 minus
1457 2670 1814 2772 judicium
1862 2673 2214 2761 finiretur,
2271 2672 2431 2744 satis

341 2786 614 2887 injuriae
662 2813 905 2887 passus
946 2812 1104 2857 sum
1139 2786 1212 2857 in
1262 2785 1486 2884 priore
1523 2784 1796 2886 judicio
1810 2816 1829 2876 3
1873 2808 1943 2858 et
1985 2806 2204 2886 potest
2241 2788 2428 2885 apud

340 2926 572 2998 aequos
620 2901 894 3001 judices
939 2927 1064 3000 pro
1106 2900 1372 2972 actione
1421 2901 1721 3000 perfecta
1763 2900 2002 2973 haberi
2029 2958 2048 2992 ,
2099 2902 2433 3001 quoniam

342 3014 523 3087 mihi
547 3018 785 3116 agenti
811 3043 1298 3089 consummare
1323 3042 1467 3088 non
1497 3016 1711 3100 licuit.
1733 3018 1893 3089 Dixi
1914 3018 2126 3116 igitur
2148 3044 2253 3108 ea,
2278 3043 2431 3114 quae

352 3128 437 3197 ad
466 3156 747 3204 causam
776 3133 1249 3232 pertinebant,
1285 3157 1514 3229 neque
1543 3157 1816 3228 semper
1843 3132 2146 3230 priorem
2174 3129 2439 3202 adulte-

356 3267 521 3312 rum
566 3249 862 3319 accusari
909 3275 1145 3348 posse,
1189 3269 1258 3319 et
1295 3274 1336 3318 a
1372 3272 1487 3318 me
1516 3265 1747 3317 aetum
1779 3270 1954 3336 esse,
1998 3245 2435 3318 etiamsinon

350 3380 533 3430 esset
562 3362 857 3458 perfecta
881 3365 1093 3454 actio;
1130 3385 1403 3455 tamen,
1453 3361 1786 3460 qnoniam
1830 3362 2182 3461 republica
2219 3362 2439 3435 inter-

344 3473 679 3547 veniente
696 3532 716 3566 ,
753 3497 816 3548 et
838 3479 984 3578 lege
1013 3479 1136 3551 viri
1160 3479 1351 3551 fortis
1368 3537 1386 3569 ,
1417 3479 1721 3578 perfecta
1745 3503 1887 3550 non
1917 3498 2119 3570 esset,
2143 3477 2435 3576 proinde

342 3616 503 3662 eam
554 3591 799 3665 haberi
853 3616 1159 3694 oportere
1186 3652 1206 3684 ,
1261 3622 1343 3669 ac
1395 3594 1451 3665 si
1498 3620 1626 3692 ego
1670 3594 1988 3669 fecissem
2012 3652 2032 3687 ,
2090 3592 2438 3692 quidquid

342 3704 582 3780 volui:
616 3708 900 3808 propius
947 3710 1264 3783 accedere
1307 3709 1395 3781 ad
1436 3707 1979 3781 confessionemff*
2005 3707 2298 3808 hujusce
2341 3706 2440 3777 rei

426 3883 446 3916 ι
460 3903 472 3916 .
484 3865 836 3922 Abolitionem
846 3874 997 3943 petit.
1014 3872 1150 3944 Lege
1161 3911 1176 3939 ,
1186 3871 1355 3945 petiit,
1510 3869 1560 3920 3.
1579 3869 1702 3919 Mea
1722 3864 1879 3938 culpa
1893 3865 2097 3918 accidit.
2118 3864 2284 3914 Immo
2295 3901 2312 3929 ‚
2333 3883 2439 3917 non

343 3945 463 4001 scil.
482 3947 723 4015 adulter,
740 3955 892 4024 quasi
905 3954 1077 4026 possit
1095 3971 1158 4004 eo
1184 3951 1359 4006 defen·
1437 3947 1642 4001 accidit.
1665 3946 1831 3999 Gnou.
1846 3974 1920 3985 —-
1936 3944 2157 4017 Injurt‘oe
2173 3945 2360 3995 marito
2380 3944 2442 3995 il-

342 4028 432 4097 di,
452 4030 605 4102 quod
620 4051 729 4085 non
746 4035 813 4087 sit
827 4047 1125 4087 accusatus.
1141 4032 1357 4086 Senum.
1440 4029 1560 4082 latae
1584 4047 1647 4080 ex
1668 4027 1907 4080 adultero
1926 4026 2204 4098 impunito.
2226 4027 2319 4077 Eo.

420 4125 471 4159 2.
486 4109 617 4162 Non
633 4111 909 4164 contineri.
921 4113 1045 4165 Non
1060 4121 1358 4181 competere.
1512 4110 1565 4178 4.
1590 4110 1676 4162 Ad
1694 4109 2081 4182 confessionem.
2107 4109 2218 4172 An,
2236 4108 2308 4159 ad
2323 4125 2441 4158 con-

346 4186 570 4240 Scuunr.
1446 4189 1760 4242 tentionem?
1795 4200 1849 4239 ut
1877 4186 2111 4240 Det-lam.
2156 4185 2292 4237 xlx.
2330 4186 2408 4234 An
2427 4220 2444 4247 ,
