<?xml version="1.0" encoding="UTF-8"?>
<!DOCTYPE html PUBLIC "-//W3C//DTD XHTML 1.0 Transitional//EN"
    "http://www.w3.org/TR/xhtml1/DTD/xhtml1-transitional.dtd">
<html xmlns="http://www.w3.org/1999/xhtml" xml:lang="en" lang="en">
 <head>
  <title>
</title>
<meta http-equiv="Content-Type" content="text/html;charset=utf-8" />
  <meta name='ocr-system' content='tesseract 3.04.00' />
  <meta name='ocr-capabilities' content='ocr_page ocr_carea ocr_par ocr_line ocrx_word'/>
</head>
<body>
  <div class='ocr_page' id='page_1' title='image "./deinstitutioneo00flacgoog_0019.png"; bbox 0 0 3200 5117; ppageno 0'>
   <div class='ocr_carea' id='block_1_1' title="bbox 700 559 2366 634">
    <p class='ocr_par' dir='ltr' id='par_1_1' title="bbox 700 559 2366 634">
     <span class='ocr_line' id='line_1_1' title="bbox 700 559 2366 634; baseline -0.001 -5"><span class='ocrx_word' id='word_1_1' title='bbox 700 559 1536 634; x_wconf 74' lang='lat' dir='ltr'><strong>DECLAMATIONES.</strong></span> <span class='ocrx_word' id='word_1_2' title='bbox 1584 565 1963 630; x_wconf 85' lang='lat' dir='ltr'>CCXLVI.</span> <span class='ocrx_word' id='word_1_3' title='bbox 2301 587 2366 628; x_wconf 89' lang='lat'><strong>11</strong></span> 
     </span>
    </p>
   </div>
   <div class='ocr_carea' id='block_1_2' title="bbox 296 685 2424 3085">
    <p class='ocr_par' dir='ltr' id='par_1_2' title="bbox 296 685 2424 3085">
     <span class='ocr_line' id='line_1_2' title="bbox 310 685 2424 786; baseline -0 -27"><span class='ocrx_word' id='word_1_4' title='bbox 310 685 561 760; x_wconf 87' lang='lat' dir='ltr'><strong>utinam</strong></span> <span class='ocrx_word' id='word_1_5' title='bbox 610 714 900 761; x_wconf 85' lang='lat' dir='ltr'><strong>noverca</strong></span> <span class='ocrx_word' id='word_1_6' title='bbox 942 688 1117 760; x_wconf 93' lang='lat' dir='ltr'><strong>illud</strong></span> <span class='ocrx_word' id='word_1_7' title='bbox 1160 686 1391 759; x_wconf 87' lang='lat' dir='ltr'><strong>statim</strong></span> <span class='ocrx_word' id='word_1_8' title='bbox 1438 713 1788 760; x_wconf 87' lang='lat' dir='ltr'><strong>venenum</strong></span> <span class='ocrx_word' id='word_1_9' title='bbox 1837 686 2131 761; x_wconf 81' lang='lat' dir='ltr'><strong>dedisset</strong></span> <span class='ocrx_word' id='word_1_10' title='bbox 2160 745 2178 776; x_wconf 86' lang='lat'>,</span> <span class='ocrx_word' id='word_1_11' title='bbox 2234 715 2376 786; x_wconf 90' lang='lat' dir='ltr'><strong>quo</strong></span> <span class='ocrx_word' id='word_1_12' title='bbox 2420 711 2424 724; x_wconf 66' lang='lat'><strong>⁴</strong></span> 
     </span>
     <span class='ocr_line' id='line_1_3' title="bbox 308 801 2378 901; baseline 0 -28"><span class='ocrx_word' id='word_1_13' title='bbox 308 803 430 875; x_wconf 87' lang='lat' dir='ltr'><strong>vita</strong></span> <span class='ocrx_word' id='word_1_14' title='bbox 455 801 859 875; x_wconf 84' lang='lat' dir='ltr'>auferretur!</span> <span class='ocrx_word' id='word_1_15' title='bbox 894 802 1012 874; x_wconf 87' lang='lat' dir='ltr'><strong>illa</strong></span> <span class='ocrx_word' id='word_1_16' title='bbox 1036 802 1319 900; x_wconf 88' lang='lat' dir='ltr'><strong>potione</strong></span> <span class='ocrx_word' id='word_1_17' title='bbox 1346 822 1840 901; x_wconf 88' lang='lat' dir='ltr'><strong>consumptum</strong></span> <span class='ocrx_word' id='word_1_18' title='bbox 1872 823 2013 875; x_wconf 88' lang='lat' dir='ltr'><strong>tota</strong></span> <span class='ocrx_word' id='word_1_19' title='bbox 2034 804 2263 875; x_wconf 87' lang='lat' dir='ltr'><strong>civitas</strong></span> <span class='ocrx_word' id='word_1_20' title='bbox 2288 803 2378 875; x_wconf 88' lang='lat' dir='ltr'><strong>ad</strong></span> 
     </span>
     <span class='ocr_line' id='line_1_4' title="bbox 312 915 2380 1018; baseline 0.001 -32"><span class='ocrx_word' id='word_1_21' title='bbox 312 944 542 1016; x_wconf 79' lang='lat' dir='ltr'><strong>rogum</strong></span> <span class='ocrx_word' id='word_1_22' title='bbox 578 917 877 1008; x_wconf 85' lang='lat' dir='ltr'><strong>tulisset,</strong></span> <span class='ocrx_word' id='word_1_23' title='bbox 913 916 1317 988; x_wconf 82' lang='lat' dir='ltr'><strong>celebrasset</strong></span> <span class='ocrx_word' id='word_1_24' title='bbox 1350 915 1621 1004; x_wconf 84' lang='lat' dir='ltr'><strong>laudes3</strong></span> <span class='ocrx_word' id='word_1_25' title='bbox 1656 917 1863 989; x_wconf 88' lang='lat' dir='ltr'><strong>etiam</strong></span> <span class='ocrx_word' id='word_1_26' title='bbox 1893 920 2218 1018; x_wconf 86' lang='lat' dir='ltr'><strong>temporis</strong></span> <span class='ocrx_word' id='word_1_27' title='bbox 2253 919 2380 991; x_wconf 90' lang='lat' dir='ltr'><strong>dis-</strong></span> 
     </span>
     <span class='ocr_line' id='line_1_5' title="bbox 311 1029 2381 1105; baseline 0.001 -3"><span class='ocrx_word' id='word_1_28' title='bbox 311 1032 557 1104; x_wconf 85' lang='lat' dir='ltr'><strong>crimen</strong></span> <span class='ocrx_word' id='word_1_29' title='bbox 604 1031 910 1104; x_wconf 88' lang='lat' dir='ltr'><strong>multum</strong></span> <span class='ocrx_word' id='word_1_30' title='bbox 965 1031 1294 1102; x_wconf 83' lang='lat' dir='ltr'><strong>attulisset</strong></span> <span class='ocrx_word' id='word_1_31' title='bbox 1331 1029 1860 1103; x_wconf 86' lang='lat' dir='ltr'><strong>admirationis:</strong></span> <span class='ocrx_word' id='word_1_32' title='bbox 1903 1032 2024 1104; x_wconf 86' lang='lat' dir='ltr'><strong>illa</strong></span> <span class='ocrx_word' id='word_1_33' title='bbox 2071 1034 2381 1105; x_wconf 88' lang='lat' dir='ltr'><strong>dicerent</strong></span> 
     </span>
     <span class='ocr_line' id='line_1_6' title="bbox 310 1144 2378 1245; baseline 0.002 -30"><span class='ocrx_word' id='word_1_34' title='bbox 310 1144 644 1235; x_wconf 80' lang='lat' dir='ltr'><strong>homines,</strong></span> <span class='ocrx_word' id='word_1_35' title='bbox 671 1173 814 1218; x_wconf 95' lang='lat' dir='ltr'><strong>non</strong></span> <span class='ocrx_word' id='word_1_36' title='bbox 846 1144 1239 1218; x_wconf 88' lang='lat' dir='ltr'><strong>tulissemus</strong></span> <span class='ocrx_word' id='word_1_37' title='bbox 1264 1144 1409 1215; x_wconf 87' lang='lat' dir='ltr'><strong>haec</strong></span> <span class='ocrx_word' id='word_1_38' title='bbox 1431 1159 1479 1233; x_wconf 86' lang='lat'><strong>¹,</strong></span> <span class='ocrx_word' id='word_1_39' title='bbox 1505 1145 1563 1215; x_wconf 89' lang='lat' dir='ltr'><strong>si</strong></span> <span class='ocrx_word' id='word_1_40' title='bbox 1587 1144 1877 1216; x_wconf 87' lang='lat' dir='ltr'><strong>vixisset.</strong></span> <span class='ocrx_word' id='word_1_41' title='bbox 1902 1148 2047 1244; x_wconf 80' lang='lat' dir='ltr'><strong>Ego</strong></span> <span class='ocrx_word' id='word_1_42' title='bbox 2066 1204 2085 1237; x_wconf 81' lang='lat'>,</span> <span class='ocrx_word' id='word_1_43' title='bbox 2115 1148 2378 1245; x_wconf 82' lang='lat' dir='ltr'><strong>inquit,</strong></span> 
     </span>
     <span class='ocr_line' id='line_1_7' title="bbox 305 1258 2383 1359; baseline 0 -27"><span class='ocrx_word' id='word_1_44' title='bbox 305 1280 561 1334; x_wconf 83' lang='lat' dir='ltr'><strong>tantum</strong></span> <span class='ocrx_word' id='word_1_45' title='bbox 592 1261 830 1333; x_wconf 86' lang='lat' dir='ltr'><strong>animo</strong></span> <span class='ocrx_word' id='word_1_46' title='bbox 866 1261 1053 1332; x_wconf 91' lang='lat' dir='ltr'><strong>bono</strong></span> <span class='ocrx_word' id='word_1_47' title='bbox 1092 1258 1245 1330; x_wconf 87' lang='lat' dir='ltr'><strong>feci.</strong></span> <span class='ocrx_word' id='word_1_48' title='bbox 1292 1258 1700 1330; x_wconf 84' lang='lat' dir='ltr'><strong>Erubescite</strong></span> <span class='ocrx_word' id='word_1_49' title='bbox 1734 1279 2014 1350; x_wconf 82' lang='lat' dir='ltr'><strong>matres,</strong></span> <span class='ocrx_word' id='word_1_50' title='bbox 2043 1286 2195 1359; x_wconf 84' lang='lat' dir='ltr'><strong>quae</strong></span> <span class='ocrx_word' id='word_1_51' title='bbox 2228 1289 2383 1333; x_wconf 91' lang='lat' dir='ltr'><strong>am-</strong></span> 
     </span>
     <span class='ocr_line' id='line_1_8' title="bbox 306 1370 2384 1475; baseline 0.001 -31"><span class='ocrx_word' id='word_1_52' title='bbox 306 1374 503 1472; x_wconf 80' lang='lat' dir='ltr'><strong>plexoe</strong></span> <span class='ocrx_word' id='word_1_53' title='bbox 533 1395 835 1447; x_wconf 88' lang='lat' dir='ltr'><strong>armatos</strong></span> <span class='ocrx_word' id='word_1_54' title='bbox 854 1370 1005 1473; x_wconf 88' lang='lat' dir='ltr'><strong>jam</strong></span> <span class='ocrx_word' id='word_1_55' title='bbox 1038 1372 1323 1463; x_wconf 87' lang='lat' dir='ltr'><strong>liberos,</strong></span> <span class='ocrx_word' id='word_1_56' title='bbox 1355 1372 1592 1470; x_wconf 87' lang='lat' dir='ltr'><strong>impiae</strong></span> <span class='ocrx_word' id='word_1_57' title='bbox 1621 1393 1857 1444; x_wconf 87' lang='lat' dir='ltr'><strong>tamen</strong></span> <span class='ocrx_word' id='word_1_58' title='bbox 1877 1374 2034 1475; x_wconf 88' lang='lat' dir='ltr'><strong>jam</strong></span> <span class='ocrx_word' id='word_1_59' title='bbox 2064 1375 2216 1446; x_wconf 85' lang='lat' dir='ltr'><strong>estis</strong></span> <span class='ocrx_word' id='word_1_60' title='bbox 2243 1376 2384 1447; x_wconf 88' lang='lat' dir='ltr'><strong>mei</strong></span> 
     </span>
     <span class='ocr_line' id='line_1_9' title="bbox 303 1486 2388 1590; baseline -0.001 -28"><span class='ocrx_word' id='word_1_61' title='bbox 303 1491 612 1590; x_wconf 85' lang='lat' dir='ltr'><strong>exemplo</strong></span> <span class='ocrx_word' id='word_1_62' title='bbox 646 1518 660 1560; x_wconf 91' lang='lat'>:</span> <span class='ocrx_word' id='word_1_63' title='bbox 698 1492 983 1564; x_wconf 84' lang='lat' dir='ltr'><strong>inventa</strong></span> <span class='ocrx_word' id='word_1_64' title='bbox 1024 1510 1124 1560; x_wconf 83' lang='lat' dir='ltr'><strong>est</strong></span> <span class='ocrx_word' id='word_1_65' title='bbox 1157 1509 1296 1559; x_wconf 90' lang='lat' dir='ltr'><strong>tota</strong></span> <span class='ocrx_word' id='word_1_66' title='bbox 1331 1486 1602 1560; x_wconf 86' lang='lat' dir='ltr'><strong>civitate</strong></span> <span class='ocrx_word' id='word_1_67' title='bbox 1640 1488 1862 1588; x_wconf 76' lang='lat' dir='ltr'><strong>magis</strong></span> <span class='ocrx_word' id='word_1_68' title='bbox 1898 1502 2202 1561; x_wconf 78' lang='lat' dir='ltr'><strong>amaret²</strong></span> <span class='ocrx_word' id='word_1_69' title='bbox 2246 1515 2388 1562; x_wconf 84' lang='lat' dir='ltr'><strong>una</strong></span> 
     </span>
     <span class='ocr_line' id='line_1_10' title="bbox 305 1601 2385 1707; baseline -0.001 -30"><span class='ocrx_word' id='word_1_70' title='bbox 305 1633 442 1704; x_wconf 86' lang='lat' dir='ltr'><strong>quae</strong></span> <span class='ocrx_word' id='word_1_71' title='bbox 483 1628 796 1707; x_wconf 85' lang='lat' dir='ltr'><strong>parceret</strong></span> <span class='ocrx_word' id='word_1_72' title='bbox 847 1630 1162 1676; x_wconf 86' lang='lat' dir='ltr'><strong>noverca.</strong></span> <span class='ocrx_word' id='word_1_73' title='bbox 1218 1604 1379 1674; x_wconf 88' lang='lat' dir='ltr'><strong>Non</strong></span> <span class='ocrx_word' id='word_1_74' title='bbox 1430 1601 1580 1674; x_wconf 88' lang='lat' dir='ltr'><strong>dico</strong></span> <span class='ocrx_word' id='word_1_75' title='bbox 1629 1603 1713 1673; x_wconf 87' lang='lat' dir='ltr'><strong>de</strong></span> <span class='ocrx_word' id='word_1_76' title='bbox 1760 1602 1869 1675; x_wconf 83' lang='lat' dir='ltr'><strong>his</strong></span> <span class='ocrx_word' id='word_1_77' title='bbox 1918 1602 2183 1694; x_wconf 88' lang='lat' dir='ltr'><strong>adhuc,</strong></span> <span class='ocrx_word' id='word_1_78' title='bbox 2230 1629 2385 1702; x_wconf 84' lang='lat' dir='ltr'><strong>quae</strong></span> 
     </span>
     <span class='ocr_line' id='line_1_11' title="bbox 302 1718 2381 1819; baseline -0.001 -27"><span class='ocrx_word' id='word_1_79' title='bbox 302 1745 527 1794; x_wconf 86' lang='lat' dir='ltr'><strong>secuta</strong></span> <span class='ocrx_word' id='word_1_80' title='bbox 572 1744 783 1794; x_wconf 86' lang='lat' dir='ltr'><strong>sunt:</strong></span> <span class='ocrx_word' id='word_1_81' title='bbox 833 1749 976 1794; x_wconf 94' lang='lat' dir='ltr'><strong>non</strong></span> <span class='ocrx_word' id='word_1_82' title='bbox 1009 1720 1203 1791; x_wconf 87' lang='lat' dir='ltr'><strong>illam</strong></span> <span class='ocrx_word' id='word_1_83' title='bbox 1239 1718 1492 1819; x_wconf 82' lang='lat' dir='ltr'><strong>judicii</strong></span> <span class='ocrx_word' id='word_1_84' title='bbox 1533 1719 2052 1792; x_wconf 88' lang='lat' dir='ltr'><strong>contumeliam.</strong></span> <span class='ocrx_word' id='word_1_85' title='bbox 2093 1720 2381 1791; x_wconf 88' lang='lat' dir='ltr'><strong>Interim</strong></span> 
     </span>
     <span class='ocr_line' id='line_1_12' title="bbox 301 1832 2381 1936; baseline 0.001 -30"><span class='ocrx_word' id='word_1_86' title='bbox 301 1855 566 1926; x_wconf 85' lang='lat' dir='ltr'><strong>tamen,</strong></span> <span class='ocrx_word' id='word_1_87' title='bbox 606 1836 777 1935; x_wconf 91' lang='lat' dir='ltr'><strong>quid</strong></span> <span class='ocrx_word' id='word_1_88' title='bbox 826 1834 1007 1906; x_wconf 90' lang='lat' dir='ltr'><strong>mihi</strong></span> <span class='ocrx_word' id='word_1_89' title='bbox 1043 1832 1272 1931; x_wconf 90' lang='lat' dir='ltr'><strong>potuit</strong></span> <span class='ocrx_word' id='word_1_90' title='bbox 1299 1833 1569 1930; x_wconf 81' lang='lat' dir='ltr'><strong>gravius</strong></span> <span class='ocrx_word' id='word_1_91' title='bbox 1600 1835 1946 1908; x_wconf 81' lang='lat' dir='ltr'><strong>accidere?</strong></span> <span class='ocrx_word' id='word_1_92' title='bbox 1978 1863 2188 1936; x_wconf 88' lang='lat' dir='ltr'><strong>quam</strong></span> <span class='ocrx_word' id='word_1_93' title='bbox 2223 1863 2381 1935; x_wconf 78' lang='lat' dir='ltr'><strong>ego,</strong></span> 
     </span>
     <span class='ocr_line' id='line_1_13' title="bbox 302 1947 2387 2048; baseline 0.002 -29"><span class='ocrx_word' id='word_1_94' title='bbox 302 1949 389 2021; x_wconf 87' lang='lat' dir='ltr'><strong>dii</strong></span> <span class='ocrx_word' id='word_1_95' title='bbox 420 1949 750 2048; x_wconf 84' lang='lat' dir='ltr'><strong>deaeque!</strong></span> <span class='ocrx_word' id='word_1_96' title='bbox 786 1947 1055 2047; x_wconf 88' lang='lat' dir='ltr'><strong>perdidi</strong></span> <span class='ocrx_word' id='word_1_97' title='bbox 1085 1947 1552 2021; x_wconf 78' lang='lat' dir='ltr'><strong>occasionem?</strong></span> <span class='ocrx_word' id='word_1_98' title='bbox 1588 1950 1958 2026; x_wconf 82' lang='lat' dir='ltr'><strong>obtulerat</strong></span> <span class='ocrx_word' id='word_1_99' title='bbox 1997 1950 2171 2026; x_wconf 83' lang='lat' dir='ltr'><strong>deus</strong></span> <span class='ocrx_word' id='word_1_100' title='bbox 2211 1972 2387 2024; x_wconf 86' lang='lat' dir='ltr'><strong>tem·</strong></span> 
     </span>
     <span class='ocr_line' id='line_1_14' title="bbox 300 2064 2386 2168; baseline 0 -31"><span class='ocrx_word' id='word_1_101' title='bbox 300 2093 419 2163; x_wconf 86' lang='lat' dir='ltr'><strong>pus</strong></span> <span class='ocrx_word' id='word_1_102' title='bbox 443 2066 710 2140; x_wconf 82' lang='lat' dir='ltr'><strong>merita</strong></span> <span class='ocrx_word' id='word_1_103' title='bbox 735 2064 1136 2163; x_wconf 77' lang='lat' dir='ltr'><strong>geminandi</strong></span> <span class='ocrx_word' id='word_1_104' title='bbox 1161 2091 1176 2134; x_wconf 75' lang='grc' dir='ltr'><strong><em>ε</em></strong></span> <span class='ocrx_word' id='word_1_105' title='bbox 1210 2087 1487 2140; x_wconf 86' lang='lat' dir='ltr'><strong>venerat</strong></span> <span class='ocrx_word' id='word_1_106' title='bbox 1512 2065 1658 2140; x_wconf 87' lang='lat' dir='ltr'><strong>dies</strong></span> <span class='ocrx_word' id='word_1_107' title='bbox 1681 2066 2114 2168; x_wconf 85' lang='lat' dir='ltr'><strong>approbandi</strong></span> <span class='ocrx_word' id='word_1_108' title='bbox 2136 2123 2157 2161; x_wconf 85' lang='lat'>,</span> <span class='ocrx_word' id='word_1_109' title='bbox 2195 2065 2386 2166; x_wconf 89' lang='lat' dir='ltr'><strong>qnod</strong></span> 
     </span>
     <span class='ocr_line' id='line_1_15' title="bbox 296 2178 2390 2267; baseline 0.001 -17"><span class='ocrx_word' id='word_1_110' title='bbox 296 2181 574 2254; x_wconf 84' lang='lat' dir='ltr'><strong>fortiter</strong></span> <span class='ocrx_word' id='word_1_111' title='bbox 614 2178 945 2267; x_wconf 84' lang='lat' dir='ltr'><strong>feceram,</strong></span> <span class='ocrx_word' id='word_1_112' title='bbox 981 2178 1052 2251; x_wconf 90' lang='lat' dir='ltr'><strong>id</strong></span> <span class='ocrx_word' id='word_1_113' title='bbox 1083 2205 1224 2254; x_wconf 88' lang='lat' dir='ltr'><strong>non</strong></span> <span class='ocrx_word' id='word_1_114' title='bbox 1258 2181 1617 2254; x_wconf 85' lang='lat' dir='ltr'><strong>fortunam</strong></span> <span class='ocrx_word' id='word_1_115' title='bbox 1646 2182 1879 2256; x_wconf 83' lang='lat' dir='ltr'><strong>fuisse.</strong></span> <span class='ocrx_word' id='word_1_116' title='bbox 1919 2183 2174 2255; x_wconf 79' lang='lat' dir='ltr'><strong>Felices</strong></span> <span class='ocrx_word' id='word_1_117' title='bbox 2197 2207 2390 2254; x_wconf 90' lang='lat' dir='ltr'><strong>com-</strong></span> 
     </span>
     <span class='ocr_line' id='line_1_16' title="bbox 300 2293 2387 2394; baseline -0.001 -24"><span class='ocrx_word' id='word_1_118' title='bbox 300 2296 661 2370; x_wconf 81' lang='lat' dir='ltr'><strong>militones</strong></span> <span class='ocrx_word' id='word_1_119' title='bbox 714 2294 887 2384; x_wconf 86' lang='lat' dir='ltr'><strong>mei,</strong></span> <span class='ocrx_word' id='word_1_120' title='bbox 938 2293 1246 2368; x_wconf 84' lang='lat' dir='ltr'><strong>hostium</strong></span> <span class='ocrx_word' id='word_1_121' title='bbox 1284 2316 1475 2394; x_wconf 78' lang='lat' dir='ltr'><strong>terga</strong></span> <span class='ocrx_word' id='word_1_122' title='bbox 1504 2296 1802 2387; x_wconf 81' lang='lat' dir='ltr'><strong>vidistis,</strong></span> <span class='ocrx_word' id='word_1_123' title='bbox 1841 2297 2141 2370; x_wconf 81' lang='lat' dir='ltr'><strong>calcastis</strong></span> <span class='ocrx_word' id='word_1_124' title='bbox 2177 2298 2387 2369; x_wconf 82' lang='lat' dir='ltr'><strong>cada-</strong></span> 
     </span>
     <span class='ocr_line' id='line_1_17' title="bbox 298 2409 2388 2508; baseline 0.001 -30"><span class='ocrx_word' id='word_1_125' title='bbox 298 2436 467 2501; x_wconf 83' lang='lat' dir='ltr'><strong>vera,</strong></span> <span class='ocrx_word' id='word_1_126' title='bbox 480 2409 851 2484; x_wconf 79' lang='lat' dir='ltr'><strong>victoriam</strong></span> <span class='ocrx_word' id='word_1_127' title='bbox 872 2409 1229 2507; x_wconf 87' lang='lat' dir='ltr'><strong>publicam</strong></span> <span class='ocrx_word' id='word_1_128' title='bbox 1250 2410 1556 2484; x_wconf 82' lang='lat' dir='ltr'><strong>clamore</strong></span> <span class='ocrx_word' id='word_1_129' title='bbox 1577 2411 1715 2484; x_wconf 83' lang='lat' dir='ltr'><strong>laeti</strong></span> <span class='ocrx_word' id='word_1_130' title='bbox 1741 2412 2092 2484; x_wconf 85' lang='lat' dir='ltr'><strong>retulistis:</strong></span> <span class='ocrx_word' id='word_1_131' title='bbox 2116 2433 2182 2482; x_wconf 83' lang='lat' dir='ltr'><strong>at</strong></span> <span class='ocrx_word' id='word_1_132' title='bbox 2205 2410 2388 2508; x_wconf 82' lang='lat' dir='ltr'><strong>³ego‚</strong></span> 
     </span>
     <span class='ocr_line' id='line_1_18' title="bbox 301 2523 2393 2625; baseline -0.001 -28"><span class='ocrx_word' id='word_1_133' title='bbox 301 2526 585 2623; x_wconf 87' lang='lat' dir='ltr'><strong>quando</strong></span> <span class='ocrx_word' id='word_1_134' title='bbox 610 2523 1075 2623; x_wconf 77' lang='lat' dir='ltr'><strong>pugnandum</strong></span> <span class='ocrx_word' id='word_1_135' title='bbox 1100 2546 1197 2597; x_wconf 84' lang='lat' dir='ltr'><strong>est</strong></span> <span class='ocrx_word' id='word_1_136' title='bbox 1213 2582 1231 2614; x_wconf 90' lang='lat'>‚</span> <span class='ocrx_word' id='word_1_137' title='bbox 1265 2525 1717 2624; x_wconf 75' lang='lat' dir='ltr'><strong>interrogavi3</strong></span> <span class='ocrx_word' id='word_1_138' title='bbox 1749 2525 2170 2625; x_wconf 77' lang='lat' dir='ltr'><strong>longamque</strong></span> <span class='ocrx_word' id='word_1_139' title='bbox 2201 2524 2393 2595; x_wconf 83' lang='lat' dir='ltr'><strong>illam</strong></span> 
     </span>
     <span class='ocr_line' id='line_1_19' title="bbox 302 2641 2393 2729; baseline -0.001 -18"><span class='ocrx_word' id='word_1_140' title='bbox 302 2666 610 2712; x_wconf 77' lang='lat' dir='ltr'><strong>novercae</strong></span> <span class='ocrx_word' id='word_1_141' title='bbox 660 2662 935 2712; x_wconf 87' lang='lat' dir='ltr'><strong>noctem</strong></span> <span class='ocrx_word' id='word_1_142' title='bbox 988 2641 1271 2712; x_wconf 87' lang='lat' dir='ltr'><strong>tandem</strong></span> <span class='ocrx_word' id='word_1_143' title='bbox 1324 2667 1646 2714; x_wconf 86' lang='lat' dir='ltr'><strong>emensus</strong></span> <span class='ocrx_word' id='word_1_144' title='bbox 1701 2669 1843 2715; x_wconf 89' lang='lat' dir='ltr'><strong>non</strong></span> <span class='ocrx_word' id='word_1_145' title='bbox 1903 2662 2140 2712; x_wconf 88' lang='lat' dir='ltr'><strong>mente</strong></span> <span class='ocrx_word' id='word_1_146' title='bbox 2170 2696 2190 2729; x_wconf 83' lang='lat'>,</span> <span class='ocrx_word' id='word_1_147' title='bbox 2250 2665 2393 2710; x_wconf 91' lang='lat' dir='ltr'><strong>non</strong></span> 
     </span>
     <span class='ocr_line' id='line_1_20' title="bbox 303 2755 2397 2853; baseline -0.001 -26"><span class='ocrx_word' id='word_1_148' title='bbox 303 2755 520 2853; x_wconf 81' lang='lat' dir='ltr'><strong>gradu</strong></span> <span class='ocrx_word' id='word_1_149' title='bbox 576 2755 896 2844; x_wconf 88' lang='lat' dir='ltr'><strong>constiti,</strong></span> <span class='ocrx_word' id='word_1_150' title='bbox 954 2782 1033 2825; x_wconf 91' lang='lat' dir='ltr'><strong>ac</strong></span> <span class='ocrx_word' id='word_1_151' title='bbox 1078 2756 1257 2827; x_wconf 87' lang='lat' dir='ltr'><strong>mihi</strong></span> <span class='ocrx_word' id='word_1_152' title='bbox 1305 2756 1540 2828; x_wconf 86' lang='lat' dir='ltr'><strong>vicisse</strong></span> <span class='ocrx_word' id='word_1_153' title='bbox 1585 2756 1761 2830; x_wconf 88' lang='lat' dir='ltr'><strong>cives</strong></span> <span class='ocrx_word' id='word_1_154' title='bbox 1808 2784 1998 2829; x_wconf 89' lang='lat' dir='ltr'><strong>meos</strong></span> <span class='ocrx_word' id='word_1_155' title='bbox 2043 2776 2397 2828; x_wconf 87' lang='lat' dir='ltr'><strong>accusator</strong></span> 
     </span>
     <span class='ocr_line' id='line_1_21' title="bbox 305 2871 2392 2972; baseline 0.001 -31"><span class='ocrx_word' id='word_1_156' title='bbox 305 2871 656 2946; x_wconf 87' lang='lat' dir='ltr'><strong>indicavit.</strong></span> <span class='ocrx_word' id='word_1_157' title='bbox 708 2871 973 2944; x_wconf 88' lang='lat' dir='ltr'><strong>Videor</strong></span> <span class='ocrx_word' id='word_1_158' title='bbox 1019 2898 1099 2944; x_wconf 83' lang='lat' dir='ltr'><strong>ex</strong></span> <span class='ocrx_word' id='word_1_159' title='bbox 1141 2898 1399 2972; x_wconf 75' lang='lat' dir='ltr'><strong>magna</strong></span> <span class='ocrx_word' id='word_1_160' title='bbox 1450 2895 1676 2972; x_wconf 80' lang='lat' dir='ltr'><strong>parte,</strong></span> <span class='ocrx_word' id='word_1_161' title='bbox 1728 2875 1941 2947; x_wconf 85' lang='lat' dir='ltr'><strong>etiam</strong></span> <span class='ocrx_word' id='word_1_162' title='bbox 1985 2874 2392 2971; x_wconf 83' lang='lat' dir='ltr'><strong>approbasse</strong></span> 
     </span>
     <span class='ocr_line' id='line_1_22' title="bbox 305 2985 2396 3085; baseline 0.003 -30"><span class='ocrx_word' id='word_1_163' title='bbox 305 3011 589 3057; x_wconf 88' lang='lat' dir='ltr'><strong>causam</strong></span> <span class='ocrx_word' id='word_1_164' title='bbox 637 2986 955 3084; x_wconf 87' lang='lat' dir='ltr'><strong>proximo</strong></span> <span class='ocrx_word' id='word_1_165' title='bbox 992 2985 1262 3085; x_wconf 85' lang='lat' dir='ltr'><strong>judicio</strong></span> <span class='ocrx_word' id='word_1_166' title='bbox 1299 3014 1315 3058; x_wconf 77' lang='lat' dir='ltr'><strong>t</strong></span> <span class='ocrx_word' id='word_1_167' title='bbox 1362 3014 1501 3085; x_wconf 90' lang='lat' dir='ltr'><strong>quo</strong></span> <span class='ocrx_word' id='word_1_168' title='bbox 1547 2988 1739 3060; x_wconf 89' lang='lat' dir='ltr'><strong>enim</strong></span> <span class='ocrx_word' id='word_1_169' title='bbox 1788 2986 1999 3059; x_wconf 92' lang='lat' dir='ltr'><strong>modo</strong></span> <span class='ocrx_word' id='word_1_170' title='bbox 2042 2987 2396 3062; x_wconf 83' lang='lat' dir='ltr'><strong>absolutus</strong></span> 
     </span>
    </p>
   </div>
   <div class='ocr_carea' id='block_1_3' title="bbox 306 3100 2397 3285">
    <p class='ocr_par' dir='ltr' id='par_1_3' title="bbox 306 3100 2397 3285">
     <span class='ocr_line' id='line_1_23' title="bbox 306 3100 2397 3193; baseline 0.001 -23"><span class='ocrx_word' id='word_1_171' title='bbox 306 3126 459 3172; x_wconf 89' lang='lat' dir='ltr'><strong>sum</strong></span> <span class='ocrx_word' id='word_1_172' title='bbox 477 3159 497 3190; x_wconf 86' lang='lat'>,</span> <span class='ocrx_word' id='word_1_173' title='bbox 520 3100 652 3174; x_wconf 89' lang='lat' dir='ltr'><strong>nisi</strong></span> <span class='ocrx_word' id='word_1_174' title='bbox 674 3100 793 3174; x_wconf 87' lang='lat' dir='ltr'><strong>illa</strong></span> <span class='ocrx_word' id='word_1_175' title='bbox 817 3102 1191 3178; x_wconf 84' lang='lat' dir='ltr'><strong>accusatori</strong></span> <span class='ocrx_word' id='word_1_176' title='bbox 1219 3102 1518 3178; x_wconf 85' lang='lat' dir='ltr'><strong>dicerem</strong></span> <span class='ocrx_word' id='word_1_177' title='bbox 1537 3162 1558 3193; x_wconf 83' lang='lat'>‚</span> <span class='ocrx_word' id='word_1_178' title='bbox 1575 3105 1700 3177; x_wconf 82' lang='lat' dir='ltr'><strong>Vis</strong></span> <span class='ocrx_word' id='word_1_179' title='bbox 1721 3104 1978 3192; x_wconf 86' lang='lat' dir='ltr'><strong>tenuit,</strong></span> <span class='ocrx_word' id='word_1_180' title='bbox 2006 3125 2074 3175; x_wconf 86' lang='lat' dir='ltr'><strong>et</strong></span> <span class='ocrx_word' id='word_1_181' title='bbox 2095 3101 2397 3174; x_wconf 76' lang='lat' dir='ltr'><strong>4devicta</strong></span> 
     </span>
     <span class='ocr_line' id='line_1_24' title="bbox 310 3214 550 3285; baseline 0.013 -3"><span class='ocrx_word' id='word_1_182' title='bbox 310 3214 550 3285; x_wconf 80' lang='lat' dir='ltr'><strong>mens?</strong></span> 
     </span>
    </p>
   </div>
   <div class='ocr_carea' id='block_1_4' title="bbox 307 3381 2400 3623">
    <p class='ocr_par' dir='ltr' id='par_1_4' title="bbox 307 3381 2400 3623">
     <span class='ocr_line' id='line_1_25' title="bbox 396 3381 2400 3459; baseline 0.003 -27"><span class='ocrx_word' id='word_1_183' title='bbox 396 3399 442 3433; x_wconf 78' lang='grc' dir='ltr'><strong>ι.</strong></span> <span class='ocrx_word' id='word_1_184' title='bbox 470 3385 590 3433; x_wconf 75' lang='lat' dir='ltr'><strong>Non</strong></span> <span class='ocrx_word' id='word_1_185' title='bbox 625 3381 907 3438; x_wconf 71' lang='lat' dir='ltr'><strong>nuisoemus</strong></span> <span class='ocrx_word' id='word_1_186' title='bbox 938 3386 1062 3438; x_wconf 73' lang='lat' dir='ltr'><strong>hoec.</strong></span> <span class='ocrx_word' id='word_1_187' title='bbox 1102 3385 1312 3438; x_wconf 84' lang='lat' dir='ltr'><strong>Scilicet</strong></span> <span class='ocrx_word' id='word_1_188' title='bbox 1393 3401 1555 3440; x_wconf 78' lang='lat' dir='ltr'><strong>matre</strong></span> <span class='ocrx_word' id='word_1_189' title='bbox 1571 3385 2077 3459; x_wconf 66' lang='lat' dir='ltr'><strong>parceretssnoro.</strong></span> <span class='ocrx_word' id='word_1_190' title='bbox 2095 3386 2223 3456; x_wconf 82' lang='lat' dir='ltr'><strong>Quoe</strong></span> <span class='ocrx_word' id='word_1_191' title='bbox 2235 3387 2400 3458; x_wconf 74' lang='lat' dir='ltr'><strong>maqis</strong></span> 
     </span>
     <span class='ocr_line' id='line_1_26' title="bbox 313 3461 2303 3540; baseline 0.003 -30"><span class='ocrx_word' id='word_1_192' title='bbox 313 3462 483 3516; x_wconf 77' lang='lat' dir='ltr'><strong>«lubia</strong></span> <span class='ocrx_word' id='word_1_193' title='bbox 520 3461 655 3515; x_wconf 74' lang='lat' dir='ltr'><strong>bella</strong></span> <span class='ocrx_word' id='word_1_194' title='bbox 674 3501 692 3528; x_wconf 81' lang='lat'><strong>‚</strong></span> <span class='ocrx_word' id='word_1_195' title='bbox 722 3466 935 3535; x_wconf 79' lang='lat' dir='ltr'><strong>injurias</strong></span> <span class='ocrx_word' id='word_1_196' title='bbox 970 3466 1234 3533; x_wconf 68' lang='lat' dir='ltr'><strong>hostium,</strong></span> <span class='ocrx_word' id='word_1_197' title='bbox 1270 3468 1313 3519; x_wconf 78' lang='lat' dir='ltr'><strong>si</strong></span> <span class='ocrx_word' id='word_1_198' title='bbox 1391 3477 1597 3519; x_wconf 75' lang='lat' dir='ltr'><strong>amaret</strong></span> <span class='ocrx_word' id='word_1_199' title='bbox 1607 3486 1745 3534; x_wconf 71' lang='lat' dir='ltr'><strong>ema,</strong></span> <span class='ocrx_word' id='word_1_200' title='bbox 1767 3482 1885 3540; x_wconf 80' lang='lat' dir='ltr'><strong>quoe</strong></span> <span class='ocrx_word' id='word_1_201' title='bbox 1898 3476 2145 3538; x_wconf 82' lang='lat' dir='ltr'><strong>parceret.</strong></span> <span class='ocrx_word' id='word_1_202' title='bbox 2169 3464 2303 3517; x_wconf 87' lang='lat' dir='ltr'><strong>Obr.</strong></span> 
     </span>
     <span class='ocr_line' id='line_1_27' title="bbox 307 3535 2398 3623; baseline 0 -29"><span class='ocrx_word' id='word_1_203' title='bbox 307 3545 528 3598; x_wconf 65' lang='lat' dir='ltr'><strong>vixisset</strong></span> <span class='ocrx_word' id='word_1_204' title='bbox 554 3543 645 3597; x_wconf 81' lang='lat' dir='ltr'><strong>ille</strong></span> <span class='ocrx_word' id='word_1_205' title='bbox 667 3547 896 3618; x_wconf 71' lang='lat' dir='ltr'><strong>egregius</strong></span> <span class='ocrx_word' id='word_1_206' title='bbox 918 3546 1098 3614; x_wconf 80' lang='lat' dir='ltr'><strong>miles,</strong></span> <span class='ocrx_word' id='word_1_207' title='bbox 1116 3548 1199 3601; x_wconf 77' lang='lat' dir='ltr'><strong>vel</strong></span> <span class='ocrx_word' id='word_1_208' title='bbox 1215 3568 1313 3620; x_wconf 83' lang='lat' dir='ltr'><strong>po·-</strong></span> <span class='ocrx_word' id='word_1_209' title='bbox 1465 3549 1515 3602; x_wconf 85' lang='lat'><strong>3.</strong></span> <span class='ocrx_word' id='word_1_210' title='bbox 1531 3551 1606 3602; x_wconf 84' lang='lat' dir='ltr'><strong>At</strong></span> <span class='ocrx_word' id='word_1_211' title='bbox 1626 3535 1737 3623; x_wconf 50' lang='lat' dir='ltr'><strong>ebo.</strong></span> <span class='ocrx_word' id='word_1_212' title='bbox 1759 3549 1925 3621; x_wconf 69' lang='lat' dir='ltr'><strong>Lege,</strong></span> <span class='ocrx_word' id='word_1_213' title='bbox 1948 3560 2004 3601; x_wconf 76' lang='lat' dir='ltr'><strong>at</strong></span> <span class='ocrx_word' id='word_1_214' title='bbox 2024 3565 2119 3621; x_wconf 69' lang='lat' dir='ltr'><strong>eqo</strong></span> <span class='ocrx_word' id='word_1_215' title='bbox 2137 3545 2283 3616; x_wconf 81' lang='lat' dir='ltr'><strong>(scil.</strong></span> <span class='ocrx_word' id='word_1_216' title='bbox 2306 3562 2398 3596; x_wconf 74' lang='lat' dir='ltr'><strong>ex-</strong></span> 
     </span>
    </p>
   </div>
   <div class='ocr_carea' id='block_1_5' title="bbox 310 3622 2404 3856">
    <p class='ocr_par' dir='ltr' id='par_1_5' title="bbox 310 3622 2404 3856">
     <span class='ocr_line' id='line_1_28' title="bbox 312 3622 2404 3702; baseline -0.001 -26"><span class='ocrx_word' id='word_1_217' title='bbox 312 3624 418 3676; x_wconf 72' lang='lat' dir='ltr'><strong>tius</strong></span> <span class='ocrx_word' id='word_1_218' title='bbox 443 3623 488 3675; x_wconf 80' lang='lat' dir='ltr'><strong>si</strong></span> <span class='ocrx_word' id='word_1_219' title='bbox 512 3642 623 3675; x_wconf 88' lang='lat' dir='ltr'><strong>non</strong></span> <span class='ocrx_word' id='word_1_220' title='bbox 644 3640 886 3695; x_wconf 81' lang='lat' dir='ltr'><strong>soporem</strong></span> <span class='ocrx_word' id='word_1_221' title='bbox 903 3626 1139 3680; x_wconf 75' lang='lat' dir='ltr'><strong>bibisset.</strong></span> <span class='ocrx_word' id='word_1_222' title='bbox 1394 3630 1675 3701; x_wconf 68' lang='lat' dir='ltr'><strong>pen-ectus)</strong></span> <span class='ocrx_word' id='word_1_223' title='bbox 1707 3626 1916 3702; x_wconf 77' lang='lat' dir='ltr'><strong>quaudo</strong></span> <span class='ocrx_word' id='word_1_224' title='bbox 1934 3624 2276 3700; x_wconf 65' lang='lat' dir='ltr'><strong>pugnandum</strong></span> <span class='ocrx_word' id='word_1_225' title='bbox 2295 3622 2404 3676; x_wconf 76' lang='lat' dir='ltr'><strong>est?</strong></span> 
     </span>
     <span class='ocr_line' id='line_1_29' title="bbox 384 3703 2370 3777; baseline -0.001 -24"><span class='ocrx_word' id='word_1_226' title='bbox 384 3720 431 3754; x_wconf 70' lang='grc' dir='ltr'><strong>ει.</strong></span> <span class='ocrx_word' id='word_1_227' title='bbox 459 3703 591 3754; x_wconf 83' lang='lat' dir='ltr'><strong>Tota</strong></span> <span class='ocrx_word' id='word_1_228' title='bbox 626 3703 839 3755; x_wconf 76' lang='lat' dir='ltr'><strong>civitate</strong></span> <span class='ocrx_word' id='word_1_229' title='bbox 862 3718 1078 3758; x_wconf 78' lang='lat' dir='ltr'><strong>amaret.</strong></span> <span class='ocrx_word' id='word_1_230' title='bbox 1103 3705 1315 3759; x_wconf 83' lang='lat' dir='ltr'><strong>Scribe:</strong></span> <span class='ocrx_word' id='word_1_231' title='bbox 1400 3706 1727 3777; x_wconf 66' lang='lat' dir='ltr'><strong>intem-ogoni.</strong></span> <span class='ocrx_word' id='word_1_232' title='bbox 1754 3705 1975 3757; x_wconf 74' lang='lat' dir='ltr'><strong>Senum.</strong></span> <span class='ocrx_word' id='word_1_233' title='bbox 2001 3703 2199 3774; x_wconf 83' lang='lat' dir='ltr'><strong>recepit</strong></span> <span class='ocrx_word' id='word_1_234' title='bbox 2219 3703 2331 3773; x_wconf 87' lang='lat' dir='ltr'><strong>Bip.</strong></span> <span class='ocrx_word' id='word_1_235' title='bbox 2363 3723 2370 3730; x_wconf 94' lang='lat'>·</span> 
     </span>
     <span class='ocr_line' id='line_1_30' title="bbox 310 3780 2396 3856; baseline -0.001 -25"><span class='ocrx_word' id='word_1_236' title='bbox 310 3780 532 3834; x_wconf 73' lang='lat' dir='ltr'><strong>Inventa</strong></span> <span class='ocrx_word' id='word_1_237' title='bbox 548 3791 624 3835; x_wconf 67' lang='lat' dir='ltr'><strong>ent</strong></span> <span class='ocrx_word' id='word_1_238' title='bbox 641 3791 751 3832; x_wconf 69' lang='lat' dir='ltr'><strong>tota</strong></span> <span class='ocrx_word' id='word_1_239' title='bbox 768 3782 1006 3849; x_wconf 72' lang='lat' dir='ltr'><strong>civitate,</strong></span> <span class='ocrx_word' id='word_1_240' title='bbox 1026 3785 1190 3856; x_wconf 67' lang='lat' dir='ltr'><strong>magis</strong></span> <span class='ocrx_word' id='word_1_241' title='bbox 1205 3803 1316 3835; x_wconf 79' lang='lat' dir='ltr'><strong>ma·</strong></span> <span class='ocrx_word' id='word_1_242' title='bbox 1468 3783 1655 3851; x_wconf 69' lang='lat' dir='ltr'><strong>4.V1‘s</strong></span> <span class='ocrx_word' id='word_1_243' title='bbox 1689 3784 1856 3836; x_wconf 74' lang='lat' dir='ltr'><strong>tenuit</strong></span> <span class='ocrx_word' id='word_1_244' title='bbox 1903 3793 1955 3835; x_wconf 79' lang='lat' dir='ltr'><strong>et</strong></span> <span class='ocrx_word' id='word_1_245' title='bbox 1992 3782 2194 3834; x_wconf 73' lang='lat' dir='ltr'><strong>devicta</strong></span> <span class='ocrx_word' id='word_1_246' title='bbox 2238 3797 2396 3830; x_wconf 77' lang='lat' dir='ltr'><strong>mens.</strong></span> 
     </span>
    </p>
   </div>
   <div class='ocr_carea' id='block_1_6' title="bbox 305 3858 2402 4012">
    <p class='ocr_par' dir='ltr' id='par_1_6' title="bbox 305 3858 2402 4012">
     <span class='ocr_line' id='line_1_31' title="bbox 310 3858 2402 3934; baseline 0 -22"><span class='ocrx_word' id='word_1_247' title='bbox 310 3871 419 3925; x_wconf 74' lang='lat' dir='ltr'><strong>tre,</strong></span> <span class='ocrx_word' id='word_1_248' title='bbox 459 3881 593 3928; x_wconf 73' lang='lat' dir='ltr'><strong>una,</strong></span> <span class='ocrx_word' id='word_1_249' title='bbox 631 3881 749 3934; x_wconf 80' lang='lat' dir='ltr'><strong>quoe</strong></span> <span class='ocrx_word' id='word_1_250' title='bbox 781 3875 1039 3934; x_wconf 74' lang='lat' dir='ltr'><strong>parceret,</strong></span> <span class='ocrx_word' id='word_1_251' title='bbox 1078 3882 1313 3916; x_wconf 77' lang='lat' dir='ltr'><strong>noverea.</strong></span> <span class='ocrx_word' id='word_1_252' title='bbox 1396 3861 1564 3934; x_wconf 70' lang='lat' dir='ltr'><strong>Lege,</strong></span> <span class='ocrx_word' id='word_1_253' title='bbox 1597 3862 1853 3913; x_wconf 76' lang='lat' dir='ltr'><strong>devincta.</strong></span> <span class='ocrx_word' id='word_1_254' title='bbox 1878 3863 2118 3914; x_wconf 68' lang='lat' dir='ltr'><strong>Gnonov.</strong></span> <span class='ocrx_word' id='word_1_255' title='bbox 2148 3858 2402 3912; x_wconf 78' lang='lat' dir='ltr'><strong>Devincta</strong></span> 
     </span>
     <span class='ocr_line' id='line_1_32' title="bbox 305 3936 2279 4012; baseline -0.002 -20"><span class='ocrx_word' id='word_1_256' title='bbox 305 3936 418 3992; x_wconf 81' lang='lat' dir='ltr'><strong>boc</strong></span> <span class='ocrx_word' id='word_1_257' title='bbox 445 3955 550 4007; x_wconf 68' lang='lat' dir='ltr'><strong>eet,</strong></span> <span class='ocrx_word' id='word_1_258' title='bbox 585 3958 697 3993; x_wconf 69' lang='lat' dir='ltr'><strong>uno</strong></span> <span class='ocrx_word' id='word_1_259' title='bbox 726 3958 986 4006; x_wconf 79' lang='lat' dir='ltr'><strong>noverca,</strong></span> <span class='ocrx_word' id='word_1_260' title='bbox 1010 3960 1123 4012; x_wconf 74' lang='lat' dir='ltr'><strong>quoe</strong></span> <span class='ocrx_word' id='word_1_261' title='bbox 1149 3943 1315 4012; x_wconf 67' lang='lat' dir='ltr'><strong>magis</strong></span> <span class='ocrx_word' id='word_1_262' title='bbox 1395 3942 1552 3992; x_wconf 82' lang='lat' dir='ltr'><strong>etiam</strong></span> <span class='ocrx_word' id='word_1_263' title='bbox 1576 3939 1936 4009; x_wconf 76' lang='lat' dir='ltr'><strong>Schulting‘ms</strong></span> <span class='ocrx_word' id='word_1_264' title='bbox 1963 3940 2279 4008; x_wconf 82' lang='lat' dir='ltr'><strong>conjecerat.</strong></span> 
     </span>
    </p>
   </div>
   <div class='ocr_carea' id='block_1_7' title="bbox 1226 4231 1498 4242">
    <p class='ocr_par' dir='ltr' id='par_1_7' title="bbox 1226 4231 1498 4242">
     <span class='ocr_line' id='line_1_33' title="bbox 1226 4231 1498 4242; baseline 0.004 -3"><span class='ocrx_word' id='word_1_265' title='bbox 1226 4231 1498 4242; x_wconf 59' lang='lat' dir='ltr'><strong>c-——n-</strong></span> 
     </span>
    </p>
   </div>
  </div>
 </body>
</html>
