<?xml version="1.0" encoding="UTF-8"?>
<!DOCTYPE html PUBLIC "-//W3C//DTD XHTML 1.0 Transitional//EN"
    "http://www.w3.org/TR/xhtml1/DTD/xhtml1-transitional.dtd">
<html xmlns="http://www.w3.org/1999/xhtml" xml:lang="en" lang="en">
 <head>
  <title>
</title>
<meta http-equiv="Content-Type" content="text/html;charset=utf-8" />
  <meta name='ocr-system' content='tesseract 3.04.00' />
  <meta name='ocr-capabilities' content='ocr_page ocr_carea ocr_par ocr_line ocrx_word'/>
</head>
<body>
  <div class='ocr_page' id='page_1' title='image "./deinstitutioneo00flacgoog_0346.png"; bbox 0 0 3200 5117; ppageno 0'>
   <div class='ocr_carea' id='block_1_1' title="bbox 746 515 2323 599">
    <p class='ocr_par' dir='ltr' id='par_1_1' title="bbox 746 515 2323 599">
     <span class='ocr_line' id='line_1_1' title="bbox 746 515 2323 599; baseline -0.004 -14"><span class='ocrx_word' id='word_1_1' title='bbox 746 521 872 586; x_wconf 84' lang='lat'><strong>336</strong></span> <span class='ocrx_word' id='word_1_2' title='bbox 1240 520 1334 587; x_wconf 85' lang='lat' dir='ltr'><strong>M.</strong></span> <span class='ocrx_word' id='word_1_3' title='bbox 1383 516 1636 581; x_wconf 84' lang='lat' dir='ltr'><strong>FABII</strong></span> <span class='ocrx_word' id='word_1_4' title='bbox 1684 515 2323 599; x_wconf 84' lang='lat' dir='ltr'><strong>QUINTILIANI</strong></span> 
     </span>
    </p>
   </div>
   <div class='ocr_carea' id='block_1_2' title="bbox 739 636 2841 3397">
    <p class='ocr_par' dir='ltr' id='par_1_2' title="bbox 739 636 2841 3397">
     <span class='ocr_line' id='line_1_2' title="bbox 740 636 2832 738; baseline -0.001 -25"><span class='ocrx_word' id='word_1_5' title='bbox 740 662 929 714; x_wconf 89' lang='lat' dir='ltr'><strong>trum</strong></span> <span class='ocrx_word' id='word_1_6' title='bbox 971 639 1045 710; x_wconf 90' lang='lat' dir='ltr'><strong>in</strong></span> <span class='ocrx_word' id='word_1_7' title='bbox 1088 664 1316 711; x_wconf 89' lang='lat' dir='ltr'><strong>arcem</strong></span> <span class='ocrx_word' id='word_1_8' title='bbox 1360 636 1635 709; x_wconf 82' lang='lat' dir='ltr'><strong>rueret?</strong></span> <span class='ocrx_word' id='word_1_9' title='bbox 1676 636 1828 734; x_wconf 89' lang='lat' dir='ltr'><strong>quis</strong></span> <span class='ocrx_word' id='word_1_10' title='bbox 1862 663 2006 708; x_wconf 91' lang='lat' dir='ltr'><strong>non</strong></span> <span class='ocrx_word' id='word_1_11' title='bbox 2046 636 2373 709; x_wconf 84' lang='lat' dir='ltr'>subderet</span> <span class='ocrx_word' id='word_1_12' title='bbox 2404 636 2633 710; x_wconf 84' lang='lat' dir='ltr'><strong>faces?</strong></span> <span class='ocrx_word' id='word_1_13' title='bbox 2676 638 2832 738; x_wconf 80' lang='lat' dir='ltr'><strong>quis</strong></span> 
     </span>
     <span class='ocr_line' id='line_1_3' title="bbox 740 752 2832 854; baseline -0.001 -26"><span class='ocrx_word' id='word_1_14' title='bbox 740 784 886 828; x_wconf 92' lang='lat' dir='ltr'><strong>non</strong></span> <span class='ocrx_word' id='word_1_15' title='bbox 919 781 1352 828; x_wconf 87' lang='lat' dir='ltr'><strong>concremare</strong></span> <span class='ocrx_word' id='word_1_16' title='bbox 1388 775 1656 854; x_wconf 87' lang='lat' dir='ltr'><strong>pestem</strong></span> <span class='ocrx_word' id='word_1_17' title='bbox 1694 753 1892 825; x_wconf 90' lang='lat' dir='ltr'><strong>illam</strong></span> <span class='ocrx_word' id='word_1_18' title='bbox 1931 752 2324 852; x_wconf 68' lang='lat' dir='ltr'><strong>reipublicae</strong></span> <span class='ocrx_word' id='word_1_19' title='bbox 2357 753 2603 827; x_wconf 84' lang='lat' dir='ltr'><strong>vellet?</strong></span> <span class='ocrx_word' id='word_1_20' title='bbox 2637 755 2832 827; x_wconf 90' lang='lat' dir='ltr'>Vidit</span> 
     </span>
     <span class='ocr_line' id='line_1_4' title="bbox 741 869 2831 968; baseline -0 -25"><span class='ocrx_word' id='word_1_21' title='bbox 741 871 1008 943; x_wconf 87' lang='lat' dir='ltr'><strong>animos</strong></span> <span class='ocrx_word' id='word_1_22' title='bbox 1035 890 1334 960; x_wconf 86' lang='lat' dir='ltr'><strong>nostros,</strong></span> <span class='ocrx_word' id='word_1_23' title='bbox 1367 869 1544 941; x_wconf 83' lang='lat' dir='ltr'><strong>vidit</strong></span> <span class='ocrx_word' id='word_1_24' title='bbox 1571 869 1918 967; x_wconf 89' lang='lat' dir='ltr'><strong>impetum</strong></span> <span class='ocrx_word' id='word_1_25' title='bbox 1945 895 1957 939; x_wconf 95' lang='lat'>:</span> <span class='ocrx_word' id='word_1_26' title='bbox 1996 894 2140 939; x_wconf 91' lang='lat' dir='ltr'><strong>non</strong></span> <span class='ocrx_word' id='word_1_27' title='bbox 2171 869 2361 941; x_wconf 90' lang='lat' dir='ltr'><strong>enim</strong></span> <span class='ocrx_word' id='word_1_28' title='bbox 2394 869 2831 968; x_wconf 73' lang='lat' dir='ltr'><strong>vulgar-iasa-</strong></span> 
     </span>
     <span class='ocr_line' id='line_1_5' title="bbox 741 981 2831 1081; baseline -0 -24"><span class='ocrx_word' id='word_1_29' title='bbox 741 1003 1092 1059; x_wconf 88' lang='lat' dir='ltr'><strong>cramenta</strong></span> <span class='ocrx_word' id='word_1_30' title='bbox 1118 983 1471 1055; x_wconf 91' lang='lat' dir='ltr'><strong>ducebant</strong></span> <span class='ocrx_word' id='word_1_31' title='bbox 1491 997 1509 1026; x_wconf 89' lang='lat'>¹</span> <span class='ocrx_word' id='word_1_32' title='bbox 1539 1009 1554 1053; x_wconf 74' lang='grc' dir='ltr'>ε</span> <span class='ocrx_word' id='word_1_33' title='bbox 1592 1008 1724 1053; x_wconf 88' lang='lat' dir='ltr'><strong>nec</strong></span> <span class='ocrx_word' id='word_1_34' title='bbox 1749 982 1925 1054; x_wconf 90' lang='lat' dir='ltr'><strong>sicut</strong></span> <span class='ocrx_word' id='word_1_35' title='bbox 1953 981 2281 1054; x_wconf 90' lang='lat' dir='ltr'><strong>adversus</strong></span> <span class='ocrx_word' id='word_1_36' title='bbox 2311 982 2478 1055; x_wconf 86' lang='lat' dir='ltr'><strong>alios</strong></span> <span class='ocrx_word' id='word_1_37' title='bbox 2506 1003 2831 1081; x_wconf 82' lang='lat' dir='ltr'><strong>tyrannos</strong></span> 
     </span>
     <span class='ocr_line' id='line_1_6' title="bbox 742 1099 2833 1200; baseline -0.001 -26"><span class='ocrx_word' id='word_1_38' title='bbox 742 1103 1107 1192; x_wconf 87' lang='lat' dir='ltr'><strong>tenebant,</strong></span> <span class='ocrx_word' id='word_1_39' title='bbox 1140 1100 1417 1200; x_wconf 86' lang='lat' dir='ltr'><strong>injuriae</strong></span> <span class='ocrx_word' id='word_1_40' title='bbox 1452 1121 1727 1172; x_wconf 85' lang='lat' dir='ltr'><strong>tantum</strong></span> <span class='ocrx_word' id='word_1_41' title='bbox 1765 1099 2001 1172; x_wconf 92' lang='lat' dir='ltr'><strong>dolore</strong></span> <span class='ocrx_word' id='word_1_42' title='bbox 2039 1101 2480 1199; x_wconf 77' lang='lat' dir='ltr'><strong>urgebamur.</strong></span> <span class='ocrx_word' id='word_1_43' title='bbox 2522 1101 2833 1172; x_wconf 88' lang='lat' dir='ltr'><strong>Incredi-</strong></span> 
     </span>
     <span class='ocr_line' id='line_1_7' title="bbox 739 1214 2830 1315; baseline -0 -27"><span class='ocrx_word' id='word_1_44' title='bbox 739 1216 881 1290; x_wconf 86' lang='lat' dir='ltr'>bile</span> <span class='ocrx_word' id='word_1_45' title='bbox 911 1237 1046 1306; x_wconf 87' lang='lat' dir='ltr'><strong>est,</strong></span> <span class='ocrx_word' id='word_1_46' title='bbox 1080 1214 1255 1315; x_wconf 88' lang='lat' dir='ltr'><strong>quid</strong></span> <span class='ocrx_word' id='word_1_47' title='bbox 1289 1237 1432 1286; x_wconf 90' lang='lat' dir='ltr'><strong>non</strong></span> <span class='ocrx_word' id='word_1_48' title='bbox 1463 1240 1715 1292; x_wconf 87' lang='lat' dir='ltr'><strong>ausura</strong></span> <span class='ocrx_word' id='word_1_49' title='bbox 1744 1215 1951 1286; x_wconf 90' lang='lat' dir='ltr'><strong>fuerit</strong></span> <span class='ocrx_word' id='word_1_50' title='bbox 1977 1214 2300 1286; x_wconf 85' lang='lat' dir='ltr'>libertatis</span> <span class='ocrx_word' id='word_1_51' title='bbox 2337 1237 2404 1287; x_wconf 89' lang='lat' dir='ltr'><strong>et</strong></span> <span class='ocrx_word' id='word_1_52' title='bbox 2430 1215 2669 1287; x_wconf 88' lang='lat' dir='ltr'><strong>salutis</strong></span> <span class='ocrx_word' id='word_1_53' title='bbox 2700 1242 2830 1287; x_wconf 92' lang='lat' dir='ltr'><strong>ne-</strong></span> 
     </span>
     <span class='ocr_line' id='line_1_8' title="bbox 741 1329 2829 1428; baseline -0 -26"><span class='ocrx_word' id='word_1_54' title='bbox 741 1332 1047 1403; x_wconf 78' lang='lat' dir='ltr'>cessitas:</span> <span class='ocrx_word' id='word_1_55' title='bbox 1084 1330 1257 1428; x_wconf 93' lang='lat' dir='ltr'><strong>quid</strong></span> <span class='ocrx_word' id='word_1_56' title='bbox 1292 1331 1486 1402; x_wconf 89' lang='lat' dir='ltr'><strong>enim</strong></span> <span class='ocrx_word' id='word_1_57' title='bbox 1525 1329 1791 1420; x_wconf 86' lang='lat' dir='ltr'><strong>dicam,</strong></span> <span class='ocrx_word' id='word_1_58' title='bbox 1823 1357 2036 1428; x_wconf 90' lang='lat' dir='ltr'><strong>quam</strong></span> <span class='ocrx_word' id='word_1_59' title='bbox 2076 1331 2332 1402; x_wconf 84' lang='lat' dir='ltr'><strong>invisus</strong></span> <span class='ocrx_word' id='word_1_60' title='bbox 2371 1330 2486 1406; x_wconf 83' lang='lat' dir='ltr'><strong>ille</strong></span> <span class='ocrx_word' id='word_1_61' title='bbox 2523 1330 2653 1402; x_wconf 94' lang='lat' dir='ltr'><strong>diis</strong></span> <span class='ocrx_word' id='word_1_62' title='bbox 2689 1330 2829 1401; x_wconf 90' lang='lat' dir='ltr'><strong>im-</strong></span> 
     </span>
     <span class='ocr_line' id='line_1_9' title="bbox 741 1444 2832 1544; baseline -0.001 -25"><span class='ocrx_word' id='word_1_63' title='bbox 741 1445 1150 1519; x_wconf 83' lang='lat' dir='ltr'>mortalibus</span> <span class='ocrx_word' id='word_1_64' title='bbox 1179 1444 1427 1517; x_wconf 86' lang='lat' dir='ltr'><strong>fuerit?</strong></span> <span class='ocrx_word' id='word_1_65' title='bbox 1458 1472 1584 1516; x_wconf 92' lang='lat' dir='ltr'><strong>nos</strong></span> <span class='ocrx_word' id='word_1_66' title='bbox 1617 1473 1762 1517; x_wconf 87' lang='lat' dir='ltr'><strong>non</strong></span> <span class='ocrx_word' id='word_1_67' title='bbox 1796 1446 2146 1536; x_wconf 89' lang='lat' dir='ltr'><strong>ferebant,</strong></span> <span class='ocrx_word' id='word_1_68' title='bbox 2187 1466 2252 1517; x_wconf 98' lang='lat' dir='ltr'><strong>et</strong></span> <span class='ocrx_word' id='word_1_69' title='bbox 2284 1446 2631 1544; x_wconf 83' lang='lat' dir='ltr'><strong>patientiae</strong></span> <span class='ocrx_word' id='word_1_70' title='bbox 2669 1471 2832 1517; x_wconf 90' lang='lat' dir='ltr'><strong>nos-</strong></span> 
     </span>
     <span class='ocr_line' id='line_1_10' title="bbox 743 1562 2829 1661; baseline 0 -28"><span class='ocrx_word' id='word_1_71' title='bbox 743 1585 858 1640; x_wconf 84' lang='lat' dir='ltr'><strong>trae</strong></span> <span class='ocrx_word' id='word_1_72' title='bbox 878 1563 1368 1635; x_wconf 84' lang='lat' dir='ltr'><strong>irascebantur.</strong></span> <span class='ocrx_word' id='word_1_73' title='bbox 1387 1562 1457 1633; x_wconf 89' lang='lat' dir='ltr'><strong>Si</strong></span> <span class='ocrx_word' id='word_1_74' title='bbox 1475 1562 1666 1634; x_wconf 89' lang='lat' dir='ltr'><strong>hunc</strong></span> <span class='ocrx_word' id='word_1_75' title='bbox 1686 1584 1962 1635; x_wconf 90' lang='lat' dir='ltr'><strong>tantum</strong></span> <span class='ocrx_word' id='word_1_76' title='bbox 1979 1564 2245 1635; x_wconf 85' lang='lat' dir='ltr'><strong>vitasset</strong></span> <span class='ocrx_word' id='word_1_77' title='bbox 2265 1563 2360 1633; x_wconf 91' lang='lat' dir='ltr'><strong>im</strong></span> <span class='ocrx_word' id='word_1_78' title='bbox 2368 1585 2634 1661; x_wconf 78' lang='lat' dir='ltr'><strong>petum,</strong></span> <span class='ocrx_word' id='word_1_79' title='bbox 2651 1563 2829 1634; x_wconf 87' lang='lat' dir='ltr'>nihil</span> 
     </span>
     <span class='ocr_line' id='line_1_11' title="bbox 742 1665 2829 1780; baseline -0 -29"><span class='ocrx_word' id='word_1_80' title='bbox 742 1699 979 1751; x_wconf 87' lang='lat' dir='ltr'><strong>tamen</strong></span> <span class='ocrx_word' id='word_1_81' title='bbox 1013 1679 1144 1778; x_wconf 91' lang='lat' dir='ltr'><strong>ipsi</strong></span> <span class='ocrx_word' id='word_1_82' title='bbox 1183 1680 1616 1753; x_wconf 83' lang='lat' dir='ltr'><strong>deberemus.</strong></span> <span class='ocrx_word' id='word_1_83' title='bbox 1649 1684 1796 1780; x_wconf 74' lang='lat' dir='ltr'><strong>Age</strong></span> <span class='ocrx_word' id='word_1_84' title='bbox 1828 1665 2042 1769; x_wconf 85' lang='lat' dir='ltr'><strong>illud,</strong></span> <span class='ocrx_word' id='word_1_85' title='bbox 2078 1706 2503 1777; x_wconf 87' lang='lat' dir='ltr'><strong>quamquam</strong></span> <span class='ocrx_word' id='word_1_86' title='bbox 2541 1679 2829 1750; x_wconf 86' lang='lat' dir='ltr'><strong>demens</strong></span> 
     </span>
     <span class='ocr_line' id='line_1_12' title="bbox 745 1795 2829 1893; baseline 0 -28"><span class='ocrx_word' id='word_1_87' title='bbox 745 1815 813 1866; x_wconf 88' lang='lat' dir='ltr'><strong>et</strong></span> <span class='ocrx_word' id='word_1_88' title='bbox 859 1795 1261 1885; x_wconf 83' lang='lat' dir='ltr'><strong>sceleratus,</strong></span> <span class='ocrx_word' id='word_1_89' title='bbox 1314 1816 1382 1867; x_wconf 92' lang='lat' dir='ltr'><strong>et</strong></span> <span class='ocrx_word' id='word_1_90' title='bbox 1423 1796 1766 1885; x_wconf 88' lang='lat' dir='ltr'><strong>furiosus,</strong></span> <span class='ocrx_word' id='word_1_91' title='bbox 1817 1823 1959 1867; x_wconf 91' lang='lat' dir='ltr'><strong>non</strong></span> <span class='ocrx_word' id='word_1_92' title='bbox 2004 1795 2177 1866; x_wconf 88' lang='lat' dir='ltr'><strong>vidit</strong></span> <span class='ocrx_word' id='word_1_93' title='bbox 2221 1796 2524 1893; x_wconf 77' lang='lat' dir='ltr'><strong>effugere</strong></span> <span class='ocrx_word' id='word_1_94' title='bbox 2569 1821 2639 1866; x_wconf 90' lang='lat' dir='ltr'><strong>se</strong></span> <span class='ocrx_word' id='word_1_95' title='bbox 2687 1821 2829 1865; x_wconf 89' lang='lat' dir='ltr'><strong>non</strong></span> 
     </span>
     <span class='ocr_line' id='line_1_13' title="bbox 743 1908 2833 2009; baseline -0 -28"><span class='ocrx_word' id='word_1_96' title='bbox 743 1936 977 2009; x_wconf 86' lang='lat' dir='ltr'><strong>posse,</strong></span> <span class='ocrx_word' id='word_1_97' title='bbox 1012 1910 1296 2007; x_wconf 91' lang='lat' dir='ltr'><strong>quando</strong></span> <span class='ocrx_word' id='word_1_98' title='bbox 1330 1939 1494 1992; x_wconf 85' lang='lat' dir='ltr'><strong>eum</strong></span> <span class='ocrx_word' id='word_1_99' title='bbox 1529 1912 1626 1983; x_wconf 89' lang='lat' dir='ltr'><strong>dii</strong></span> <span class='ocrx_word' id='word_1_100' title='bbox 1650 1910 2069 1984; x_wconf 87' lang='lat' dir='ltr'><strong>immortales</strong></span> <span class='ocrx_word' id='word_1_101' title='bbox 2100 1911 2277 1982; x_wconf 90' lang='lat' dir='ltr'><strong>mori</strong></span> <span class='ocrx_word' id='word_1_102' title='bbox 2311 1909 2604 1981; x_wconf 85' lang='lat' dir='ltr'><strong>vellent?</strong></span> <span class='ocrx_word' id='word_1_103' title='bbox 2626 1908 2833 1980; x_wconf 68' lang='lat' dir='ltr'><strong>Pesti-</strong></span> 
     </span>
     <span class='ocr_line' id='line_1_14' title="bbox 743 2023 2833 2126; baseline 0 -30"><span class='ocrx_word' id='word_1_104' title='bbox 743 2025 958 2099; x_wconf 88' lang='lat' dir='ltr'><strong>lentia</strong></span> <span class='ocrx_word' id='word_1_105' title='bbox 1006 2027 1406 2100; x_wconf 88' lang='lat' dir='ltr'><strong>innocentes</strong></span> <span class='ocrx_word' id='word_1_106' title='bbox 1461 2028 1941 2126; x_wconf 87' lang='lat' dir='ltr'><strong>rapiebantur:</strong></span> <span class='ocrx_word' id='word_1_107' title='bbox 1991 2054 2130 2098; x_wconf 92' lang='lat' dir='ltr'><strong>non</strong></span> <span class='ocrx_word' id='word_1_108' title='bbox 2181 2023 2577 2098; x_wconf 84' lang='lat' dir='ltr'><strong>mehercule</strong></span> <span class='ocrx_word' id='word_1_109' title='bbox 2623 2026 2833 2097; x_wconf 86' lang='lat' dir='ltr'><strong>aliam</strong></span> 
     </span>
     <span class='ocr_line' id='line_1_15' title="bbox 744 2140 2835 2243; baseline 0 -31"><span class='ocrx_word' id='word_1_110' title='bbox 744 2142 952 2214; x_wconf 90' lang='lat' dir='ltr'><strong>fuisse</strong></span> <span class='ocrx_word' id='word_1_111' title='bbox 981 2169 1260 2215; x_wconf 89' lang='lat' dir='ltr'><strong>causam</strong></span> <span class='ocrx_word' id='word_1_112' title='bbox 1280 2201 1298 2234; x_wconf 88' lang='lat'>‚</span> <span class='ocrx_word' id='word_1_113' title='bbox 1325 2143 1595 2243; x_wconf 87' lang='lat' dir='ltr'><strong>judices</strong></span> <span class='ocrx_word' id='word_1_114' title='bbox 1617 2200 1635 2233; x_wconf 88' lang='lat'>‚</span> <span class='ocrx_word' id='word_1_115' title='bbox 1664 2144 1974 2215; x_wconf 85' lang='lat' dir='ltr'><strong>existimo</strong></span> <span class='ocrx_word' id='word_1_116' title='bbox 1994 2199 2012 2231; x_wconf 89' lang='lat'>,</span> <span class='ocrx_word' id='word_1_117' title='bbox 2044 2141 2234 2241; x_wconf 88' lang='lat' dir='ltr'><strong>quod</strong></span> <span class='ocrx_word' id='word_1_118' title='bbox 2258 2142 2397 2212; x_wconf 91' lang='lat' dir='ltr'><strong>huc</strong></span> <span class='ocrx_word' id='word_1_119' title='bbox 2429 2140 2703 2213; x_wconf 89' lang='lat' dir='ltr'><strong>deducti</strong></span> <span class='ocrx_word' id='word_1_120' title='bbox 2728 2168 2835 2212; x_wconf 91' lang='lat' dir='ltr'><strong>su-</strong></span> 
     </span>
     <span class='ocr_line' id='line_1_16' title="bbox 749 2256 2835 2348; baseline 0 -22"><span class='ocrx_word' id='word_1_121' title='bbox 749 2282 926 2326; x_wconf 91' lang='lat' dir='ltr'><strong>mus.</strong></span> <span class='ocrx_word' id='word_1_122' title='bbox 965 2256 1204 2347; x_wconf 86' lang='lat' dir='ltr'><strong>Quid?</strong></span> <span class='ocrx_word' id='word_1_123' title='bbox 1234 2258 1305 2329; x_wconf 92' lang='lat' dir='ltr'><strong>in</strong></span> <span class='ocrx_word' id='word_1_124' title='bbox 1337 2258 1453 2329; x_wconf 90' lang='lat' dir='ltr'><strong>illa</strong></span> <span class='ocrx_word' id='word_1_125' title='bbox 1484 2259 1642 2330; x_wconf 88' lang='lat' dir='ltr'><strong>labe</strong></span> <span class='ocrx_word' id='word_1_126' title='bbox 1678 2259 1886 2332; x_wconf 88' lang='lat' dir='ltr'><strong>totius</strong></span> <span class='ocrx_word' id='word_1_127' title='bbox 1920 2258 2244 2348; x_wconf 80' lang='lat' dir='ltr'><strong>civitatiS‚</strong></span> <span class='ocrx_word' id='word_1_128' title='bbox 2282 2256 2381 2328; x_wconf 93' lang='lat' dir='ltr'><strong>dii</strong></span> <span class='ocrx_word' id='word_1_129' title='bbox 2412 2256 2835 2328; x_wconf 87' lang='lat' dir='ltr'><strong>immortales</strong></span> 
     </span>
     <span class='ocr_line' id='line_1_17' title="bbox 749 2372 2837 2475; baseline 0 -32"><span class='ocrx_word' id='word_1_130' title='bbox 749 2398 893 2444; x_wconf 88' lang='lat' dir='ltr'><strong>non</strong></span> <span class='ocrx_word' id='word_1_131' title='bbox 917 2393 1060 2445; x_wconf 90' lang='lat' dir='ltr'><strong>tam</strong></span> <span class='ocrx_word' id='word_1_132' title='bbox 1082 2375 1277 2447; x_wconf 90' lang='lat' dir='ltr'><strong>tacite</strong></span> <span class='ocrx_word' id='word_1_133' title='bbox 1299 2375 1622 2475; x_wconf 79' lang='lat' dir='ltr'>intelligi,</span> <span class='ocrx_word' id='word_1_134' title='bbox 1646 2403 1857 2473; x_wconf 89' lang='lat' dir='ltr'><strong>quam</strong></span> <span class='ocrx_word' id='word_1_135' title='bbox 1883 2374 2234 2474; x_wconf 89' lang='lat' dir='ltr'><strong>publicare</strong></span> <span class='ocrx_word' id='word_1_136' title='bbox 2262 2400 2539 2472; x_wconf 87' lang='lat' dir='ltr'><strong>poenam</strong></span> <span class='ocrx_word' id='word_1_137' title='bbox 2561 2372 2837 2470; x_wconf 84' lang='lat' dir='ltr'><strong>tyranni</strong></span> 
     </span>
     <span class='ocr_line' id='line_1_18' title="bbox 746 2487 2835 2590; baseline -0 -32"><span class='ocrx_word' id='word_1_138' title='bbox 746 2487 1152 2562; x_wconf 85' lang='lat' dir='ltr'><strong>voluerunt:</strong></span> <span class='ocrx_word' id='word_1_139' title='bbox 1190 2517 1441 2590; x_wconf 89' lang='lat' dir='ltr'><strong>parum</strong></span> <span class='ocrx_word' id='word_1_140' title='bbox 1478 2491 2070 2580; x_wconf 83' lang='lat' dir='ltr'><strong>existimaverunt,</strong></span> <span class='ocrx_word' id='word_1_141' title='bbox 2105 2490 2161 2562; x_wconf 90' lang='lat' dir='ltr'><strong>si</strong></span> <span class='ocrx_word' id='word_1_142' title='bbox 2194 2489 2399 2561; x_wconf 89' lang='lat' dir='ltr'><strong>illum</strong></span> <span class='ocrx_word' id='word_1_143' title='bbox 2434 2488 2607 2560; x_wconf 90' lang='lat' dir='ltr'><strong>alius</strong></span> <span class='ocrx_word' id='word_1_144' title='bbox 2645 2488 2835 2558; x_wconf 87' lang='lat' dir='ltr'><strong>occi-</strong></span> 
     </span>
     <span class='ocr_line' id='line_1_19' title="bbox 750 2603 2830 2704; baseline -0.002 -31"><span class='ocrx_word' id='word_1_145' title='bbox 750 2603 995 2676; x_wconf 87' lang='lat' dir='ltr'><strong>disset:</strong></span> <span class='ocrx_word' id='word_1_146' title='bbox 1032 2633 1119 2677; x_wconf 93' lang='lat' dir='ltr'><strong>ne</strong></span> <span class='ocrx_word' id='word_1_147' title='bbox 1154 2607 1309 2704; x_wconf 89' lang='lat' dir='ltr'><strong>quis</strong></span> <span class='ocrx_word' id='word_1_148' title='bbox 1340 2608 1569 2704; x_wconf 89' lang='lat' dir='ltr'><strong>itaque</strong></span> <span class='ocrx_word' id='word_1_149' title='bbox 1599 2607 1969 2696; x_wconf 86' lang='lat' dir='ltr'><strong>existimet,</strong></span> <span class='ocrx_word' id='word_1_150' title='bbox 2005 2605 2350 2677; x_wconf 86' lang='lat' dir='ltr'><strong>ultionem</strong></span> <span class='ocrx_word' id='word_1_151' title='bbox 2378 2624 2642 2675; x_wconf 88' lang='lat' dir='ltr'><strong>tantum</strong></span> <span class='ocrx_word' id='word_1_152' title='bbox 2676 2625 2830 2670; x_wconf 90' lang='lat' dir='ltr'><strong>nos-</strong></span> 
     </span>
     <span class='ocr_line' id='line_1_20' title="bbox 751 2716 2827 2820; baseline -0.003 -30"><span class='ocrx_word' id='word_1_153' title='bbox 751 2740 930 2790; x_wconf 86' lang='lat' dir='ltr'><strong>tram</strong></span> <span class='ocrx_word' id='word_1_154' title='bbox 960 2720 1051 2791; x_wconf 93' lang='lat' dir='ltr'><strong>ad</strong></span> <span class='ocrx_word' id='word_1_155' title='bbox 1080 2721 1352 2794; x_wconf 84' lang='lat' dir='ltr'><strong>animos</strong></span> <span class='ocrx_word' id='word_1_156' title='bbox 1376 2721 1751 2800; x_wconf 88' lang='lat' dir='ltr'><strong>hominum</strong></span> <span class='ocrx_word' id='word_1_157' title='bbox 1782 2722 2142 2820; x_wconf 88' lang='lat' dir='ltr'><strong>pertinere.</strong></span> <span class='ocrx_word' id='word_1_158' title='bbox 2180 2720 2375 2792; x_wconf 88' lang='lat' dir='ltr'><strong>Illam</strong></span> <span class='ocrx_word' id='word_1_159' title='bbox 2395 2774 2414 2805; x_wconf 89' lang='lat'>‚</span> <span class='ocrx_word' id='word_1_160' title='bbox 2447 2716 2638 2786; x_wconf 91' lang='lat' dir='ltr'><strong>illam</strong></span> <span class='ocrx_word' id='word_1_161' title='bbox 2664 2740 2827 2810; x_wconf 80' lang='lat' dir='ltr'><strong>ego,</strong></span> 
     </span>
     <span class='ocr_line' id='line_1_21' title="bbox 742 2830 2836 2937; baseline -0.003 -33"><span class='ocrx_word' id='word_1_162' title='bbox 742 2833 1012 2937; x_wconf 89' lang='lat' dir='ltr'><strong>judices</strong></span> <span class='ocrx_word' id='word_1_163' title='bbox 1030 2889 1048 2922; x_wconf 89' lang='lat'>‚</span> <span class='ocrx_word' id='word_1_164' title='bbox 1067 2834 1218 2933; x_wconf 90' lang='lat' dir='ltr'><strong>jam</strong></span> <span class='ocrx_word' id='word_1_165' title='bbox 1244 2862 1435 2906; x_wconf 88' lang='lat' dir='ltr'><strong>nunc</strong></span> <span class='ocrx_word' id='word_1_166' title='bbox 1458 2836 1661 2907; x_wconf 85' lang='lat' dir='ltr'><strong>video</strong></span> <span class='ocrx_word' id='word_1_167' title='bbox 1688 2836 2176 2935; x_wconf 87' lang='lat' dir='ltr'><strong>pestilentiam.</strong></span> <span class='ocrx_word' id='word_1_168' title='bbox 2199 2836 2377 2905; x_wconf 89' lang='lat' dir='ltr'><strong>Nam</strong></span> <span class='ocrx_word' id='word_1_169' title='bbox 2397 2830 2452 2901; x_wconf 89' lang='lat' dir='ltr'><strong>si</strong></span> <span class='ocrx_word' id='word_1_170' title='bbox 2473 2830 2607 2900; x_wconf 87' lang='lat' dir='ltr'><strong>fuit</strong></span> <span class='ocrx_word' id='word_1_171' title='bbox 2627 2853 2836 2899; x_wconf 90' lang='lat' dir='ltr'><strong>causa</strong></span> 
     </span>
     <span class='ocr_line' id='line_1_22' title="bbox 753 2950 2838 3049; baseline -0.004 -26"><span class='ocrx_word' id='word_1_172' title='bbox 753 2950 1164 3023; x_wconf 90' lang='lat' dir='ltr'><strong>morborum</strong></span> <span class='ocrx_word' id='word_1_173' title='bbox 1186 3008 1205 3042; x_wconf 85' lang='lat'>,</span> <span class='ocrx_word' id='word_1_174' title='bbox 1238 2952 1427 3049; x_wconf 91' lang='lat' dir='ltr'><strong>quod</strong></span> <span class='ocrx_word' id='word_1_175' title='bbox 1460 2953 1674 3025; x_wconf 90' lang='lat' dir='ltr'><strong>homo</strong></span> <span class='ocrx_word' id='word_1_176' title='bbox 1715 2953 1790 3023; x_wconf 90' lang='lat' dir='ltr'><strong>in</strong></span> <span class='ocrx_word' id='word_1_177' title='bbox 1828 2952 2101 3024; x_wconf 85' lang='lat' dir='ltr'><strong>civitate</strong></span> <span class='ocrx_word' id='word_1_178' title='bbox 2135 2971 2402 3037; x_wconf 84' lang='lat' dir='ltr'><strong>nostra,</strong></span> <span class='ocrx_word' id='word_1_179' title='bbox 2438 2974 2562 3020; x_wconf 90' lang='lat' dir='ltr'><strong>sua</strong></span> <span class='ocrx_word' id='word_1_180' title='bbox 2600 2967 2838 3018; x_wconf 86' lang='lat' dir='ltr'><strong>tamen</strong></span> 
     </span>
     <span class='ocr_line' id='line_1_23' title="bbox 755 3060 2839 3165; baseline -0.003 -29"><span class='ocrx_word' id='word_1_181' title='bbox 755 3085 1025 3154; x_wconf 86' lang='lat' dir='ltr'><strong>mente,</strong></span> <span class='ocrx_word' id='word_1_182' title='bbox 1068 3092 1334 3162; x_wconf 91' lang='lat' dir='ltr'><strong>suoque</strong></span> <span class='ocrx_word' id='word_1_183' title='bbox 1374 3068 1722 3165; x_wconf 89' lang='lat' dir='ltr'><strong>proposito</strong></span> <span class='ocrx_word' id='word_1_184' title='bbox 1766 3079 1999 3139; x_wconf 81' lang='lat' dir='ltr'><strong>arcem</strong></span> <span class='ocrx_word' id='word_1_185' title='bbox 2041 3084 2470 3163; x_wconf 82' lang='lat' dir='ltr'><strong>occupasset,</strong></span> <span class='ocrx_word' id='word_1_186' title='bbox 2511 3060 2701 3159; x_wconf 90' lang='lat' dir='ltr'><strong>quod</strong></span> <span class='ocrx_word' id='word_1_187' title='bbox 2745 3060 2839 3131; x_wconf 93' lang='lat' dir='ltr'><strong>li-</strong></span> 
     </span>
     <span class='ocr_line' id='line_1_24' title="bbox 755 3175 2839 3279; baseline -0.003 -27"><span class='ocrx_word' id='word_1_188' title='bbox 755 3182 1096 3254; x_wconf 84' lang='lat' dir='ltr'><strong>bertatem</strong></span> <span class='ocrx_word' id='word_1_189' title='bbox 1122 3181 1540 3272; x_wconf 82' lang='lat' dir='ltr'><strong>abstulisset3</strong></span> <span class='ocrx_word' id='word_1_190' title='bbox 1574 3209 1714 3279; x_wconf 92' lang='lat' dir='ltr'><strong>quo</strong></span> <span class='ocrx_word' id='word_1_191' title='bbox 1748 3183 2029 3254; x_wconf 89' lang='lat' dir='ltr'><strong>tandem</strong></span> <span class='ocrx_word' id='word_1_192' title='bbox 2062 3182 2271 3255; x_wconf 88' lang='lat' dir='ltr'><strong>modo</strong></span> <span class='ocrx_word' id='word_1_193' title='bbox 2304 3180 2723 3252; x_wconf 87' lang='lat' dir='ltr'><strong>ulciscentur</strong></span> <span class='ocrx_word' id='word_1_194' title='bbox 2744 3175 2839 3246; x_wconf 89' lang='lat' dir='ltr'><strong>dii</strong></span> 
     </span>
     <span class='ocr_line' id='line_1_25' title="bbox 751 3294 2841 3397; baseline -0.002 -30"><span class='ocrx_word' id='word_1_195' title='bbox 751 3299 1181 3371; x_wconf 79' lang='lat' dir='ltr'><strong>immortales</strong></span> <span class='ocrx_word' id='word_1_196' title='bbox 1216 3299 1288 3371; x_wconf 96' lang='lat' dir='ltr'><strong>id</strong></span> <span class='ocrx_word' id='word_1_197' title='bbox 1308 3358 1326 3390; x_wconf 82' lang='lat'>,</span> <span class='ocrx_word' id='word_1_198' title='bbox 1363 3299 1553 3397; x_wconf 93' lang='lat' dir='ltr'><strong>quod</strong></span> <span class='ocrx_word' id='word_1_199' title='bbox 1581 3328 1706 3372; x_wconf 92' lang='lat' dir='ltr'><strong>nos</strong></span> <span class='ocrx_word' id='word_1_200' title='bbox 1734 3300 2144 3373; x_wconf 80' lang='lat' dir='ltr'><strong>fecerimus?</strong></span> <span class='ocrx_word' id='word_1_201' title='bbox 2176 3301 2447 3397; x_wconf 88' lang='lat' dir='ltr'><strong>Corpus</strong></span> <span class='ocrx_word' id='word_1_202' title='bbox 2475 3294 2653 3367; x_wconf 91' lang='lat' dir='ltr'><strong>illud</strong></span> <span class='ocrx_word' id='word_1_203' title='bbox 2684 3320 2841 3365; x_wconf 90' lang='lat' dir='ltr'><strong>om-</strong></span> 
     </span>
    </p>
   </div>
   <div class='ocr_carea' id='block_1_3' title="bbox 757 3438 2891 4068">
    <p class='ocr_par' dir='ltr' id='par_1_3' title="bbox 757 3438 2891 4068">
     <span class='ocr_line' id='line_1_26' title="bbox 837 3438 2846 3512; baseline -0.001 -25"><span class='ocrx_word' id='word_1_204' title='bbox 837 3453 855 3487; x_wconf 84' lang='lat'><strong>1</strong></span> <span class='ocrx_word' id='word_1_205' title='bbox 868 3475 881 3487; x_wconf 91' lang='lat'><strong>.</strong></span> <span class='ocrx_word' id='word_1_206' title='bbox 901 3439 1024 3490; x_wconf 84' lang='lat' dir='ltr'><strong>Non</strong></span> <span class='ocrx_word' id='word_1_207' title='bbox 1038 3440 1178 3489; x_wconf 76' lang='lat' dir='ltr'><strong>enim</strong></span> <span class='ocrx_word' id='word_1_208' title='bbox 1194 3438 1432 3512; x_wconf 66' lang='lat' dir='ltr'><strong>vulgaria</strong></span> <span class='ocrx_word' id='word_1_209' title='bbox 1444 3449 1764 3491; x_wconf 76' lang='lat' dir='ltr'><strong>sacramenta</strong></span> <span class='ocrx_word' id='word_1_210' title='bbox 1842 3438 2129 3494; x_wconf 83' lang='lat' dir='ltr'>CCCLVII:</span> <span class='ocrx_word' id='word_1_211' title='bbox 2153 3439 2479 3492; x_wconf 69' lang='lat' dir='ltr'><strong>«Accessisse</strong></span> <span class='ocrx_word' id='word_1_212' title='bbox 2495 3454 2691 3488; x_wconf 86' lang='lat' dir='ltr'><strong>novum</strong></span> <span class='ocrx_word' id='word_1_213' title='bbox 2708 3451 2846 3486; x_wconf 81' lang='lat' dir='ltr'><strong>atno-</strong></span> 
     </span>
     <span class='ocr_line' id='line_1_27' title="bbox 758 3511 2844 3588; baseline -0 -23"><span class='ocrx_word' id='word_1_214' title='bbox 758 3514 1025 3567; x_wconf 73' lang='lat' dir='ltr'><strong>ducebant.</strong></span> <span class='ocrx_word' id='word_1_215' title='bbox 1042 3519 1321 3588; x_wconf 74' lang='lat' dir='ltr'><strong>Pei-peram</strong></span> <span class='ocrx_word' id='word_1_216' title='bbox 1335 3519 1412 3569; x_wconf 85' lang='lat' dir='ltr'><strong>vir</strong></span> <span class='ocrx_word' id='word_1_217' title='bbox 1425 3517 1638 3571; x_wconf 76' lang='lat' dir='ltr'><strong>doctus:</strong></span> <span class='ocrx_word' id='word_1_218' title='bbox 1658 3536 1766 3569; x_wconf 80' lang='lat' dir='ltr'><strong>non</strong></span> <span class='ocrx_word' id='word_1_219' title='bbox 1850 3541 1872 3565; x_wconf 73' lang='grc' dir='ltr'><strong><em>κ</em></strong></span> <span class='ocrx_word' id='word_1_220' title='bbox 1893 3521 1937 3570; x_wconf 87' lang='lat' dir='ltr'><strong>ri</strong></span> <span class='ocrx_word' id='word_1_221' title='bbox 1954 3537 2052 3570; x_wconf 84' lang='lat' dir='ltr'><strong>suo</strong></span> <span class='ocrx_word' id='word_1_222' title='bbox 2072 3529 2472 3574; x_wconf 77' lang='lat' dir='ltr'><strong>sacramentum.</strong></span> <span class='ocrx_word' id='word_1_223' title='bbox 2496 3540 2518 3563; x_wconf 71' lang='grc' dir='ltr'>ι</span> <span class='ocrx_word' id='word_1_224' title='bbox 2546 3516 2765 3578; x_wconf 77' lang='lat' dir='ltr'><strong>Seneca,</strong></span> <span class='ocrx_word' id='word_1_225' title='bbox 2781 3511 2844 3563; x_wconf 85' lang='lat' dir='ltr'><strong>de</strong></span> 
     </span>
     <span class='ocr_line' id='line_1_28' title="bbox 761 3592 2844 3670; baseline -0.001 -22"><span class='ocrx_word' id='word_1_226' title='bbox 761 3597 899 3648; x_wconf 75' lang='lat' dir='ltr'><strong>enim</strong></span> <span class='ocrx_word' id='word_1_227' title='bbox 922 3599 1056 3647; x_wconf 74' lang='lat' dir='ltr'><strong>tanti</strong></span> <span class='ocrx_word' id='word_1_228' title='bbox 1072 3595 1308 3670; x_wconf 68' lang='lat' dir='ltr'><strong>vulgaria</strong></span> <span class='ocrx_word' id='word_1_229' title='bbox 1325 3609 1647 3650; x_wconf 82' lang='lat' dir='ltr'><strong>sacramenta</strong></span> <span class='ocrx_word' id='word_1_230' title='bbox 1668 3598 1763 3650; x_wconf 82' lang='lat' dir='ltr'><strong>du·</strong></span> <span class='ocrx_word' id='word_1_231' title='bbox 1844 3599 2033 3652; x_wconf 79' lang='lat' dir='ltr'><strong>Brevit.</strong></span> <span class='ocrx_word' id='word_1_232' title='bbox 2064 3600 2211 3664; x_wconf 80' lang='lat' dir='ltr'><strong>vitae,</strong></span> <span class='ocrx_word' id='word_1_233' title='bbox 2245 3616 2291 3649; x_wconf 87' lang='lat' dir='ltr'><strong>c.</strong></span> <span class='ocrx_word' id='word_1_234' title='bbox 2333 3597 2363 3650; x_wconf 88' lang='lat'>5</span> <span class='ocrx_word' id='word_1_235' title='bbox 2390 3616 2407 3670; x_wconf 69' lang='lat' dir='ltr'><strong>=v</strong></span> <span class='ocrx_word' id='word_1_236' title='bbox 2450 3620 2472 3643; x_wconf 67' lang='lat' dir='ltr'>a</span> <span class='ocrx_word' id='word_1_237' title='bbox 2495 3598 2602 3648; x_wconf 81' lang='lat' dir='ltr'><strong>Tot</strong></span> <span class='ocrx_word' id='word_1_238' title='bbox 2641 3592 2844 3645; x_wconf 85' lang='lat' dir='ltr'><strong>nobiles</strong></span> 
     </span>
     <span class='ocr_line' id='line_1_29' title="bbox 760 3673 2847 3748; baseline -0.004 -18"><span class='ocrx_word' id='word_1_239' title='bbox 760 3678 1018 3730; x_wconf 78' lang='lat' dir='ltr'><strong>cebantur.</strong></span> <span class='ocrx_word' id='word_1_240' title='bbox 1032 3677 1426 3731; x_wconf 80' lang='lat' dir='ltr'><strong>Sacramentum</strong></span> <span class='ocrx_word' id='word_1_241' title='bbox 1435 3679 1581 3732; x_wconf 85' lang='lat' dir='ltr'><strong>ducit</strong></span> <span class='ocrx_word' id='word_1_242' title='bbox 1596 3693 1649 3731; x_wconf 86' lang='lat' dir='ltr'><strong>et</strong></span> <span class='ocrx_word' id='word_1_243' title='bbox 1662 3679 1767 3732; x_wconf 90' lang='lat' dir='ltr'><strong>adi·</strong></span> <span class='ocrx_word' id='word_1_244' title='bbox 1852 3700 1873 3722; x_wconf 75' lang='grc' dir='ltr'><strong>σι</strong></span> <span class='ocrx_word' id='word_1_245' title='bbox 1886 3680 2105 3748; x_wconf 80' lang='lat' dir='ltr'><strong>juvenes</strong></span> <span class='ocrx_word' id='word_1_246' title='bbox 2122 3675 2380 3728; x_wconf 84' lang='lat' dir='ltr'><strong>adulterio</strong></span> <span class='ocrx_word' id='word_1_247' title='bbox 2397 3673 2541 3725; x_wconf 74' lang='lat' dir='ltr'><strong>velut</strong></span> <span class='ocrx_word' id='word_1_248' title='bbox 2556 3690 2847 3725; x_wconf 82' lang='lat' dir='ltr'><strong>sacramen·</strong></span> 
     </span>
     <span class='ocr_line' id='line_1_30' title="bbox 760 3749 2891 3828; baseline -0.004 -19"><span class='ocrx_word' id='word_1_249' title='bbox 760 3759 836 3828; x_wconf 75' lang='lat' dir='ltr'><strong>git</strong></span> <span class='ocrx_word' id='word_1_250' title='bbox 849 3756 1068 3809; x_wconf 85' lang='lat' dir='ltr'><strong>militem</strong></span> <span class='ocrx_word' id='word_1_251' title='bbox 1085 3756 1153 3808; x_wconf 88' lang='lat' dir='ltr'><strong>ad</strong></span> <span class='ocrx_word' id='word_1_252' title='bbox 1167 3757 1523 3810; x_wconf 76' lang='lat' dir='ltr'><strong>invadendum</strong></span> <span class='ocrx_word' id='word_1_253' title='bbox 1537 3758 1761 3811; x_wconf 79' lang='lat' dir='ltr'><strong>hostem.</strong></span> <span class='ocrx_word' id='word_1_254' title='bbox 1850 3777 1873 3801; x_wconf 73' lang='grc' dir='ltr'><strong>α</strong></span> <span class='ocrx_word' id='word_1_255' title='bbox 1893 3767 1947 3806; x_wconf 83' lang='lat' dir='ltr'><strong>to</strong></span> <span class='ocrx_word' id='word_1_256' title='bbox 1983 3754 2172 3807; x_wconf 81' lang='lat' dir='ltr'><strong>adacti.</strong></span> <span class='ocrx_word' id='word_1_257' title='bbox 2195 3779 2217 3802; x_wconf 72' lang='lat' dir='ltr'><em>n</em></span> <span class='ocrx_word' id='word_1_258' title='bbox 2258 3753 2434 3806; x_wconf 84' lang='lat' dir='ltr'><strong>Habes</strong></span> <span class='ocrx_word' id='word_1_259' title='bbox 2469 3766 2522 3804; x_wconf 86' lang='lat' dir='ltr'><strong>et</strong></span> <span class='ocrx_word' id='word_1_260' title='bbox 2555 3750 2700 3824; x_wconf 82' lang='lat' dir='ltr'><strong>apud</strong></span> <span class='ocrx_word' id='word_1_261' title='bbox 2730 3749 2850 3803; x_wconf 84' lang='lat' dir='ltr'><strong>Flo·</strong></span> <span class='ocrx_word' id='word_1_262' title='bbox 2882 3777 2891 3787; x_wconf 87' lang='lat'><strong>·</strong></span> 
     </span>
     <span class='ocr_line' id='line_1_31' title="bbox 760 3833 2850 3910; baseline -0.003 -22"><span class='ocrx_word' id='word_1_263' title='bbox 760 3838 871 3904; x_wconf 84' lang='lat' dir='ltr'><strong>Ita,</strong></span> <span class='ocrx_word' id='word_1_264' title='bbox 895 3839 1094 3910; x_wconf 85' lang='lat' dir='ltr'><strong>inquit,</strong></span> <span class='ocrx_word' id='word_1_265' title='bbox 1124 3855 1234 3888; x_wconf 90' lang='lat' dir='ltr'><strong>non</strong></span> <span class='ocrx_word' id='word_1_266' title='bbox 1265 3837 1531 3890; x_wconf 57' lang='lat' dir='ltr'><strong>tralaticia!</strong></span> <span class='ocrx_word' id='word_1_267' title='bbox 1564 3853 1618 3891; x_wconf 86' lang='lat' dir='ltr'><strong>et</strong></span> <span class='ocrx_word' id='word_1_268' title='bbox 1648 3839 1766 3890; x_wconf 76' lang='lat' dir='ltr'><strong>vul-</strong></span> <span class='ocrx_word' id='word_1_269' title='bbox 1846 3855 1981 3901; x_wconf 84' lang='lat' dir='ltr'><strong>rum,</strong></span> <span class='ocrx_word' id='word_1_270' title='bbox 1997 3833 2197 3902; x_wconf 82' lang='lat' dir='ltr'><strong>lib.111‚</strong></span> <span class='ocrx_word' id='word_1_271' title='bbox 2215 3850 2297 3902; x_wconf 81' lang='grc' dir='ltr'><strong>ιο,</strong></span> <span class='ocrx_word' id='word_1_272' title='bbox 2314 3835 2366 3898; x_wconf 84' lang='grc'><strong>3,</strong></span> <span class='ocrx_word' id='word_1_273' title='bbox 2382 3846 2434 3885; x_wconf 84' lang='lat' dir='ltr'><strong>et</strong></span> <span class='ocrx_word' id='word_1_274' title='bbox 2452 3833 2850 3901; x_wconf 68' lang='lat' dir='ltr'><strong>18‚9.Gnon.—-</strong></span> 
     </span>
     <span class='ocr_line' id='line_1_32' title="bbox 757 3907 2848 3991; baseline -0.007 -20"><span class='ocrx_word' id='word_1_275' title='bbox 757 3936 910 3988; x_wconf 72' lang='lat' dir='ltr'><strong>garos</strong></span> <span class='ocrx_word' id='word_1_276' title='bbox 938 3936 1108 3971; x_wconf 74' lang='lat' dir='ltr'><strong>causae</strong></span> <span class='ocrx_word' id='word_1_277' title='bbox 1133 3936 1235 3970; x_wconf 75' lang='lat' dir='ltr'><strong>nos</strong></span> <span class='ocrx_word' id='word_1_278' title='bbox 1262 3917 1558 3970; x_wconf 76' lang='lat' dir='ltr'><strong>invitabant</strong></span> <span class='ocrx_word' id='word_1_279' title='bbox 1588 3916 1660 3971; x_wconf 84' lang='lat' dir='ltr'><strong>ad</strong></span> <span class='ocrx_word' id='word_1_280' title='bbox 1689 3930 1769 3991; x_wconf 72' lang='lat' dir='ltr'><strong>ty·</strong></span> <span class='ocrx_word' id='word_1_281' title='bbox 1818 3925 1823 3932; x_wconf 93' lang='lat'>&#39;</span> <span class='ocrx_word' id='word_1_282' title='bbox 1846 3915 1989 3967; x_wconf 77' lang='lat' dir='ltr'><strong>Sicut</strong></span> <span class='ocrx_word' id='word_1_283' title='bbox 2017 3916 2256 3967; x_wconf 60' lang='lat' dir='ltr'><strong>adversus</strong></span> <span class='ocrx_word' id='word_1_284' title='bbox 2285 3912 2431 3965; x_wconf 77' lang='lat' dir='ltr'><strong>alios.</strong></span> <span class='ocrx_word' id='word_1_285' title='bbox 2450 3912 2568 3962; x_wconf 84' lang='lat' dir='ltr'><strong>Vet.</strong></span> <span class='ocrx_word' id='word_1_286' title='bbox 2600 3908 2720 3962; x_wconf 87' lang='lat' dir='ltr'><strong>cod.</strong></span> <span class='ocrx_word' id='word_1_287' title='bbox 2752 3907 2848 3957; x_wconf 81' lang='lat' dir='ltr'><strong>ad-</strong></span> 
     </span>
     <span class='ocr_line' id='line_1_33' title="bbox 764 3985 2848 4068; baseline -0.005 -21"><span class='ocrx_word' id='word_1_288' title='bbox 764 4016 988 4049; x_wconf 85' lang='lat' dir='ltr'><strong>rannum</strong></span> <span class='ocrx_word' id='word_1_289' title='bbox 1019 3996 1459 4068; x_wconf 77' lang='lat' dir='ltr'><strong>oppugnandum.</strong></span> <span class='ocrx_word' id='word_1_290' title='bbox 1498 3997 1581 4050; x_wconf 91' lang='lat' dir='ltr'><strong>Sic</strong></span> <span class='ocrx_word' id='word_1_291' title='bbox 1615 3997 1763 4050; x_wconf 90' lang='lat' dir='ltr'><strong>Decl.</strong></span> <span class='ocrx_word' id='word_1_292' title='bbox 1847 4013 2022 4048; x_wconf 77' lang='lat' dir='ltr'><strong>versos.</strong></span> <span class='ocrx_word' id='word_1_293' title='bbox 2050 3997 2197 4046; x_wconf 77' lang='lat' dir='ltr'><strong>Prrfl.</strong></span> <span class='ocrx_word' id='word_1_294' title='bbox 2221 4023 2294 4034; x_wconf 87' lang='lat'><strong>-—</strong></span> <span class='ocrx_word' id='word_1_295' title='bbox 2318 3991 2595 4044; x_wconf 81' lang='lat' dir='ltr'><strong>Tenebant.</strong></span> <span class='ocrx_word' id='word_1_296' title='bbox 2626 3985 2848 4039; x_wconf 81' lang='lat' dir='ltr'><strong>Teneba-</strong></span> 
     </span>
    </p>
   </div>
   <div class='ocr_carea' id='block_1_4' title="bbox 763 4064 2848 4219">
    <p class='ocr_par' dir='ltr' id='par_1_4' title="bbox 763 4064 2848 4219">
     <span class='ocr_line' id='line_1_34' title="bbox 763 4064 2847 4148; baseline -0.008 -18"><span class='ocrx_word' id='word_1_297' title='bbox 763 4073 971 4126; x_wconf 88' lang='lat' dir='ltr'>CCCV:</span> <span class='ocrx_word' id='word_1_298' title='bbox 1028 4076 1177 4144; x_wconf 71' lang='lat' dir='ltr'><strong>«Qui</strong></span> <span class='ocrx_word' id='word_1_299' title='bbox 1220 4074 1404 4147; x_wconf 83' lang='lat' dir='ltr'><strong>paullo</strong></span> <span class='ocrx_word' id='word_1_300' title='bbox 1451 4088 1572 4128; x_wconf 89' lang='lat' dir='ltr'><strong>ante</strong></span> <span class='ocrx_word' id='word_1_301' title='bbox 1623 4093 1767 4126; x_wconf 86' lang='lat' dir='ltr'><strong>arma</strong></span> <span class='ocrx_word' id='word_1_302' title='bbox 1846 4094 1989 4138; x_wconf 82' lang='lat' dir='ltr'><strong>mur,</strong></span> <span class='ocrx_word' id='word_1_303' title='bbox 2061 4076 2150 4127; x_wconf 74' lang='lat' dir='ltr'><strong>uia</strong></span> <span class='ocrx_word' id='word_1_304' title='bbox 2185 4075 2278 4148; x_wconf 76' lang='lat' dir='ltr'><strong>inj.</strong></span> <span class='ocrx_word' id='word_1_305' title='bbox 2313 4087 2415 4125; x_wconf 85' lang='lat' dir='ltr'><strong>etc.</strong></span> <span class='ocrx_word' id='word_1_306' title='bbox 2443 4073 2660 4126; x_wconf 71' lang='lat' dir='ltr'><strong>Senum.</strong></span> <span class='ocrx_word' id='word_1_307' title='bbox 2693 4064 2847 4116; x_wconf 87' lang='lat' dir='ltr'><strong>Delet</strong></span> 
     </span>
     <span class='ocr_line' id='line_1_35' title="bbox 773 4139 2848 4219; baseline -0.011 -12"><span class='ocrx_word' id='word_1_308' title='bbox 773 4174 794 4196; x_wconf 66' lang='grc' dir='ltr'><strong>α</strong></span> <span class='ocrx_word' id='word_1_309' title='bbox 815 4154 1015 4206; x_wconf 86' lang='lat' dir='ltr'><strong>minore</strong></span> <span class='ocrx_word' id='word_1_310' title='bbox 1039 4170 1372 4207; x_wconf 83' lang='lat' dir='ltr'><strong>sacramento</strong></span> <span class='ocrx_word' id='word_1_311' title='bbox 1393 4153 1517 4218; x_wconf 86' lang='lat' dir='ltr'><strong>tuli;</strong></span> <span class='ocrx_word' id='word_1_312' title='bbox 1537 4178 1559 4202; x_wconf 72' lang='lat' dir='ltr'>n</span> <span class='ocrx_word' id='word_1_313' title='bbox 1585 4154 1639 4206; x_wconf 89' lang='lat' dir='ltr'><strong>id</strong></span> <span class='ocrx_word' id='word_1_314' title='bbox 1660 4169 1765 4219; x_wconf 86' lang='lat' dir='ltr'><strong>est,</strong></span> <span class='ocrx_word' id='word_1_315' title='bbox 1844 4165 1968 4198; x_wconf 85' lang='lat' dir='ltr'><strong>vero</strong></span> <span class='ocrx_word' id='word_1_316' title='bbox 1987 4147 2035 4198; x_wconf 88' lang='lat' dir='ltr'>O</span> <span class='ocrx_word' id='word_1_317' title='bbox 2074 4166 2117 4199; x_wconf 90' lang='lat' dir='ltr'><strong>r.</strong></span> <span class='ocrx_word' id='word_1_318' title='bbox 2142 4146 2399 4199; x_wconf 79' lang='lat' dir='ltr'><strong>tenebant.</strong></span> <span class='ocrx_word' id='word_1_319' title='bbox 2415 4141 2555 4194; x_wconf 79' lang='lat' dir='ltr'><strong>-Si</strong></span> <span class='ocrx_word' id='word_1_320' title='bbox 2572 4139 2705 4190; x_wconf 78' lang='lat' dir='ltr'><strong>hunc</strong></span> <span class='ocrx_word' id='word_1_321' title='bbox 2728 4146 2848 4186; x_wconf 79' lang='lat' dir='ltr'><strong>tan-</strong></span> 
     </span>
    </p>
   </div>
   <div class='ocr_carea' id='block_1_5' title="bbox 766 4211 2847 4305">
    <p class='ocr_par' dir='ltr' id='par_1_5' title="bbox 766 4211 2847 4305">
     <span class='ocr_line' id='line_1_36' title="bbox 766 4211 2847 4305; baseline -0.009 -22"><span class='ocrx_word' id='word_1_322' title='bbox 766 4251 874 4284; x_wconf 89' lang='lat' dir='ltr'><strong>non</strong></span> <span class='ocrx_word' id='word_1_323' title='bbox 889 4247 993 4287; x_wconf 84' lang='lat' dir='ltr'><strong>tam</strong></span> <span class='ocrx_word' id='word_1_324' title='bbox 1008 4237 1154 4305; x_wconf 75' lang='lat' dir='ltr'><strong>gravi</strong></span> <span class='ocrx_word' id='word_1_325' title='bbox 1169 4255 1327 4290; x_wconf 85' lang='lat' dir='ltr'><strong>causa</strong></span> <span class='ocrx_word' id='word_1_326' title='bbox 1346 4234 1597 4296; x_wconf 76' lang='lat' dir='ltr'><strong>bellandi.</strong></span> <span class='ocrx_word' id='word_1_327' title='bbox 1618 4234 1765 4288; x_wconf 81' lang='lat' dir='ltr'><strong>Decl.</strong></span> <span class='ocrx_word' id='word_1_328' title='bbox 1836 4211 1977 4278; x_wconf 43' lang='lat' dir='ltr'><strong>tum.</strong></span> <span class='ocrx_word' id='word_1_329' title='bbox 1998 4224 2224 4279; x_wconf 83' lang='lat' dir='ltr'><strong>Iutrudit</strong></span> <span class='ocrx_word' id='word_1_330' title='bbox 2243 4223 2424 4279; x_wconf 80' lang='lat' dir='ltr'><strong>AErod.</strong></span> <span class='ocrx_word' id='word_1_331' title='bbox 2450 4220 2606 4295; x_wconf 67' lang='lat' dir='ltr'><strong>igitur</strong></span> <span class='ocrx_word' id='word_1_332' title='bbox 2619 4217 2663 4270; x_wconf 78' lang='lat' dir='ltr'><strong>si</strong></span> <span class='ocrx_word' id='word_1_333' title='bbox 2686 4215 2847 4266; x_wconf 76' lang='lat' dir='ltr'><strong>hunc.</strong></span> 
     </span>
    </p>
   </div>
  </div>
 </body>
</html>
