3200 5117
746 492 1574 561 DECLAMATmNEs.
1624 497 2043 568 cccxvn.
2356 529 2439 596 99

346 618 599 714 sertim
627 618 973 692 affectatio
1006 619 1389 716 tyrannidis
1418 621 1641 694 multa
1666 624 1993 714 crimina,
2028 646 2098 699 et
2118 645 2271 725 quat⁵
2295 651 2440 702 non

348 733 759 834 conjectura
810 732 1061 832 colligi
1091 754 1439 831 oporteat,
1485 763 1730 808 verum
1782 740 2147 814 manifesta
2191 725 2443 843 depre-

350 848 661 921 hendat?
683 852 991 947 Apparet
1007 905 1025 938 ,
1052 849 1315 947 inquit,
1342 851 1688 950 cupiditas
1716 873 1872 941 tua;
1895 854 2018 927 fles
2043 858 2230 929 enim
2253 858 2447 959 juxta

353 991 610 1036 arcem.
649 963 719 1035 Si
757 963 1119 1036 confiterer
1145 964 1473 1062 depositae
1510 967 1855 1063 potestatis
1888 967 2076 1041 illius
2107 973 2447 1070 poeniten-

359 1078 532 1149 tiam
553 1135 570 1166 ‚
606 1078 909 1150 dicerem
942 1098 1182 1149 tamen
1216 1078 1409 1151 aliud
1445 1106 1584 1152 esse
1617 1082 1934 1170 affectare
1962 1087 2405 1180 tyrannidem
2428 1145 2447 1178 ‚

360 1192 557 1265 aliud
591 1219 892 1292 cupere:
937 1218 1180 1265 verum
1213 1193 1386 1291 quid
1422 1193 1643 1291 signi,
1678 1194 1851 1291 quid
1884 1201 2275 1294 argumenti
2309 1201 2449 1273 istae

361 1309 686 1408 lacrymae
719 1306 1024 1380 habent?
1056 1307 1220 1380 flere
1258 1310 1551 1380 miratur
1582 1310 1834 1409 aliquis
1867 1311 2280 1386 hominem?
2315 1317 2450 1388 Sed
2535 1303 2542 1308 .

352 1426 551 1528 juxta
577 1450 800 1495 arcem
835 1422 992 1494 fles:
1027 1449 1203 1494 num
1234 1450 1361 1522 ego
1391 1450 1678 1522 possum
1709 1427 2059 1500 continere
2086 1428 2451 1531 lacrymaS,

366 1539 630 1638 quoties
652 1539 858 1610 illum
879 1539 1114 1610 locum
1132 1539 1337 1611 video
1351 1596 1370 1628 ‚
1397 1566 1437 1610 a
1456 1567 1597 1637 quo
1615 1561 1758 1613 tam
1779 1541 2076 1615 libenter
2093 1544 2456 1617 descendi?

366 1654 513 1727 illic
531 1655 705 1727 mihi
723 1655 1057 1727 succurrit
1075 1655 1410 1727 infamata
1429 1655 1892 1729 adolescentia
1912 1683 1926 1729 :
1947 1659 2209 1756 quoties
2225 1681 2452 1732 arcem

364 1770 546 1859 vidi,
593 1771 957 1857 succurrit,
1007 1770 1170 1840 inde
1216 1770 1340 1841 has
1378 1770 1775 1842 inimicitias
1798 1786 1843 1843 ¹.
1880 1767 2043 1845 Sero
2078 1801 2226 1864 me,
2258 1801 2459 1847 accu-

370 1908 652 1975 satores,
689 1885 1231 1985 deprehendistis
1269 1913 1284 1955 :
1332 1908 1674 1982 quantum
1715 1914 1831 1960 me
1869 1890 2117 1986 putatis
2154 1888 2452 1979 flevisse,

370 2022 751 2097 antequam
778 1997 1310 2080 descenderem?
1334 1999 1533 2071 istius
1553 2001 1744 2073 enim
1773 2002 2060 2075 affectus
2084 2031 2459 2102 argumen-

372 2139 533 2190 tum
578 2114 889 2213 lacrymae
932 2116 1213 2187 habent.
1246 2116 1590 2187 Caeterum
1626 2118 1939 2188 affectare
1972 2119 2411 2216 tyrannidem
2436 2179 2456 2210 ‚

370 2229 710 2328 sperantis
740 2247 840 2300 est
862 2228 1234 2324 (erectioris
1263 2229 1483 2300 animi
1506 2249 1669 2300 sunt
1692 2229 1816 2326 ista
1845 2231 2188 2327 crimina),
2226 2231 2456 2323 fletuS,

374 2343 682 2432 remissi,
706 2339 988 2441 fatigati.
1014 2339 1126 2414 Tu
1157 2337 1232 2413 id
1257 2341 1429 2414 mihi
1458 2341 1764 2414 criminis
1793 2343 1941 2444 ejus
1965 2366 2460 2441 argumentum

375 2459 472 2530 vis
492 2457 702 2530 videri
722 2515 741 2546 ‚
768 2458 969 2558 cujus
988 2458 1374 2555 desperatio
1396 2478 1498 2530 est
1521 2481 1536 2529 :
1567 2483 1800 2557 quaero
1822 2457 2014 2530 enirn
2037 2479 2115 2529 ex
2139 2477 2201 2530 te
2221 2514 2241 2548 ‚
2273 2460 2461 2532 unde

377 2572 585 2643 istum
616 2564 861 2643 fletum
897 2569 1141 2670 putes?
1171 2598 1338 2642 nam
1374 2572 1427 2643 si
1455 2571 1743 2662 affecto,
1773 2573 1827 2644 si
1857 2599 2089 2672 spero,
2120 2574 2178 2645 si
2208 2573 2466 2646 reditu-

380 2714 537 2758 rum
572 2709 687 2758 me
724 2686 815 2757 ad
848 2712 931 2759 ea
952 2741 970 2776 ,
1005 2713 1088 2758 ex
1125 2686 1380 2783 quibus
1414 2686 1670 2758 invitus
1704 2687 2215 2777 descenderim,
2255 2708 2461 2787 puto,

379 2825 529 2901 quae
564 2827 766 2874 causa
794 2801 1260 2902 lacrymarum
1294 2800 1434 2873 est?
1465 2799 1535 2873 Si
1569 2829 1728 2873 vero
1761 2800 1892 2874 hoc
1921 2824 2052 2892 est,
2088 2802 2277 2899 quod
2303 2803 2462 2874 aui-

380 2943 579 2989 mum
612 2942 856 2987 meum
891 2936 1244 3014 torqueat,
1280 2915 1471 3014 quod
1511 2941 1590 2986 ex
1625 2915 1750 2987 illo
1779 2916 2051 3014 fastigio
2090 2916 2465 2987 descende-

379 3033 517 3101 rim
535 3088 554 3119 ,
580 3031 768 3129 quod
795 3051 875 3102 ex
903 3055 1101 3129 aequo
1124 3030 1347 3104 vivam
1368 3085 1388 3118 ‚
1418 3030 1773 3127 quomodo
1798 3030 2121 3102 affectare
2141 3056 2423 3128 possum
2444 3086 2463 3120 ‚

387 3141 575 3242 quod
594 3143 731 3217 scio
751 3144 923 3217 mihi
944 3171 1088 3216 non
1110 3170 1308 3242 posse
1328 3143 1768 3241 contingere?
1798 3143 2064 3214 Eodem
2087 3144 2467 3217 revolvatur

388 3257 613 3329 oratio
636 3283 905 3332 necesse
939 3279 1076 3348 est,
1122 3257 1311 3330 unde
1357 3256 1599 3355 coepit:
1638 3275 1764 3354 ego
1802 3256 2155 3355 publicam
2191 3258 2465 3357 appello

389 3369 647 3462 fidem,
681 3400 826 3471 quae
861 3376 1042 3447 inter
1079 3374 1330 3472 piratas
1370 3399 1557 3444 sacra
1589 3393 1722 3459 est;
1765 3399 1915 3470 quae
1960 3372 2139 3444 inter
2168 3395 2465 3447 armatos

382 3487 616 3558 hostes
669 3486 983 3561 inducias
1021 3488 1218 3577 facit3
1271 3512 1425 3586 quae
1477 3485 1865 3557 deditarum
1912 3486 2263 3558 civitatum
2306 3487 2474 3587 jura
2547 3551 2555 3558 .

386 3625 772 3688 conservat:
805 3603 1293 3704 qualecunque
1323 3603 1505 3678 istud
1534 3622 1668 3690 est,
1694 3599 2136 3699 promisistis,
2166 3603 2472 3674 censuis-

385 3718 512 3790 tis:
542 3746 621 3790 ae
651 3719 736 3791 de
770 3741 888 3791 me
919 3718 1207 3818 quidem
1242 3717 1419 3790 nihil
1448 3745 1462 3788 :
1496 3716 1674 3787 mihi
1706 3715 1900 3787 enim*
1920 3715 2072 3817 jam
2105 3714 2303 3785 taedio
2327 3714 2472 3784 vita

385 3851 491 3905 est
516 3859 531 3903 :
550 3834 845 3935 jamque
875 3834 982 3905 hae
1012 3833 1331 3931 lacrymae
1359 3830 1778 3931 quotidianae
1805 3827 2229 3901 accesserunt
2255 3853 2472 3926 prope

383 3945 475 4020 ad
501 3971 655 4022 vota
698 3949 958 4021 mortis.
1002 3947 1189 4020 Illud
1214 3946 1473 4038 videte,
1507 3973 1598 4018 an
1636 3945 1691 4017 si
1733 3944 2043 4044 aliquem
2077 3942 2471 4040 reipublicae

384 4091 596 4157 error,
632 4085 757 4136 aut
781 4066 1095 4156 fortuna,
1124 4063 1181 4134 si
1211 4083 1421 4159 quem
1446 4079 1562 4135 aut
1593 4059 1963 4133 consilium
1998 4058 2322 4156 aliquod,
2357 4083 2475 4135 aut

461 4223 478 4257 ι
495 4245 507 4257 .
533 4205 806 4259 Succurrit
827 4206 976 4274 inde,
1001 4221 1102 4261 etc.
1124 4205 1444 4260 Snoeurmt
1466 4203 1691 4261 indum
1711 4203 2023 4268 inimicitia,
2046 4200 2309 4254 AErodius.

2145 4307 2193 4359 7.
