3200 5117
777 557 859 634 40
1280 553 1371 616 M.
1421 553 1666 616 FABn
1714 552 2344 635 QmN'rtLtAM

773 701 910 766 cor,
924 675 1282 747 neminem
1299 675 1622 747 exstitisse
1639 674 1964 773 priorem,
1980 674 2102 773 qui
2119 701 2242 775 pro
2258 674 2476 747 salute
2489 678 2855 750 communi

772 815 887 860 me
906 789 1261 862 offendere
1277 790 1575 862 auderet.
1598 792 1842 889 Neque
1863 788 1933 861 id
1952 789 2112 861 satis
2128 810 2253 862 est:
2280 791 2398 861 sed
2413 790 2714 883 invenie,
2733 792 2856 891 qui

772 904 1176 994 adulentur,
1204 926 1270 977 et
1299 931 1387 976 ne
1417 932 1457 976 a
1484 931 1598 975 me
1637 903 1922 1003 quidem
1957 903 2167 977 latam
2207 904 2385 976 hanc
2425 906 2854 1004 rogationem

722 1011 729 1032 '
775 1019 1160 1094 existiment
1205 1039 1513 1119 respectu
1575 1021 1716 1092 mei
1780 1020 2248 1120 recipiendam
2293 1049 2307 1092 :
2376 1048 2539 1093 cum
2595 1021 2855 1120 quibus

776 1132 954 1205 mihi
998 1134 1363 1207 consistere
1404 1135 1685 1225 fortine,
1721 1155 1926 1233 atque
1958 1133 2198 1226 etiam,
2242 1134 2296 1207 si
2331 1134 2426 1206 ita
2463 1162 2566 1207 res
2597 1136 2851 1234 exigat,

775 1249 1085 1321 acerbius
1127 1275 1395 1348 necesse
1442 1271 1578 1338 est3
1620 1276 1842 1349 quum
1877 1250 1948 1321 in
1989 1249 2060 1321 id
2100 1275 2378 1349 quoque
2415 1265 2432 1295 ¹
2461 1250 2851 1348 periculum

771 1362 1002 1434 venire
1033 1363 1417 1461 inteiligam
1444 1364 1797 1462 optionem
1834 1389 2102 1452 meam,
2132 1389 2222 1435 an
2260 1362 2391 1434 hoc
2422 1363 2658 1434 veiim.
2682 1361 2856 1434 Satis

774 1498 918 1550 erat
949 1476 1127 1548 mihi
1158 1476 1417 1569 dicere,
1461 1479 1890 1578 rogationem
1920 1480 2065 1550 fero
2101 1478 2346 1549 utilem
2391 1477 2681 1549 civitati:
2727 1477 2855 1547 ista

775 1589 967 1663 enim
1009 1593 1315 1690 speciosa
1344 1592 1562 1683 dictu,
1599 1614 1669 1666 et
1704 1619 1878 1664 vana
1914 1592 2220 1692 quadam
2250 1591 2556 1689 imagine
2585 1590 2855 1663 honesti

774 1705 1238 1797 circumdata,
1272 1733 1414 1778 non
1457 1706 1836 1805 respiciunt
1873 1728 2241 1807 praesentcs
2281 1706 2730 1778 necessitates.
2783 1706 2856 1777 Si

775 1842 994 1919 tantas
1020 1822 1192 1895 vires
1227 1822 1509 1895 haberet
1545 1817 1808 1914 civita's,
1839 1844 1916 1895 ut
1942 1821 2122 1895 bella
2151 1824 2525 1921 suscipere,
2555 1843 2633 1893 ut
2669 1823 2858 1892 fran-

774 1963 932 2035 gere
959 1937 1260 2036 impetus
1291 1938 1563 2035 tyranni
1589 1958 1845 2036 posset,
1881 1965 2022 2009 non
2057 1959 2200 2008 tam
2228 1938 2348 2009 diu
2379 1937 2851 2026 servissemus,

772 2077 917 2121 non
967 2050 1170 2122 illum
1218 2052 1775 2124 cruentissimum
1821 2051 2191 2122 dominum
2237 2079 2418 2122 unus
2463 2077 2541 2122 ex
2585 2049 2858 2122 insidiis

774 2165 1172 2238 occidisset:
1219 2187 1423 2265 atque
1457 2194 1620 2263 ego,
1665 2166 1936 2237 etiamsi
1983 2166 2376 2265 plurimum
2412 2191 2551 2236 esse
2599 2164 2853 2235 civium

776 2279 848 2350 in
893 2281 1019 2351 hac
1066 2281 1330 2353 civitate
1377 2305 1793 2380 spectarem,
1843 2282 2019 2352 bene
2065 2301 2298 2354 tamen
2346 2280 2591 2350 redimi
2640 2279 2856 2377 capite

775 2394 986 2464 unius
1028 2394 1188 2465 civis
1222 2421 1461 2493 pacem
1514 2416 1851 2493 putarem.
1897 2394 2121 2466 Facile
2163 2417 2265 2467 est
2306 2394 2428 2465 ista
2465 2394 2538 2464 in
2574 2392 2856 2464 concio-

775 2506 981 2578 nibus
1029 2528 1094 2578 et
1134 2509 1438 2579 consiliis
1486 2507 1821 2608 dispicere
1857 2509 2170 2580 dicendo.
2222 2512 2382 2580 Jam
2430 2508 2484 2580 si
2530 2507 2853 2579 exercitus

773 2621 1076 2693 hostium
1114 2622 1293 2694 intra
1340 2623 1509 2694 fines
1539 2646 1802 2696 nostros
1838 2625 2088 2710 fuerit,
2137 2624 2191 2694 si
2237 2624 2472 2695 ardere
2512 2622 2703 2694 villas
2728 2680 2750 2712 ,
2795 2621 2852 2693 si

772 2737 1101 2833 frugifera
1134 2737 1432 2829 succidi,
1480 2740 1533 2811 si
1584 2742 1825 2840 fugam
1872 2742 2281 2812 rusticorum
2335 2740 2405 2811 in
2456 2719 2700 2810 urbem
2729 2796 2747 2828 ,
2797 2738 2854 2807 si

775 2852 1131 2950 compulsa
1165 2853 1341 2924 intra
1375 2881 1610 2926 muros
1635 2883 1876 2954 pecora
1907 2857 2324 2945 viderimus,
2362 2855 2417 2926 si
2448 2854 2701 2925 moenia
2732 2880 2855 2951 op-

778 2967 1312 3072 pugnabuntur,
1347 2968 1401 3038 si
1442 2989 1659 3039 turres
1692 2971 2121 3067 quatientur,
2168 2970 2221 3042 si
2262 2970 2346 3041 ad
2385 2965 2852 3040 delectnm‘ab

775 3079 1096 3178 amplexu
1126 3101 1428 3152 matrum
1465 3083 1759 3182 juvenes
1790 3083 2169 3182 rapientur,
2216 3111 2428 3181 quam
2461 3110 2609 3155 sero
2640 3079 2852 3180 poeni-

773 3194 943 3267 tebit
962 3218 1106 3268 tam
1127 3223 1280 3268 caro
1301 3196 1424 3268 uni
1441 3211 1464 3240 ²
1492 3199 2066 3296 pepercisse?Etsi
2087 3199 2257 3296 quid
2281 3220 2511 3270 tamen
2537 3198 2850 3268 deforme

774 3306 1095 3381 habitura
1132 3310 1366 3382 civitas
1410 3313 1649 3404 fuerit,
1699 3314 1970 3403 dedito,
2001 3334 2077 3385 ut
2119 3313 2417 3385 subinde
2450 3312 2701 3401 dicitis,
2751 3332 2854 3408 ty-

775 3422 1166 3513 rannicida,
1194 3424 1263 3495 id
1287 3451 1495 3497 omne
1520 3453 1676 3499 mea
1700 3429 2055 3525 rogatione
2082 3427 2466 3500 detractum
2490 3447 2621 3499 est:
2653 3423 2851 3498 omni

772 3536 1038 3635 pudore
1089 3535 1356 3609 liberati
1392 3540 1589 3612 estis:
1627 3539 1919 3613 invitum
1963 3567 2105 3611 nou
2147 3541 2609 3613 dedidissetis:
2660 3538 2850 3635 quod

772 3651 859 3724 ad
880 3678 995 3726 vos
1021 3653 1349 3751 pertinet,
1370 3655 1636 3727 bellum
1667 3659 2006 3756 suscipere
2038 3655 2398 3733 maluistis
2434 3655 2566 3727 Sed
2591 3654 2720 3724 hoc
2752 3673 2853 3726 est

774 3767 1155 3866 praecipue,
1191 3794 1400 3864 quare
1443 3797 1570 3868 ego
1611 3769 1793 3842 hanc
1836 3772 2010 3843 ferre
2045 3770 2338 3843 debeam
2378 3768 2846 3890 rogationem:

772 3907 897 3980 ego
939 3910 1064 3982 pro
1107 3883 1369 3957 civitate
1412 3907 1553 3958 tam
1596 3908 1818 3986 grata,
1853 3914 1975 3986 pro
2014 3886 2272 3985 populo
2314 3883 2467 3972 tali,
2505 3910 2647 3954 non
2682 3880 2851 3955 sub-

847 4042 892 4075 1.
921 4028 1136 4099 Quoque
1156 4027 1458 4093 periculum.
1486 4029 1544 4081 ld
1568 4044 1649 4082 est
1672 4028 1770 4081 du·
1922 4048 1971 4081 α.
1993 4031 2123 4081 Tam
2143 4046 2260 4081 earo
2278 4029 2395 4078 uni·
2410 4028 2495 4079 Sic
2512 4044 2638 4078 vero
2659 4024 2848 4079 Atilius

768 4100 934 4153 bium.
950 4106 1025 4155 lta
1045 4106 1257 4159 Terent.
1275 4106 1423 4160 Adel.
1446 4110 1486 4159 u
1499 4144 1516 4171 ,
1538 4126 1566 4160 a
1580 4145 1597 4172 ,
1613 4107 1766 4160 dixit:
1848 4109 2105 4178 Regulus,
2130 4111 2203 4159 sic
2224 4107 2310 4177 sp.
2337 4105 2665 4168 Postumius,
2689 4105 2763 4155 sic
2785 4103 2844 4155 C.

776 4201 798 4225 ιι
818 4181 881 4231 Et
906 4181 959 4231 iu
984 4184 1279 4251 perieulum
1298 4187 1504 4253 venire,
1528 4199 1582 4240 et
1600 4188 1654 4238 in
1674 4186 1771 4239 du·
1847 4186 2125 4239 Mancinus
2148 4185 2476 4256 rogationem
2498 4183 2762 4249 tulerunt,
2786 4195 2849 4234 ut

777 4279 799 4306 ι
817 4256 981 4311 bium.
1003 4283 1024 4308 n
1057 4261 1275 4313 Senum.
1849 4267 1952 4338 ipsi
1974 4266 2306 4321 dederentur.
2332 4265 2512 4318 AEnon.
