3200 5117
776 528 1615 600 DECLAMATIONES.
1661 530 2108 598 CCCXXXI.

2361 536 2486 617 343

1093 739 1797 818 DECLAMATIO.

495 881 642 972 Qm
667 898 942 954 cums
960 899 1452 954 Accusavi-:mr
1468 892 1519 971 ¹,
1546 899 1795 969 NEQUE
1816 898 2318 968 nfflivnmr,
2339 899 2491 952 irs:

398 1013 655 1068 οΑΡιΤΕ
683 1015 1070 1072 PUNIATUR.
1101 998 1246 1068 Lex
1276 996 1418 1068 haec
1452 1013 1591 1085 est,
1624 1021 1765 1095 qua
1782 993 2139 1094 judicium
2170 994 2491 1067 contine-

321 1137 326 1148 ·
400 1131 557 1184 tur:
599 1113 741 1186 haec
782 1134 916 1204 est,
962 1140 1106 1213 qua
1140 1139 1267 1213 ego
1301 1114 1512 1186 istum
1553 1135 1921 1185 accusem:
1967 1111 2110 1186 haec
2151 1131 2285 1199 est,
2333 1135 2489 1209 quae

398 1229 806 1302 utrumlibet
842 1229 1100 1303 horum
1133 1230 1442 1303 occisura
1472 1228 1600 1301 sit:
1644 1254 1807 1326 ergo
1841 1228 1973 1300 hac
2006 1228 2158 1326 lege
2188 1227 2337 1300 sola
2377 1252 2492 1299 ac-

472 1394 516 1430 ι.
555 1378 664 1446 Qui
702 1395 896 1432 cums
931 1394 1295 1433 secusium-r.
1325 1380 1402 1430 Ex

395 1455 496 1510 bac
524 1457 959 1525 Declamatioue,
990 1461 1036 1510 si
1061 1477 1126 1511 ex.
1153 1457 1262 1509 ullo
1296 1457 1401 1509 alio

394 1534 514 1588 loco
526 1574 543 1603 ‚
563 1537 634 1589 ita
656 1537 933 1589 manifeste
948 1535 1258 1601 ostenditur,
1274 1534 1402 1608 quid

398 1618 462 1670 sit
479 1617 706 1689 capitale
719 1616 978 1686 judicium
992 1656 1010 1684 ,
1029 1615 1158 1689 quid
1176 1635 1286 1669 non
1303 1614 1404 1686 (de

395 1714 508 1769 quo
530 1698 667 1750 inter
685 1698 828 1750 viros
856 1696 1188 1750 doctissimos
1216 1697 1402 1750 hacte-

397 1792 497 1827 nus
531 1779 806 1829 contentio
830 1775 984 1847 fuit),
1008 1789 1068 1829 ut
1097 1775 1274 1828 nullus
1289 1778 1403 1846 jam

397 1856 464 1907 sit
492 1853 772 1908 dubitandi
799 1855 967 1908 locus.
994 1856 1060 1907 Et
1084 1871 1402 1930 quamquam

397 1949 600 1988 certum
632 1936 729 2000 sit,
757 1937 945 2008 capitis
971 1953 1188 2008 quoque
1220 1955 1284 1989 ea
1308 1939 1401 2007 ju-

396 2012 537 2065 dicia
556 2011 841 2085 appellari,
858 2033 974 2086 quae
991 2013 1188 2067 laedunt
1204 2015 1399 2067 famam

399 2107 452 2146 et
475 2095 911 2147 existimationem
927 2134 944 2162 ,
970 2096 1080 2148 cic.
1110 2115 1210 2167 pro
1233 2096 1400 2164 Quin·

395 2175 491 2226 tio.
518 2173 553 2225 l.
581 2175 746 2227 Licet.
769 2175 830 2226 ff.
856 2175 924 2228 de
945 2175 1092 2229 verb.
1121 2189 1172 2229 et
1198 2195 1301 2228 rer.
1331 2177 1401 2229 si-

399 2251 630 2323 gnificat.
663 2256 881 2325 proprie
914 2266 1088 2307 tamen
1125 2274 1186 2308 ea
1218 2252 1404 2308 dicun·

400 2345 512 2400 tur,
538 2350 654 2404 quae
677 2336 861 2387 mortis
883 2334 965 2387 vel
994 2337 1260 2389 servitutis
1287 2355 1403 2408 poe-

393 2429 523 2464 nam
555 2411 790 2476 babent,
828 2413 864 2466 l.
892 2431 957 2479 2,
993 2415 1053 2466 ff.
1091 2413 1162 2467 de
1198 2414 1398 2486 public.

390 2490 506 2562 J’ud.
533 2489 568 2542 l.
600 2507 627 2542 2
646 2529 663 2557 ,
689 2490 727 2543 l.
753 2492 1092 2564 capitalium,
1116 2493 1178 2546 ff.
1199 2492 1266 2544 de
1291 2512 1404 2565 poe-

398 2573 494 2624 nis.
510 2573 623 2624 Nec
648 2572 861 2644 quidem
887 2574 1063 2626 omnia
1082 2592 1289 2639 rursus,
1308 2573 1402 2627 sed

397 2668 457 2702 ea
491 2668 640 2723 quae,
670 2668 794 2703 cum
825 2649 1031 2723 legibus
1062 2650 1400 2724 publicorum

389 2728 711 2799 judiciorum
737 2731 1130 2797 contineantur,
1154 2731 1400 2803 capitalia

400 2821 535 2860 sunt.
574 2808 756 2861 Macer
791 2807 857 2860 de
894 2810 1215 2862 Praevaricat.
1255 2809 1291 2863 l.
1329 2810 1362 2862 3
1378 2847 1396 2877 ,

399 2886 448 2960 §-
469 2906 489 2940 ι
510 2912 522 2942 =
553 2912 575 2935 ιι
594 2889 647 2943 Si
664 2890 785 2943 ideo
804 2892 919 2964 quis
937 2905 1237 2958 accusetur,
1254 2891 1398 2962 quod

405 2987 429 3012 ι
447 2965 653 3020 dicatur
673 2970 870 3023 crimen
888 2968 1075 3039 judicii
1094 2969 1294 3042 publici
1313 2970 1401 3028 dee

405 3067 428 3094 ι
448 3049 699 3116 stituisse,
715 3049 977 3123 judicium
999 3050 1269 3122 publicum
1291 3071 1398 3105 non

405 3150 429 3175 ι
450 3141 557 3181 est:
596 3132 717 3202 quia
753 3149 930 3203 neque
964 3131 1082 3202 lege
1119 3130 1294 3207 aliqua
1331 3132 1399 3185 de

405 3226 430 3252 α
445 3205 550 3260 bac
572 3227 630 3262 re
650 3222 863 3263 cautum
886 3222 994 3278 est,
1012 3228 1188 3282 neque
1205 3230 1304 3283 per
1323 3230 1401 3264 se-

403 3306 428 3333 ·
444 3289 904 3343 natuscousultum
916 3327 934 3358 ,
950 3309 1058 3362 quo
1077 3308 1234 3363 poeua
1251 3293 1399 3362 quin·

403 3387 427 3414 ι
445 3387 548 3440 que
570 3368 823 3423 librarum
847 3372 961 3425 auri
982 3372 1036 3422 iu
1062 3370 1397 3425 desistentem

403 3464 427 3491 ι
444 3450 712 3515 statuitur,
751 3448 970 3521 publice
1011 3452 1279 3503 accusatio
1319 3451 1398 3503 in-

403 3526 604 3582 ·ducta
640 3542 738 3583 est.
760 3552 783 3578 n
820 3532 896 3583 Ea
926 3529 1139 3603 publica
1167 3529 1398 3601 judicia,

393 3622 515 3675 quae
528 3626 592 3660 ex
605 3605 811 3679 legibus
823 3606 1161 3680 publicorum
1174 3608 1400 3681 judicio·

397 3700 514 3736 rum
547 3688 799 3753 veniunt,
823 3687 1234 3759 jurisconsultus
1267 3707 1399 3742 enu-

397 3778 581 3832 merat,
603 3765 639 3817 1.
667 3782 714 3832 ι,
735 3767 797 3819 ff.
822 3767 889 3820 de
911 3767 1060 3839 publ.
1079 3767 1248 3841 judic.
1273 3771 1395 3822 inst.

396 3843 517 3897 eod.
546 3847 623 3898 tit.
645 3848 778 3915 Quoe
797 3867 966 3922 quum
986 3848 1110 3902 ideo
1134 3867 1282 3902 suam
1305 3850 1398 3903 ba-

395 3922 556 3976 beant
570 3925 793 3978 formam
803 3965 819 3993 ,
834 3944 988 3979 suum
1000 3926 1285 3998 judicium,
1301 3944 1398 3978 nu-

395 4019 597 4055 merum
625 4021 813 4070 suum,
855 4006 1184 4078 quaesitorem
1212 4022 1398 4072 suum,

394 4097 488 4132 sue
505 4094 778 4154 tempora,
789 4100 885 4135 sua
900 4082 1141 4146 nomina,
1159 4097 1218 4136 ut
1232 4082 1398 4150 Quin-

398 4158 610 4215 tilianus
624 4162 724 4227 eit,
741 4179 1005 4233 suumque
1023 4160 1290 4228 ordinem,
1308 4163 1400 4235 qui

395 4237 621 4296 durante
651 4260 816 4315 poena
847 4241 1024 4313 legum
1058 4244 1114 4296 in
1149 4261 1252 4297 usu
1286 4261 1401 4298 esse

1480 1376 1662 1444 desiit,
1695 1376 1732 1427 l.
1758 1377 1889 1429 ordo
1922 1377 1984 1429 ff.
2017 1375 2085 1428 de
2118 1374 2267 1449 publ.
2297 1373 2414 1445 jud.
2445 1376 2491 1428 si

1482 1455 1751 1529 quoddam
1792 1456 1935 1510 aliud
1972 1459 2296 1530 reperiatur,
2335 1460 2488 1530 cujus

1483 1534 1698 1606 quidem
1742 1553 1903 1606 poena
1940 1537 2008 1587 sit
2040 1554 2216 1599 mors,
2254 1533 2350 1586 sed
2387 1534 2490 1587 alia

1482 1614 1686 1666 forma:
1715 1632 1824 1665 non
1848 1627 2026 1666 tamen
2052 1613 2279 1685 capitale
2310 1613 2491 1685 appel-

1482 1693 1707 1760 labitur,
1732 1694 1802 1746 ad
1833 1693 1971 1761 boc,
1995 1707 2055 1747 ut
2077 1694 2226 1766 quod
2248 1697 2489 1748 uomina·

1481 1773 1576 1824 tim
1603 1772 1671 1825 de
1699 1772 2012 1846 capitalibus
2040 1772 2245 1826 indiciis
2273 1787 2485 1828 cautum

1483 1864 1595 1918 est,
1633 1853 1685 1903 in
1724 1871 1789 1904 eo
1824 1851 2005 1904 locum
2040 1849 2253 1904 babeat.
2285 1853 2487 1906 Odiosa

1482 1945 1560 1986 est
1584 1933 1723 1990 enim
1748 1934 1802 1985 in
1824 1932 2131 1986 criminibus
2150 1935 2413 2001 extensio,
2432 1947 2488 1987 et

1480 2014 1619 2066 ultra
1638 2014 1795 2067 verba
1814 2015 1942 2085 legis
1962 2016 2326 2086 interpretatio
2345 2036 2357 2065 ε
2382 2034 2487 2086 qua

1479 2092 1546 2146 de
1580 2115 1638 2147 re
1669 2095 1757 2148 bic
1791 2096 2086 2168 exemplum
2119 2108 2214 2148 est.
2240 2096 2378 2147 Nam
2404 2096 2487 2147 in-

1471 2173 1624 2242 juriae
1658 2172 1919 2244 judicium
1956 2175 2221 2243 privatum
2262 2186 2379 2239 est,
2420 2172 2487 2226 li-

1483 2268 1568 2307 cet
1599 2256 1867 2308 infamiam
1901 2257 2128 2327 irroget,
2158 2254 2194 2306 l.
2216 2255 2481 2308 infamem.

1482 2334 1542 2386 ff.
1568 2332 1636 2387 de
1660 2335 1807 2406 publ.
1827 2334 1944 2407 jud.
1969 2337 2117 2389 Patet
2134 2334 2331 2406 exlege
2356 2335 2485 2390 duo·

1481 2415 1655 2470 decim
1677 2416 2006 2484 tabularum,
2029 2418 2084 2469 in
2108 2436 2212 2490 qua
2229 2416 2425 2469 modo'
2410 2438 2487 2471 ιιι-

1474 2496 1626 2565 juriae
1666 2514 1826 2568 poena
1865 2497 1965 2548 fuit
2004 2495 2343 2566 pecuniaria:
2388 2497 2487 2550 «si

1488 2577 1651 2648 «quis
1694 2579 1942 2650 injuriam
1982 2577 2131 2630 alteri
2171 2576 2334 2643 faxit,
2381 2593 2487 2628 xxv

1483 2649 1640 2708 uiris
1667 2674 1824 2727 poena
1852 2667 2069 2709 sunto.
2096 2656 2242 2708 Licet
2267 2672 2484 2726 quoque

1479 2733 1695 2788 tandem
1718 2754 1819 2807 pro
1842 2734 2095 2807 qualitate
2118 2734 2322 2799 delicti,
2342 2747 2488 2788 extra

1479 2811 1720 2867 ordinem
1763 2816 1939 2885 puniri
1974 2814 2209 2886 coeperit.
2254 2813 2485 2880 Paulus,

1478 2889 1569 2943 lib.
1605 2893 1673 2958 V,
1715 2905 1849 2945 sent.
1893 2895 1970 2945 tit.
2009 2892 2076 2959 4·
2128 2891 2487 2962 «Injuriarum

1485 2992 1507 3016 σι
1530 2972 1669 3022 actio
1686 2970 2026 3042 autlege‚aut
2041 2983 2306 3035 more,aut
2320 2970 2483 3021 mixto

1485 3073 1507 3097 κ
1520 3051 1642 3121 jure
1676 3051 1976 3104 introducta
2010 3065 2123 3117 est,
2148 3065 2248 3104 etc.
2271 3075 2294 3099 ιο
2322 3050 2359 3102 l.
2386 3051 2482 3104 ult.

1479 3129 1541 3180 ff.
1567 3129 1637 3181 de
1664 3131 1885 3200 injuriis·
1916 3129 2173 3182 Cmterum
2207 3145 2330 3182 eum
2359 3147 2485 3199 gra-

1477 3212 1591 3263 vius
1618 3213 1824 3281 puniri,
1849 3213 1940 3282 qui
1959 3213 2070 3281 jam
2098 3210 2179 3262 bis
2203 3208 2483 3264 damnatus

1476 3290 1571 3354 sit,
1595 3302 1649 3340 et
1672 3287 1795 3341 ideo
1824 3288 1895 3341 ob
1925 3289 2195 3340 infamiam
2224 3305 2373 3340 suem
2398 3287 2483 3342 vel

1477 3381 1760 3440 egestatem
1772 3366 2084 3438 injuriarum
2090 3365 2349 3435 judicium
2359 3385 2484 3420 con-

1479 3460 1705 3514 temnat,
1730 3448 2082 3519 aequissimum
2103 3459 2212 3513 est,
2232 3444 2268 3497 l.
2294 3449 2340 3501 si
2363 3448 2481 3521 quis

1473 3526 1719 3598 injuriam
1755 3528 1815 3580 ff.
1854 3524 1974 3579 eod.
2014 3526 2093 3578 tit.
2130 3527 2302 3579 Tanta
2340 3527 2483 3578 enim

1477 3608 1790 3681 petulantia,
1806 3627 1923 3681 quus
1938 3626 2004 3660 ne
2018 3608 2231 3661 infamia
2247 3606 2484 3678 quidem,

1478 3706 1582 3759 qua
1606 3690 1723 3759 quis
1742 3688 1891 3761 quasi
1911 3686 2115 3740 civitati
2131 3688 2270 3758 perit
2295 3684 2390 3755 (ut
2411 3684 2486 3735 ait

1473 3768 1789 3835 Quintilian.
1816 3771 1871 3820 in
1895 3769 1997 3821 fine
2024 3766 2185 3839 hujus
2206 3763 2483 3836 Declam.)

1477 3852 1713 3902 coerceri
1736 3863 1939 3920 potest,
1964 3868 2072 3901 non
2092 3853 2203 3920 jam
2226 3845 2293 3898 ad
2316 3846 2484 3918 priva·

1476 3940 1685 3993 torum,
1705 3926 1797 3980 sed
1817 3926 2105 3997 atllegum,
2118 3942 2345 3996 quarum
2358 3941 2484 3976 con·

1474 4007 1726 4060 temnitur
1766 4007 2092 4069 auctoritas,
2132 4003 2391 4055 ultionem
2429 4013 2484 4055 et

1476 4084 1981 4137 animadversionem
2012 4084 2256 4180 pertinet.
2284 4083 2373 4135 'riv
2393 4078 2481 4147 μὶν

1475 4183 1576 4231 μς
1595 4161 1754 4234 vepn'
1733 4181 1803 4216 ολι
1790 4164 1927 4232 lm
1945 4160 2051 4219 νηὸς
2070 4147 2121 4214 di
2146 4158 2306 4228 ιὸμους
2324 4157 2484 4215 ὀπόν·

1473 4263 1567 4298 σοι
1591 4237 2477 4317 ἆιαι,ἰιιςιιίι1)ειιιοιι1ιοιιω.Ει.
