3200 5117
787 538 913 604 318
1293 535 1384 598 M.
1433 532 1681 596 FABII
1726 530 2354 613 QUINTILIANI

783 662 1160 728 manifestas
1184 660 1398 748 exigat
1417 656 1863 747 probationes.
1888 659 2037 720 Non
2058 673 2157 722 est
2174 679 2368 722 eausa
2381 705 2402 738 ,
2430 680 2580 747 (με
2599 652 2865 746 recipiet

784 782 1043 846 testem,
1063 789 1197 830 non
1215 781 1313 829 est
1331 786 1543 839 causa,
1566 785 1717 852 quae
1731 761 2001 849 recipiat
2015 762 2576 851 consignationem
2594 788 2608 826 :
2632 779 2867 829 scruta·-

785 894 937 936 mur
952 868 1418 936 conscientiam
1435 869 1492 958 ej
1501 891 1597 943 us,
1610 868 1725 955 qui
1746 865 2155 934 adversarius
2172 885 2290 934 est.
2302 871 2551 934 Totum
2568 892 2727 957 ergo
2741 869 2863 934 hoc

776 976 1079 1068 judicum
1105 999 1271 1063 opus
1297 992 1425 1053 est,
1453 991 1526 1038 ut
1550 974 1888 1038 inveniant
1909 974 2285 1038 veritatem:
2314 998 2461 1063 quae
2484 976 2573 1040 ita
2597 975 2867 1040 demum

784 1082 1029 1173 poterit
1051 1103 1194 1146 esse
1218 1078 1561 1145 manifesta
1580 1079 1649 1142 in
1670 1078 1879 1144 causis
1902 1078 2254 1144 latentibus
2268 1127 2286 1158 ,
2308 1097 2377 1144 et
2395 1095 2625 1145 natura
2644 1079 2867 1144 condi-

786 1189 904 1267 tis,
937 1188 992 1251 si
1027 1186 1190 1252 nihil
1226 1186 1739 1251 existimaverint
1772 1185 2115 1271 exiguum,
2150 1208 2283 1273 quo
2321 1185 2601 1250 inveniri
2634 1185 2867 1250 veritas

785 1292 1010 1379 possit.
1036 1291 1138 1356 Sic
1164 1314 1320 1379 ergo
1345 1287 1814 1378 praeparandus
1835 1306 1933 1355 est
1949 1291 2207 1355 animus
2222 1288 2555 1379 judicum,
2582 1308 2655 1355 ut
2674 1290 2869 1355 etiam

785 1396 1144 1462 levioribus
1166 1394 1568 1484 argumentis
1596 1396 1996 1460 commoveri
2025 1397 2251 1484 possit.
2287 1395 2570 1460 Difficile
2595 1411 2695 1460 est
2724 1397 2867 1485 quiv-

787 1502 943 1568 dem
976 1520 1202 1569 natura
1236 1501 1515 1590 probare
1548 1502 1819 1566 tacitum
1852 1499 2008 1565 fidei
2040 1501 2495 1567 commissum:
2532 1497 2867 1589 quomodo

788 1625 1008 1674 tamen
1030 1608 1425 1696 probamus?
1445 1604 1794 1690 Quaedam,
1821 1607 2072 1670 etiamsi
2092 1628 2215 1694 per
2233 1629 2303 1672 se
2319 1605 2505 1670 firma
2527 1629 2661 1671 non
2687 1599 2864 1685 sunt,

790 1716 1279 1802 comparatione
1297 1713 1625 1793 vincunt&
1654 1710 2003 1800 Hereditas
2029 1728 2144 1776 aut
2173 1709 2258 1776 ad
2287 1731 2649 1801 pauperem
2675 1711 2869 1800 perti-

791 1835 933 1900 net,
954 1836 1068 1884 aut
1084 1818 1169 1884 ad
1190 1840 1462 1883 uxorem
1483 1818 1822 1907 pauperis:
1841 1819 1895 1882 si
1913 1816 1997 1882 ad
2016 1840 2379 1906 pauperem
2399 1841 2532 1882 non
2552 1816 2865 1907 pertinet,

787 1922 872 1988 ad
893 1946 1166 1990 uxorem
1180 1924 1489 2012 pertinet.
1510 1923 1817 2012 Elogium
1838 1924 2156 2011 scriptum
2176 1938 2276 1987 est
2300 1925 2545 2011 palam,
2570 1940 2778 2004 certe,
2806 1940 2867 1988 et

791 2031 1172 2096 manifeste:
1202 2029 1448 2094 electus
1473 2025 1582 2093 hic
1607 2044 1705 2094 est
1736 2027 1819 2093 ad
1845 2030 2191 2093 transitum
2219 2026 2637 2094 hereditatis:
2673 2026 2867 2120 hujus

793 2136 1124 2201 silentium
1167 2150 1231 2199 et
1276 2131 1441 2199 fides
1485 2149 1584 2198 est
1627 2133 1858 2222 utique
1898 2131 1982 2196 de
2024 2133 2427 2200 restituenda
2468 2132 2865 2200 hereditate:

701 2273 710 2298 ·
794 2264 949 2331 ergo
977 2240 1180 2306 debet
1203 2239 1547 2304 restituere
1573 2236 1799 2302 alicui:
1834 2238 2052 2303 sinon
2076 2236 2260 2316 huic,
2291 2239 2508 2302 statim
2541 2240 2869 2327 interrogo

795 2347 900 2410 cui
922 2348 951 2408 P
995 2344 1258 2410 Habent
1300 2343 1429 2409 hoc
1479 2341 1882 2408 incommodi
1923 2345 2393 2408 controversiae·
2431 2342 2830 2409 scholastica·
2849 2393 2866 2422 ‚

796 2449 974 2541 quod
1002 2445 1394 2540 quibusdam
1423 2431 1991 2538 respondere‘non
2019 2467 2327 2536 possunt:
2356 2466 2422 2515 et
2445 2448 2742 2539 quaedam
2770 2451 2869 2513 in-

793 2555 1141 2623 commoda
1171 2556 1368 2646 hujus
1400 2556 1689 2644 generis,
1726 2557 1921 2619 etiam
1948 2555 2018 2618 in
2043 2554 2191 2620 foro
2216 2554 2567 2644 aliquando
2589 2555 2867 2633 descen->

795 2664 992 2729 dunt:
1020 2679 1085 2727 et
1104 2662 1255 2728 ideo
1275 2661 1775 2728 difficultatibus
1797 2683 2064 2752 quoque
2089 2660 2407 2728 utendum
2433 2677 2544 2725 est.

1477 2868 2176 2934 DECLAMATIO.

890 3017 1070 3116 Ergo
1097 3015 1224 3091 tibi
1254 3045 1397 3092 non
1422 3019 1751 3093 debetur²
1779 3048 1794 3092 :
1818 3040 2152 3118 superest,
2184 3040 2262 3091 ut
2288 3016 2492 3090 alicui
2519 3013 2862 3089 debeatur.

871 3206 915 3240 1.
946 3189 1341 3262 Compar-atione
1363 3183 1595 3243 vincunt.
1623 3189 1792 3243 Evin-

797 3280 938 3321 cunt.
972 3268 1189 3321 Senum.
1213 3269 1332 3322 Vid.
1370 3268 1437 3320 ad
1468 3269 1615 3323 Deci.
1639 3270 1790 3335 XVI,

805 3361 882 3396 ιο.
907 3375 978 3385 -
1003 3347 1074 3398 Et
1091 3344 1244 3418 fides.
1272 3345 1425 3400 Fides
1446 3366 1546 3418 pro
1572 3349 1791 3399 tacitur-

798 3423 959 3475 nitate
990 3424 1169 3476 Senec.
1195 3425 1439 3498 Thyeste.
1474 3427 1690 3488 Senum.
1721 3455 1793 3465 —

797 3501 864 3551 In
876 3499 1019 3572 som.
1048 3505 1211 3572 Lege,
1236 3505 1292 3555 in
1305 3504 1504 3574 forum.
1531 3504 1695 3555 cnon.
1722 3531 1793 3543 -—-

796 3583 847 3634 E
849 3593 870 3633 t
887 3582 999 3634 ideo
1019 3580 1411 3654 difficultatibus
1428 3603 1631 3657 quoque
1648 3595 1792 3635 uten-

798 3661 923 3714 dum
943 3672 1030 3713 est.
1055 3661 1275 3730 Quintil.
1300 3662 1390 3714 lib.
1409 3661 1484 3728 X,
1509 3661 1639 3734 ⁰25⁷
1660 3660 1758 3732 §.8
1778 3684 1788 3712 :

802 3766 825 3790 ι
845 3742 948 3796 Sua
977 3742 1218 3795 brevitati
1243 3745 1440 3814 gratia,
1469 3760 1563 3795 sua
1592 3746 1755 3813 copiae
1777 3763 1789 3793 :

803 3848 825 3872 α
846 3823 946 3877 alia
983 3822 1249 3877 translatis
1284 3825 1477 3889 virtus,
1519 3822 1623 3884 alia
1659 3842 1791 3894 pro-

803 3926 825 3951 «
845 3904 991 3975 priis.
1009 3905 1123 3954 Hoc
1139 3904 1309 3955 oratio
1323 3916 1492 3967 recta,
1508 3899 1642 3953 illud
1662 3902 1795 3972 figu-

804 4005 825 4029 ·
847 4001 903 4035 ra
923 3981 1184 4036 declinata
1202 3980 1553 4035 commendat.
1571 3984 1691 4053 Ipsa
1710 3980 1796 4033 de-

805 4084 826 4105 «
847 4062 1007 4190 :iix-{flue
1029 4063 1305 4190 :itilissima
1332 4076 1435 4191 eslta
1437 4061 1794 4113 exercitationi

803 4160 826 4183 κ
888 4141 897 4150 ’
961 4156 1189 4193 cutam·
1239 4142 1309 4192 Ut
1351 4142 1361 4153 ‘
1452 4177 1469 4204 ‚
1502 4157 1662 4210 quam
1701 4138 1792 4192 «ὃν

801 4211 982 4281 ἀπόρου
1025 4220 1361 4289 questionem
1395 4232 1550 4271 vocat
1587 4218 1793 4271 Africa-

1870 3206 2001 3252 nus,
2017 3187 2052 3238 l.
2072 3189 2163 3258 qui
2181 3185 2585 3259 quadringenta.
2606 3186 2662 3236 ff.
2684 3185 2863 3255 adleg.

1869 3265 2010 3317 Fale.
2038 3267 2112 3316 Ex
2138 3265 2230 3316 illo
2256 3265 2429 3336 capite
2451 3264 2787 3334 Quintiliani,
2811 3277 2869 3315 ut

1870 3363 1931 3396 ex
1964 3343 2078 3396 aliis
2112 3344 2241 3396 loeis
2276 3364 2435 3416 supra
2468 3344 2636 3398 Decll.
2673 3345 2869 3398 CCLxl

1871 3434 1922 3472 et
1946 3422 2189 3475 CCLXXI
2204 3460 2222 3487 ,
2246 3437 2297 3474 et
2321 3424 2595 3488 CCCXVI,
2618 3425 2771 3477 facile
2792 3436 2870 3477 est

1872 3498 2136 3571 judicare,
2157 3520 2251 3553 cur
2274 3519 2336 3553 ex
2359 3502 2869 3567 Declamationibus,

1873 3596 1986 3648 quae
2012 3598 2193 3632 omnes
2211 3578 2468 3630 Coloratae
2491 3580 2597 3632 dici
2620 3592 2871 3651 possunt,

1873 3659 2129 3730 quasdam
2155 3658 2453 3732 specialiter
2479 3661 2755 3713 Tractatas
2783 3679 2872 3731 ap-

1869 3740 2052 3812 pellet.
2080 3742 2255 3793 AEnon.

1943 3840 1993 3874 2.
2019 3821 2159 3895 Ergo
2190 3823 2287 3875 tibi
2313 3841 2421 3874 non
2447 3822 2672 3875 debetur.
2697 3822 2874 3875 Mariti

1874 3904 2257 3971 argumentatio
2281 3915 2389 3954 est:
2416 3905 2471 3954 in
2499 3921 2603 3974 qna
2628 3901 2872 3972 supplere

1873 3981 1925 4032 id
1956 3995 2199 4053 oportet,
2227 3984 2281 4036 Si
2307 4003 2390 4036 me
2419 4002 2527 4035 non
2552 3983 2751 4053 rogavit
2768 4016 2785 4040 ‚
2811 3995 2871 4032 ut

1873 4059 1969 4111 tibi
1993 4062 2143 4112 uxori
2161 4079 2286 4114 meae
2311 4061 2582 4133 (quamvis
2599 4078 2784 4132 parum
2808 4078 2871 4111 ea

1872 4141 1937 4192 sit
1967 4159 2129 4206 uxor,
2157 4161 2276 4195 cnm
2303 4161 2407 4214 qua
2436 4160 2543 4194 non
2570 4140 2725 4192 modo
2748 4141 2874 4210 jur-

1870 4219 2015 4289 sium
2038 4234 2145 4290 est,
2171 4219 2266 4276 sed
2288 4220 2388 4292 lis)
2408 4217 2751 4274 hereditatem
2785 4237 2873 4271 re-
