3200 5117
699 552 825 633 364
1200 551 1295 614 M.
1343 549 1595 614 FABn
1641 549 2285 633 QUINTILIANI

696 674 935 745 detur:
961 674 1140 745 Sane
1171 672 1515 772 suscipitis
1550 672 1722 745 alias
1755 693 2014 745 temere
2041 699 2315 764 causas,
2352 671 2474 743 ubi
2507 669 2788 769 privatae

695 788 883 888 leges
933 809 1173 879 erunt,
1225 810 1296 860 et
1344 788 1433 860 ad
1491 790 1706 861 unius
1765 788 2220 860 commodum
2284 787 2787 887 pertinebunt:

697 931 920 1003 quum
942 930 1099 975 vero
1129 903 1214 974 de
1239 903 1629 1003 proditione
1655 924 1917 1003 agetur,
1943 903 2348 1003 diligentius
2372 900 2786 974 intuemini:

697 1018 964 1091 etiamsi
1008 1017 1199 1089 vobis
1237 1018 1412 1089 nihil
1451 1017 1579 1117 ipsi
1621 1018 2176 1091 confitebuntur:
2224 1037 2295 1089 at
2334 1016 2501 1106 hoc,
2544 1014 2601 1085 si
2642 1041 2789 1088 non

696 1135 854 1207 satis
890 1133 1229 1206 momenti
1260 1133 1546 1233 publica
1572 1136 1888 1235 pericula
1915 1135 2211 1225 habent,
2244 1133 2442 1205 vestri
2476 1152 2789 1232 respectu

698 1249 973 1348 capitis,
998 1248 1369 1347 inquirite:
1400 1248 1532 1320 hoc
1573 1249 1785 1348 igitur
1816 1249 2005 1348 quod
2031 1248 2117 1320 de
2145 1248 2295 1347 lege
2325 1268 2613 1319 cautum
2648 1265 2751 1318 est
2770 1302 2790 1336 ‚

695 1364 1002 1464 proditor
1050 1364 1457 1436 advocatum
1500 1364 1791 1456 habuit,
1844 1364 2005 1438 licet
2049 1364 2154 1435 illi
2204 1364 2382 1435 nihil
2432 1362 2788 1462 profuerit.

696 1483 902 1553 Nunc
953 1508 1113 1553 vero
1161 1507 1375 1580 quam
1428 1481 1893 1553 necessarium
1943 1508 2022 1553 ex
2068 1502 2317 1553 eventu
2369 1478 2787 1571 ostenditur,

698 1597 1004 1695 proditor
1043 1597 1397 1670 absolutus
1440 1620 1575 1671 est:
1624 1598 1749 1672 has
1787 1598 1889 1670 illi
1935 1621 2110 1672 artes
2148 1599 2573 1687 timuerunt,
2606 1597 2787 1670 hanc

698 1711 1142 1785 calliditatem
1172 1713 1700 1787 advocatorum:
1726 1715 2082 1795 constituit
2106 1715 2299 1787 enim
2324 1734 2575 1786 natura
2597 1739 2793 1783 arma

700 1825 1067 1924 nequitiae,
1113 1855 1236 1927 per
1280 1856 1436 1927 quae
1488 1829 1929 1902 abducantur
1980 1829 2309 1933 judicum
2358 1828 2603 1901 animi.
2656 1826 2792 1900 Sed

699 1942 848 2041 ipso
866 1999 885 2032 ,
916 1943 1177 2039 inquit,
1199 1943 1467 2046 judicio
1486 2002 1505 2036 ‚
1532 1972 1673 2045 quo
1701 1945 2070 2019 damnatus
2096 1967 2227 2037 est,
2259 1972 2404 2017 non
2431 1945 2536 2017 fui
2566 1964 2797 2044 patro-

698 2085 854 2131 nus.
886 2060 1068 2131 Volo
1111 2061 1390 2132 interim
1431 2061 1528 2134 sic
1566 2088 1808 2162 agere,
1848 2084 2209 2162 tamquam
2249 2062 2527 2134 nullam
2565 2060 2797 2161 reipu-

696 2174 896 2246 blicae
936 2174 1269 2276 injuriam
1305 2177 1559 2249 fecerit.
1599 2178 2007 2251 Etiamnum
2043 2177 2175 2252 hoc
2210 2178 2370 2251 satis
2407 2197 2544 2250 cst:
2584 2175 2797 2250 advo-

700 2311 890 2362 catus
910 2292 1272 2390 proditoris
1297 2293 1483 2365 fuisti
1506 2322 1520 2365 :
1545 2295 1897 2393 fingamus
1918 2294 2129 2394 igitur
2146 2293 2563 2393 ampliatum
2583 2292 2794 2365 fuisse

692 2404 1045 2506 judicium
1068 2420 1118 2496 ¹,
1156 2428 1222 2479 et
1262 2428 1533 2480 tantum
1576 2409 1804 2508 primo
1834 2408 2103 2510 judicio
2132 2429 2507 2510 patronum
2539 2407 2741 2480 illum
2772 2435 2787 2478 ε

700 2548 938 2593 nonne
993 2521 1350 2594 damnatio
1400 2543 1830 2620 sequeretur,
1883 2524 2074 2620 quod
2123 2523 2416 2596 omnino
2460 2543 2787 2621 patronus

699 2638 974 2711 fuisset?
995 2642 1150 2710 Non
1174 2665 1336 2738 ergo
1361 2661 1640 2739 tempus
1665 2640 1920 2714 intueri
1947 2641 2314 2732 debemus,
2339 2639 2459 2711 sed
2477 2663 2779 2726 causam3

701 2753 757 2825 si
786 2753 998 2825 homo
1031 2752 1221 2825 idem
1253 2775 1388 2845 est,
1419 2755 1475 2826 si
1510 2755 1772 2827 crimen
1800 2755 2023 2850 idem,
2056 2758 2111 2829 si
2143 2758 2252 2830 lex
2282 2754 2545 2828 eadem.
2574 2754 2782 2824 Pute-

704 2896 871 2942 mus·
900 2871 987 2942 ab
1026 2868 1160 2942 alio
1208 2897 1351 2943 esse
1396 2870 1848 2946 damnatum:
1897 2901 2043 2947 non
2087 2873 2278 2948 enim
2319 2870 2618 2974 proderit
2656 2868 2787 2942 tibi

703 2985 922 3077 istud,
960 2985 1148 3084 quod
1185 2986 1522 3087 imputas:
1560 3007 1726 3061 tunc
1766 2989 1959 3061 enim
2002 2990 2296 3082 dicereS‚
2335 2986 2687 3089 ignoravi:
2724 3006 2793 3059 et

705 3099 894 3173 idem
948 3129 1109 3193 me,
1162 3103 1350 3200 quod
1392 3101 1708 3202 judices,
1753 3105 2046 3179 fefellit:
2116 3133 2307 3178 nunc
2367 3103 2791 3205 proditorem

783 3331 827 3364 π’
871 3317 1147 3391 fingamus
1191 3321 1350 3393 ἰθίωῗ
1389 3319 1705 3392 ampli-atum
1788 3342 1901 3378 0888
1920 3364 1933 3387 ,
1963 3336 2075 3376 tum
2098 3336 2326 3396 utroque
2348 3337 2582 3395 patrono
2605 3320 2793 3374 defen·

692 3392 858 3465 fuisse
879 3397 1160 3464 judicium.
1210 3399 1349 3451 Olim
1395 3401 1470 3451 ita
1519 3401 1706 3472 saepius

705 3493 875 3526 causae
906 3476 1164 3558 ampliatae
1197 3493 1345 3547 sunt,
1377 3495 1436 3533 ut
1468 3481 1707 3553 quaedam

704 3575 803 3630 per
819 3569 942 3608 octo
956 3571 1213 3628 patronos
1231 3575 1346 3612 acta
1363 3564 1447 3628 sit,
1461 3565 1621 3614 immo
1638 3563 1705 3616 ad

708 3636 987 3691 duodenos
1028 3654 1335 3711 perventum
1379 3655 1455 3693 est
1476 3682 1492 3709 .,
1536 3645 1710 3715 inquit

706 3721 1004 3774 Asconius:
1040 3720 1186 3792 quod
1222 3724 1406 3775 merito
1444 3724 1711 3795 improbat

708 3802 895 3855 Cicero
915 3805 970 3854 in
991 3805 1166 3855 Bruto.
1185 3802 1326 3871 Quid
1341 3805 1499 3876 igitur
1513 3806 1556 3856 si
1570 3824 1709 3858 unus

710 3900 818 3933 uno
845 3883 1036 3951 egerit,
1061 3879 1194 3933 alter
1217 3880 1383 3934 altero
1398 3882 1636 3952 judicio?
1655 3887 1707 3936 in

709 3959 810 4012 hac
835 3981 890 4013 re
913 3960 1171 4014 divisione
1194 3976 1398 4025 uterer3
1423 3981 1542 4014 nam
1568 3964 1611 4014 si
1629 3966 1712 4034 ju-

710 4041 851 4095 dices
874 4063 936 4096 ex
959 4044 1074 4115 lege
1098 4044 1294 4109 Acilia,
1318 4043 1562 4108 Glaucia,
1587 4044 1708 4096 Ser·

708 4123 860 4190 vilia,
879 4124 1100 4197 aliisque
1123 4122 1458 4197 hujusmodi,
1484 4124 1709 4195 amplius

709 4207 1177 4278 pronunciassent,
1203 4225 1369 4279 quum
1386 4209 1496 4276 jam
1518 4205 1710 4257 nihilo·

709 4284 882 4336 minus
918 4282 1183 4338 videretur
1221 4303 1342 4338 reus
1380 4282 1707 4337 damnandus

1786 3404 1973 3470 dente,
1990 3405 2295 3457 damnatum
2313 3403 2630 3476 proditionis
2645 3421 2793 3454 reum

1788 3485 2134 3536 existimarem
2153 3508 2165 3554 ,²
2193 3503 2357 3555 quare
2378 3483 2563 3536 ambos
2578 3482 2681 3552 legi
2697 3480 2793 3532 ob—

1787 3566 2002 3617 noxios:
2028 3584 2136 3616 non
2159 3579 2334 3617 autem
2355 3565 2397 3615 si
2417 3562 2539 3614 ideo
2560 3579 2795 3633 pronun-

1790 3646 2066 3710 ciaverint‚
2083 3647 2205 3715 quia
2222 3647 2285 3697 iis
2300 3661 2475 3696 revera
2498 3663 2608 3695 non
2626 3642 2793 3713 lique-

1788 3724 1896 3775 bat.
1924 3725 2044 3775 Haec
2066 3724 2239 3773 forma
2256 3727 2367 3793 jam
2392 3720 2548 3773 nullis
2578 3740 2689 3773 non
2716 3733 2796 3774 est

1790 3803 2016 3873 cognita.
2044 3799 2145 3853 Sed
2164 3800 2230 3853 de
2252 3800 2352 3852 hac
2372 3820 2428 3852 re
2445 3798 2567 3851 vide
2586 3801 2795 3870 potissi·

1788 3902 1933 3936 mum
1973 3884 2282 3936 Ciceronem
2324 3882 2377 3932 in
2420 3882 2659 3933 oratione
2695 3899 2794 3952 pro

1791 3964 1951 4017 domo
1980 3983 2077 4016 sua
2101 3964 2167 4015 ad
2190 3963 2485 4016 Pontifices.
2515 3964 2697 4014 AEnon.
2722 3991 2796 4003 —

1787 4048 1981 4100 Nonne
2020 4046 2302 4097 damnatio.
2344 4045 2539 4097 Nonne
2575 4044 2793 4095 damna-

1790 4136 1897 4177 tum
1929 4135 2177 4197 sequetur,
2214 4122 2411 4175 scilicet
2447 4124 2500 4173 in
2536 4123 2787 4176 exsilium.

1789 4201 2391 4274 Senum.--Patr·onum
2418 4199 2592 4253 illum.
2615 4202 2794 4256 Pan-o·

1792 4299 1919 4335 num
1939 4305 1953 4333 .·
1982 4280 2131 4333 illum
2145 4316 2164 4345 ‚
2184 4293 2285 4333 etc.
2305 4276 2486 4332 AErod.
