3200 5117
729 546 855 628 314
1231 546 1322 611 M.
1372 545 1620 610 FABII
1665 542 2296 629 QUINTILIANI

1786 805 2649 833 mmwmm
2658 803 2803 824 m

727 807 1496 838 *vm-namneum

1473 1011 2056 1090 CCCXXIV.

1488 1241 1683 1312 Bona
1711 1238 2042 1338 sacrileqi.

725 1443 849 1522 Qm
883 1464 1055 1506 amm
1085 1463 1271 1506 emme
1300 1461 1731 1520 mmuvuur,
1766 1462 1924 1503 nonu
1957 1461 2096 1503 esus
2128 1460 2458 1503 rossmm‘r.
2486 1440 2800 1500 Sacarum

804 1563 964 1604 noua
986 1561 1226 1602 renero
1253 1559 1738 1602 consectum-run.
1770 1541 2112 1600 Damnatus
2134 1538 2309 1600 caedis
2332 1558 2528 1619 quum
2556 1551 2800 1618 torque-

803 1651 996 1716 retur,
1033 1638 1184 1698 dixit
1218 1651 1279 1698 et
1313 1636 1697 1718 sacrilegium
1737 1657 1773 1696 a
1806 1656 1867 1695 se
1902 1638 2318 1697 commissum.
2353 1633 2697 1714 Ambigitur
2726 1632 2798 1692 de

803 1733 1002 1795 bonis.
1030 1735 1321 1797 Sacerdos
1350 1733 1582 1817 templo
1614 1732 1915 1794 vindicat:
1950 1745 2264 1793 accusator
2285 1731 2424 1790 sibi.

1415 1920 2115 2017 DECLAMATm.

819 2076 1213 2173 Antequam
1235 2074 1419 2172 leges
1440 2100 1925 2174 comparamus
1939 2131 1958 2162 ‚
1982 2073 2231 2147 intueri
2254 2101 2577 2173 personas
2601 2073 2795 2144 libet:

727 2213 850 2259 nos
893 2187 1160 2260 nullam
1199 2187 1541 2260 habemus
1579 2188 1654 2259 in
1687 2187 2027 2286 litigando
2070 2188 2423 2288 propriam
2459 2187 2804 2289 cupidita-

727 2324 870 2374 tem
906 2331 920 2374 :
967 2331 1109 2376 non
1151 2303 1572 2403 acquirimus
1614 2302 1816 2376 nobis
1856 2331 1869 2373 ε
1916 2303 2220 2402 petimus
2268 2304 2453 2376 hona
2497 2304 2801 2402 templo,

723 2415 1027 2516 petimus
1057 2417 1397 2490 honorem
1428 2419 1556 2490 deo
1587 2445 1602 2487 :
1639 2418 2062 2490 adversarius
2099 2419 2232 2490 sibi
2260 2417 2596 2509 vindicat,
2630 2440 2694 2491 et
2729 2419 2800 2489 in

722 2531 1087 2631 praemium
1113 2559 1336 2631 operae
1361 2559 1494 2605 suae
1521 2532 1861 2632 deposcit:
1899 2533 2246 2623 ostendit¹,
2273 2559 2483 2632 quare
2515 2559 2798 2605 accusa-

720 2645 1549 2736 verit.Quemadmodum
1569 2672 1892 2744 personas
1913 2648 2481 2746 comparavimus»,
2505 2646 2597 2717 ita
2616 2672 2794 2717 com·

720 2785 1044 2858 paremus
1077 2780 1143 2830 et
1168 2759 1352 2858 leges
1390 2787 1404 2830 :
1452 2759 1639 2831 idem
1683 2760 1927 2832 demus
1966 2762 2234 2861 utrique
2263 2783 2565 2861 tempus,
2602 2786 2794 2832 eam-

723 2872 885 2945 dem
913 2875 1186 2972 utrique
1204 2874 1338 2973 legi
1360 2901 1675 2948 causam:
1702 2875 1861 2974 ipsae
1888 2896 2121 2949 tamen
2142 2878 2351 2949 etiam
2375 2878 2535 2950 citra
2559 2877 2797 2949 defen-

720 2989 978 3080 siones,
1018 3017 1160 3061 non
1199 3016 1439 3089 parem
1475 2991 1811 3064 rationem
1840 2991 2140 3064 habent:
2186 2994 2430 3094 scripta
2463 3013 2560 3065 est
2591 2990 2799 3064 altera

724 3103 882 3194 deo,
912 3106 1122 3180 altera
1147 3106 1421 3179 homini
1452 3135 1466 3179 :
1501 3134 1781 3209 aequum
1815 3129 1917 3182 est
1943 3109 2243 3209 priorem
2277 3136 2419 3183 esse
2459 3109 2797 3182 rationem

724 3222 1092 3321 religionis.

1576 3374 1937 3440 SERMO.

814 3520 939 3587 Hic
951 3520 1183 3612 subjici
1203 3540 1455 3614 poterat
1471 3540 1538 3590 et
1549 3523 1755 3604 locus,
1777 3523 1847 3589 in
1862 3545 1998 3615 quo
2012 3520 2358 3590 laudemus
2371 3520 2545 3590 hanc
2558 3522 2793 3613 legem.
2908 3589 2921 3596 ,

1410 3715 2108 3784 DECLAMATIO.

818 3870 1140 3940 Praeterea
1166 3887 1233 3939 et
1250 3867 1510 3968 alioqui
1527 3868 1777 3968 justius
1799 3890 1895 3940 est
1911 3868 2218 3967 sacrilegi
2246 3867 2431 3938 bona
2454 3866 2791 3966 pertinere

725 3981 811 4052 ad
846 3984 1223 4082 templum,
1268 4012 1480 4083 quam
1522 3985 1833 4058 damnati
1871 3985 1961 4058 ad
1996 4005 2507 4057 accusatorem:
2544 3978 2791 4080 quare?

802 4183 845 4217 ι.
886 4170 1129 4222 Ostendit.
1163 4174 1232 4225 Et
1262 4173 1505 4239 ostendit,
1535 4171 1710 4224 AErod.
1791 4171 1961 4237 lebat,
1993 4173 2362 4244 defensionem.
2388 4199 2457 4209 --
2477 4167 2668 4239 Subjt'ct'
2690 4182 2787 4239 po·

726 4272 790 4282 ·-
818 4244 957 4297 Citra
979 4248 1307 4319 defensiones.
1331 4252 1581 4304 Francius
1606 4269 1715 4303 ma-
1793 4259 1938 4338 terqt.
1963 4250 2099 4323 Sulgi.
2122 4250 2339 4322 poterit,
2365 4244 2540 4302 AErod.
