3200 5117
763 552 888 631 354
1265 552 1358 614 Μ.
1406 549 1658 614 FABll
1702 549 2343 632 QUINTILIANI

741 677 1105 756 bitationis
1123 733 1142 766 ,
1175 675 1313 752 fide
1336 674 1865 760 anutilitatihus
1894 695 2103 748 amet.
2134 673 2399 748 Officia
2430 674 2756 750 adversus
2783 701 2854 749 se

757 820 919 864 mea
937 812 1223 866 noverat
1247 790 1429 863 dives
1455 819 1469 861 :
1495 790 1855 863 assiduum
1880 817 1991 862 me
2016 789 2288 866 haesisse
2314 790 2529 862 lateri¹
2555 789 2850 864 sciebat:

741 909 1050 984 tenuitas
1075 935 1237 981 mea
1267 908 1605 980 afferebat
1632 908 1813 979 hanc
1845 908 1907 979 ei
1938 906 2451 978 dubitationem
2469 964 2488 996 ‚
2523 928 2603 979 ut
2629 929 2859 1007 posset

755 1050 1095 1123 quaerere,
1126 1050 1217 1098 an
1250 1023 1433 1096 istud
1469 1022 1776 1095 amicitia
1801 1022 2160 1094 fecissem:
2196 1021 2425 1119 itaque
2456 1050 2682 1120 quum
2714 1023 2854 1096 sci-

751 1159 883 1228 ret,
919 1158 1217 1212 mortem
1247 1165 1423 1228 esse,
1455 1165 1609 1237 quae
1640 1138 1728 1210 de
1760 1137 2013 1208 animis
2044 1136 2301 1208 diceret
2327 1163 2602 1227 verum,
2636 1158 2853 1211 testa-

750 1274 1017 1345 menta,
1040 1254 1300 1353 quibus
1322 1281 1611 1325 omnem
1641 1254 1978 1327 affectum
1995 1253 2333 1342 fatemur3
2370 1252 2467 1324 ita
2489 1278 2851 1352 supremas

745 1369 1020 1442 tabulas
1052 1369 1435 1456 ordinavit,
1475 1391 1556 1443 ut
1591 1372 1915 1444 adversus
1950 1396 2065 1440 me
2103 1368 2327 1444 dicere
2359 1368 2566 1443 vellet
2609 1371 2851 1444 animo

746 1498 968 1557 me02.
995 1487 1190 1556 Bona
1212 1485 1496 1558 interim
1521 1511 1646 1557 sua
1665 1483 1853 1585 apud
1879 1485 2088 1555 istum
2116 1482 2468 1582 deposuit,
2495 1484 2667 1557 dum
2691 1487 2849 1559 sciri

745 1597 997 1697 possit,
1034 1598 1205 1698 quid
1239 1598 1326 1672 de
1356 1598 1477 1672 illo
1505 1599 1650 1698 ipse
1682 1599 2083 1672 sensissem:
2122 1597 2269 1671 dari
2304 1598 2478 1670 mihi
2496 1599 2702 1701 jussit
2730 1601 2844 1690 id,

746 1713 936 1811 quod
966 1742 1096 1814 ego
1120 1736 1536 1788 testamento
1562 1742 1722 1787 meo
1750 1714 2011 1787 darem.
2042 1713 2114 1787 si
2149 1714 2640 1814 cogitationem
2668 1715 2847 1788 intra

746 1831 1097 1928 angustias
1129 1829 1535 1904 facultatum
1570 1856 1889 1903 mearum
1927 1830 2184 1920 tenuit,
2229 1851 2475 1929 praeter
2505 1830 2619 1922 id,
2657 1832 2848 1929 quod

741 1943 1056 2043 ingratus
1087 1944 1304 2017 videri
1339 1966 1558 2044 potest
1591 1945 1896 2033 amicus,
1931 1971 2077 2016 non
2113 1945 2422 2026 multum
2453 1945 2601 2046 ejus
2628 1945 2847 2019 inter-

744 2061 917 2151 fuit,
965 2061 1142 2160 quid
1188 2089 1315 2161 ego
1362 2062 1804 2162 scripsissem.
1854 2064 2076 2134 Lectae
2124 2081 2288 2132 sunt
2328 2060 2581 2133 tabulae
2625 2089 2841 2135 meae:

744 2177 1047 2250 constitit
1093 2176 1263 2249 fides
1308 2177 1670 2250 amicitiae:
1720 2176 2046 2249 omnium
2092 2176 2445 2248 bonorum
2491 2175 2846 2249 institutus

743 2289 944 2362 heres
970 2310 1152 2361 erat:
1189 2288 1323 2362 hoc
1353 2288 1625 2388 plenior
1646 2290 1928 2362 animus
1955 2314 2184 2379 meuS,
2213 2288 2403 2385 quod
2430 2289 2581 2361 sine
2606 2318 2848 2390 excep-

745 2402 955 2476 tione.
1000 2405 1221 2503 Igitur
1266 2405 1456 2503 quod
1502 2404 1591 2478 ad
1637 2432 1751 2477 me
1793 2403 2130 2504 pertinet,
2177 2405 2418 2504 aperui
2460 2426 2735 2504 pectus,
2780 2427 2847 2478 et

744 2518 1241 2592 conscientiam
1270 2519 1524 2620 protuli
1547 2549 1565 2609 ;
1603 2540 1673 2592 et
1700 2546 1841 2619 qua
1868 2547 2102 2592 rerum
2130 2539 2377 2592 natura
2409 2520 2692 2619 patitur,
2716 2522 2847 2594 vis-

1835 2679 2050 2731 divitem
2073 2678 2404 2743 decessisset,
2433 2691 2603 2730 totum
2628 2676 2735 2730 hoc
2764 2679 2835 2731 ad

1832 2779 1957 2813 eum
1976 2764 2320 2832 pervenisset,
2338 2757 2523 2812 eodem
2543 2758 2724 2825 titulo,
2743 2779 2838 2812 eo-

740 2676 974 2745 habeas,
1008 2697 1076 2730 an
1105 2692 1353 2750 reposcet
1381 2678 1525 2732 dives
1557 2678 1627 2730 ab
1657 2676 1757 2730 he-

743 2760 873 2814 rede
889 2760 1166 2831 pauperis,
1184 2758 1239 2812 id
1256 2758 1431 2830 quod,
1452 2760 1535 2812 vel
1550 2772 1755 2812 tantum

745 2854 1006 2913 quantum
1026 2842 1144 2911 ipse
1168 2852 1474 2892 testamento
1501 2858 1597 2892 suo
1622 2859 1756 2911 pau-

744 2924 862 2995 peri
875 2920 1127 2975 dederat?
1140 2923 1286 2993 atqui
1299 2921 1548 2974 heredem
1564 2940 1626 2972 ex
1641 2939 1755 2973 asse

743 3003 1062 3054 instituerat.
1092 3000 1206 3053 Nec
1231 3001 1392 3071 igitur
1421 2998 1476 3051 id
1507 2999 1623 3050 fieri
1651 3017 1755 3070 po·

745 3096 876 3149 test,
899 3101 1000 3135 nec
1020 3080 1303 3134 verisimile
1328 3095 1406 3135 est
1420 3119 1438 3148 ,
1463 3099 1756 3154 pauperem

744 3174 896 3213 tanto
912 3160 1088 3233 legato
1103 3158 1352 3214 heredem
1368 3178 1522 3211 suum
1533 3178 1758 3212 onerare

744 3241 975 3296 voluisse
996 3264 1010 3293 ε
1048 3261 1214 3315 quum
1239 3241 1286 3292 si
1315 3239 1383 3292 ad
1411 3242 1759 3311 quantitatem

745 3317 1043 3386 bonorum,
1059 3340 1171 3373 non
1189 3319 1259 3371 ad
1276 3318 1487 3371 titulum
1509 3319 1659 3371 illum
1676 3338 1758 3370 re·

746 3399 974 3466 spiceret
985 3437 1002 3464 ,
1016 3398 1173 3469 primi
1187 3396 1267 3450 vel
1285 3395 1506 3451 secundi
1520 3396 1729 3449 heredis
1740 3434 1756 3460 ‚

743 3487 844 3526 aut
871 3472 1369 3540 fideicommissarii,
1399 3486 1492 3526 aut
1517 3473 1755 3546 legatarii

745 3552 1082 3619 universalis,
1108 3566 1200 3605 aut
1221 3554 1459 3624 partiar-ii
1482 3551 1633 3623 (quae
1648 3552 1757 3623 ple-

745 3652 818 3686 na
837 3632 1058 3688 honoris
1082 3648 1205 3688 sunt
1228 3634 1477 3705 nomina)
1496 3647 1642 3688 certo
1663 3636 1758 3686 sci·

743 3730 854 3783 ret,
874 3728 934 3768 ut
947 3714 1030 3767 vel
1049 3715 1261 3768 minima
1280 3734 1404 3786 pars
1425 3712 1526 3768 sibi
1545 3733 1578 3766 a
1598 3714 1756 3768 divite

746 3815 1070 3868 quocunque
1081 3795 1237 3850 titulo
1250 3795 1435 3850 relicta
1451 3809 1605 3862 esset,
1614 3795 1754 3850 hanc

746 3897 869 3932 suas
895 3897 1080 3931 omnes
1100 3876 1379 3930 facultates
1403 3895 1752 3930 excessuram.

743 3958 986 4012 Alterum
1004 3969 1404 4029 argumentum,
1421 3970 1481 4009 ut
1503 3956 1725 4010 diximus
1738 3993 1755 4024 ,

745 4040 803 4092 in
842 4043 1087 4111 equitate
1131 4039 1368 4112 positum
1412 4051 1509 4090 est.
1552 4041 1759 4109 Pauper

747 4136 1026 4191 nunquam
1040 4121 1263 4174 mutavit
1276 4131 1648 4173 testamentum
1658 4141 1675 4171 z
1694 4119 1758 4172 si·

747 4217 810 4251 ve
850 4213 1016 4253 auctae
1029 4239 1048 4269 ,
1083 4204 1192 4255 sive
1229 4201 1498 4254 diminutus
1527 4201 1758 4253 fuissent

748 4281 863 4350 ejus
887 4297 1016 4352 opes
1039 4292 1093 4333 et
1115 4279 1424 4346 facultates,
1448 4291 1610 4350 atque
1633 4293 1754 4334 aute

1834 2839 1954 2892 dem
1974 2849 2305 2893 testamento.
2316 2840 2419 2890 Cur
2431 2856 2556 2909 ergo
2570 2856 2678 2889 non
2693 2837 2838 2891 idem

1835 2921 1889 2971 in
1928 2920 2106 2992 legato
2149 2921 2319 2974 divitis
2359 2919 2654 2973 servabitur
2672 2922 2696 2971 ἰ’
2731 2920 2839 2973 Sed

1834 3004 2215 3055 commentaria
2234 3022 2347 3055 non
2368 3000 2599 3068 edimus,
2622 3021 2723 3055 nee
2738 3002 2843 3056 hu-

1829 3083 1919 3153 jus
1968 3081 2073 3132 loci
2119 3093 2199 3133 est
2242 3080 2385 3133 hane
2430 3083 2839 3134 controversiam

1836 3176 2063 3214 tractare
2085 3163 2141 3214 in
2164 3176 2446 3236 utramque
2463 3178 2669 3236 partem
2688 3183 2839 3216 accu-

1836 3244 2017 3295 ratius.
2039 3242 2304 3294 AEnomus.

1914 3337 1933 3371 ι
1948 3360 1960 3372 .
1973 3322 2144 3372 Lateri
2158 3321 2363 3372 sciebat.
2381 3319 2477 3372 Ed.
2501 3321 2616 3392 Rip.
2636 3320 2727 3373 dat
2747 3320 2835 3372 lat.

1834 3418 1926 3452 suo
1948 3419 2016 3452 sc.
2046 3398 2245 3451 advers.
2271 3399 2437 3452 nack.
2465 3414 2517 3452 et
2540 3401 2716 3452 Burm.
2746 3400 2835 3450 Eu.

1908 3500 1956 3533 2.
1998 3482 2069 3532 Ut
2100 3483 2335 3535 adversus
2372 3501 2457 3534 me
2489 3483 2656 3534 dicem
2692 3481 2842 3534 vellet

1834 3564 2012 3616 anieno
2043 3583 2149 3616 suo.
2184 3566 2353 3635 Lege:
2394 3576 2456 3616 ut
2488 3565 2755 3618 adversum
2791 3584 2840 3617 se

1835 3643 2022 3695 discere
2034 3642 2191 3695 vellet
2203 3644 2437 3695 aninmm
2453 3663 2647 3696 meum.
2661 3646 2839 3697 AEtou.

1835 3722 1947 3784 An,
1975 3721 2210 3775 adversus
2240 3740 2323 3773 me
2337 3722 2585 3793 judicare
2614 3744 2662 3774 v.
2688 3743 2739 3774 a.
2768 3742 2837 3774 m.

1834 3800 2131 3853 secuudum
2149 3803 2383 3856 animum
2401 3819 2606 3865 meum,
2620 3799 2705 3852 vel
2725 3800 2841 3873 plu-

1833 3884 2051 3948 rimum,
2064 3882 2149 3933 vel
2167 3885 2414 3954 exiguum
2431 3883 2517 3935 isti
2536 3881 2842 3934 adversario

1835 3980 1954 4013 meo
1987 3960 2153 4014 voluit
2185 3960 2462 4028 relictum,
2496 3975 2598 4013 etc.
2633 3961 2844 4016 Judicia

1835 4059 1951 4092 mea
1970 4040 2126 4108 infra,
2143 4058 2245 4113 pro
2262 4052 2582 4093 testamento
2601 4061 2613 4091 ε
2633 4053 2687 4091 et
2691 4038 2845 4111 judi-

1834 4134 1952 4170 cam
1977 4130 2097 4190 post
2128 4131 2365 4172 mortem.
2399 4120 2518 4173 Sca.
2544 4147 2617 4160 ·-
2635 4118 2715 4170 De
2740 4113 2843 4169 illo

1836 4201 1943 4270 ipse
1969 4218 2117 4253 sens..
2150 4200 2437 4253 Maluimus
2467 4202 2574 4273 ipse
2600 4217 2698 4272 pro
2729 4200 2843 4271 ipso

1834 4297 1959 4333 cum
1969 4278 2132 4334 Hack.
2146 4281 2321 4354 etBip.
2332 4279 2538 4335 advers.
2550 4283 2733 4334 Burm.
2743 4279 2840 4332 En.
