3200 5117
769 541 900 606 3⁸0
1161 517 1172 524 “
1269 537 1365 604 Μ.
1411 537 1668 604 FAmr
1711 538 2352 623 QUINTILIANI

757 663 985 764 juvat,
1008 683 1076 735 et
1091 662 1355 762 aliquid
1379 663 1671 736 scilicet¹
1696 647 2183 762 experimentis
2203 663 2523 764 adjicere.
2544 668 2857 738 Domum

768 778 1159 878 perdidisti:
1189 778 1412 877 gravis
1434 778 1695 880 injuria
1722 779 2048 869 fortunae,
2076 807 2331 852 novam
2359 780 2671 852 habitare
2695 809 2712 852 ε
2740 782 2859 853 sed

769 921 1050 967 uxorem
1086 893 1482 992 perdidisti:
1519 921 1608 965 ne
1639 894 1712 965 in
1743 894 1876 966 hac
1905 895 2192 994 quidem
2230 895 2356 967 tibi
2393 896 2706 967 multum
2741 897 2862 969 de-

768 1010 1000 1082 siderii
1025 1030 1159 1083 est:
1187 1009 1544 1110 quomodo
1569 1009 1761 1082 enim
1789 1037 1906 1082 vos
1925 1067 1944 1101 ,
1971 1009 2219 1083 divites
2237 1067 2256 1101 ,
2295 1011 2593 1109 recipitis
2622 1012 2863 1082 matri-

769 1123 1048 1196 monia?
1081 1121 1421 1223 recipitis?
1452 1122 1600 1194 aliae
1634 1149 1753 1195 vos
1789 1124 2069 1222 rapiunt
2099 1124 2522 1225 voluptates,
2568 1124 2686 1195 illa
2719 1125 2859 1196 mi-

769 1238 1084 1329 nisteria,
1122 1237 1222 1310 illi
1256 1238 1503 1311 imitati
1527 1238 1829 1311 feminas
1852 1238 2049 1338 pueri
2082 1266 2095 1309 :
2128 1240 2293 1311 inde
2318 1240 2430 1329 fit,
2465 1262 2545 1312 ut
2572 1266 2660 1311 ne
2686 1240 2859 1310 libe-

767 1379 877 1425 ros
923 1352 1211 1451 quidem
1255 1352 1521 1425 ametis.
1571 1355 1755 1452 Ergo
1803 1374 1867 1425 te
1916 1375 2206 1452 possunt
2248 1353 2465 1425 multa
2519 1354 2853 1426 ²hortari:

767 1489 1096 1568 praeterea
1127 1468 1431 1540 subeunt
1453 1468 1694 1541 solatia
1714 1499 1731 1557 ;
1759 1489 1827 1540 et
1849 1460 2138 1541 uxorem
2162 1469 2291 1542 tibi
2322 1469 2628 1542 invenire
2659 1469 2859 1541 facile

770 1604 903 1673 est,
939 1604 1005 1655 et
1040 1582 1292 1656 liberos
1336 1583 1459 1655 tibi
1498 1583 1670 1656 alios
1706 1584 1995 1655 educare
2034 1584 2238 1660 facile
2280 1605 2378 1656 est
2409 1611 2423 1654 ε
2463 1610 2607 1654 non
2643 1583 2857 1654 relin-

770 1725 862 1796 qu
873 1720 997 1769 unt
1020 1697 1240 1770 dolori
1257 1698 1500 1770 'locum
1523 1719 1622 1770 tot
1650 1698 2085 1770 circumfusae
2105 1694 2508 1796 voluptates.
2540 1701 2687 1795 Ego
2715 1697 2857 1769 haec

770 1814 1011 1887 omnia
1033 1840 1272 1914 passus
1294 1842 1449 1887 sum
1477 1841 1782 1914 pauper:
1814 1814 1869 1887 si
1895 1815 2197 1887 dicerem
2217 1872 2236 1905 ,
2263 1817 2538 1913 Pauper
2563 1814 2855 1886 domum

772 1927 1041 2028 perdidi
1079 1955 1094 1999 :
1136 1950 1374 2002 exutus
1411 1950 1650 2001 tamen
1691 1929 1889 2001 omni
1919 1955 2128 2001 censu
2159 1928 2465 2000 viderer:
2504 1927 2858 2027 quomodo

771 2042 959 2114 enim
990 2042 1114 2115 illa
1146 2043 1334 2142 apud
1371 2071 1483 2116 me
1511 2043 1978 2117 remanserat?
2002 2044 2163 2143 quia
2188 2065 2473 2143 paterna
2499 2065 2662 2115 erat.
2691 2047 2859 2114 Pau-

770 2186 895 2258 per
925 2156 1174 2232 liberos
1214 2159 1522 2259 perdidi,
1557 2186 1825 2258 pauper
1860 2186 2147 2231 uxorem
2178 2159 2452 2258 perdidi
2482 2186 2497 2231 ε
2532 2159 2717 2232 solus
2750 2186 2859 2231 re-

772 2274 968 2347 lictus
991 2302 1145 2348 sum
1163 2334 1182 2367 ,
1212 2275 1397 2350 solus
1422 2276 1786 2349 destitutus
1815 2302 1995 2349 sum.
2024 2277 2405 2348 Inimicum
2433 2276 2712 2349 divitem
2738 2275 2860 2347 ha-

772 2389 903 2461 beo
942 2417 956 2461 t
1004 2391 1234 2464 adhuc
1274 2392 1432 2464 odia
1474 2391 1632 2481 illa,
1678 2419 1831 2491 quae
1866 2412 2103 2464 contra
2137 2419 2252 2463 me
2291 2392 2607 2491 quotidie
2640 2391 2857 2482 acuit,

770 2505 1015 2578 fortius
1057 2507 1484 2578 sustinebam
1527 2533 1645 2604 spe
1689 2507 2114 2595 liberorum;
2158 2506 2312 2607 jam
2357 2506 2597 2579 mihi
2563 2531 2859 2606 Juvenes

773 2641 997 2709 erant;
1013 2620 1167 2721 jam
1193 2642 1461 2719 patrem
1482 2621 1893 2693 tuebantur:
1932 2622 2199 2694 etiamsi
2224 2621 2498 2720 quando
2518 2645 2629 2689 me
2649 2644 2855 2688 aemu-

771 2729 967 2809 latio
985 2756 1215 2809 nostra
1253 2738 1327 2807 in
1374 2739 1523 2809 foro
1565 2739 2000 2837 fatigaverat,
2050 2760 2226 2829 erat,
2277 2764 2424 2837 quae
2470 2734 2848 2834 exciperet,

775 2854 1047 2955 conjux.
1096 2854 1234 2925 Si
1215 2881 1289 2926 m
1330 2854 1463 2925 hoc
1512 2854 1909 2928 consisteret
1958 2876 2096 2928 tota
2136 2856 2255 2946 lis,
2306 2883 2395 2928 an
2437 2851 2613 2926 mihi
2656 2877 2855 2950 grave

776 2989 946 3040 esset
970 2968 1188 3041 vivere
1207 3027 1226 3060 ,
1260 2968 1369 3041 vel
1401 2995 1543 3041 uno
1576 2992 1985 3068 argumento
2016 2913 2307 3070 probaie
2339 2989 2645 3070 poteram
2673 2993 2689 3037 ε
2726 2964 2861 3036 ini-

777 3084 998 3157 micus
1030 3112 1143 3157 me
1168 3084 1314 3157 vult
1341 3085 1600 3158 vivere:
1636 3085 1819 3158 hanc
1856 3113 2073 3159 unam
2105 3088 2335 3158 adhuc
2370 3084 2664 3158 destinat
2689 3080 2859 3153 odiis

777 3198 917 3270 suis
943 3199 1278 3273 ultionem
1292 3197 1344 3271 3.
1372 3201 1517 3272 Cur
1539 3200 1732 3272 enim
1762 3200 1987 3273 dicere
2007 3201 2272 3300 aliquid
2292 3226 2502 3272 ausus
2521 3195 2723 3270 sum?
2744 3221 2860 3266 cur

780 3312 954 3383 mihi
983 3336 1378 3413 suspectum
1406 3316 1580 3405 fuit,
1614 3316 1803 3413 quod
1830 3317 2189 3390 fortissimi
2218 3316 2474 3388 milites
2504 3314 2860 3384 vinceren-

779 3424 934 3496 tur?
966 3452 1088 3498 cur
1115 3429 1516 3528 indignatus
1545 3458 1703 3502 sum
1733 3458 1976 3504 eorum
2005 3431 2110 3503 his
2139 3452 2328 3527 terga
2357 3455 2561 3515 caesa,
2593 3425 2715 3523 qui
2746 3450 2863 3522 po-

782 3559 1032 3611 terant
1051 3541 1259 3613 etiam
1301 3545 1408 3617 bis
1441 3545 1602 3619 victi
1642 3566 1876 3617 tamen
1910 3544 2224 3618 vincere?
2258 3543 2577 3650 [melligo
2623 3538 2863 3610 aversis

781 3641 1066 3728 auribus
1106 3657 1325 3758 accipi
1368 3661 1546 3736 hanc
1590 3683 1856 3760 partem
1900 3660 2272 3733 orationis:
2316 3658 2480 3731 vicit
2521 3655 2754 3743 enim,
2798 3674 2868 3725 et

858 3881 901 3915 ι.
929 3863 1155 3936 Aliquid
1171 3863 1384 3918 scilicet.
1408 3866 1631 3938 Aliquid
1647 3869 1689 3919 si
1713 3866 1784 3918 li·
1937 3866 2320 3920 2.Hortav·i.1d
2338 3877 2437 3928 est,
2459 3864 2695 3914 animum
2711 3856 2867 3910 adde·

781 3943 1075 4009 ⁶01‚AEr0d
1094 3944 1781 4018 -Rece’piusmatrimonim
1865 3966 1950 4012 re,
1974 3945 2149 3998 solari.
2174 3943 2307 3995 vide
2330 3944 2482 3993 Ber-n.
2512 3952 2568 3991 οι
2591 3942 2767 3989 Vorst.
2796 3932 2867 3986 ad

783 4025 861 4073 An
876 4024 1418 4095 ‚decipitisPScuucn
1446 4025 1781 4096 Recipitism.
1863 4024 2057 4074 sustin.
2084 4024 2185 4088 XI,
2209 4039 2272 4091 9,
2298 4013 2868 4074 8.--Iaveniri.1nve-

782 4102 904 4154 ‹115oe
937 4123 1025 4156 vos
1061 4105 1324 4177 rccipiunt
1359 4106 1463 4159 vol.
1501 4105 1680 4157 AErod.
1716 4135 1787 4146 -·
1866 4104 2013 4166 nire,
2036 4102 2165 4154 edit.
2190 4102 2316 4154 alim

783 4182 880 4234 1111·
903 4184 1112 4237 imitati.
1142 4186 1240 4239 1110·
1264 4188 1451 4241 mutati
1477 4189 1535 4240 in
1552 4185 1787 4255 feminas
1935 4182 1986 4234 3.
2023 4185 2264 4236 Destinat
2296 4180 2428 4233 odiis
2456 4180 2558 4232 suis
2590 4176 2867 4228 ultionem.

780 4282 963 4335 pum,
990 4266 1165 4318 AEmd·
1866 4265 2130 4333 Destinat,
2154 4262 2309 4328 odii,
2334 4261 2609 4314 ultionem.
2635 4255 2817 4310 AEmd.
