3200 5117
789 551 918 619 366
1297 551 1391 615 M.
1439 548 1691 613 FABII
1736 545 2379 630 QUINTILIANI

787 815 1469 839 ΜΎἉΜΜ
1474 813 2728 838 ΜΜΜΜΜΜΜΝΊΜΊΜἪ
2733 814 2877 836 Ἢν

1521 1017 2147 1096 CCCXXXV.

1199 1248 1490 1346 Infamis
1519 1252 1590 1320 in
1620 1273 2021 1334 novercam,
2052 1245 2461 1319 vulneratus.

785 1448 1045 1509 Infamis
1069 1448 1135 1506 in
1161 1467 1493 1507 novercam
1508 1491 1525 1521 ,
1550 1467 1695 1506 cum
1715 1457 1889 1528 patre
1912 1466 2165 1528 peregre
2192 1444 2504 1529 profectus
2536 1458 2624 1506 est
2647 1471 2659 1505 :
2687 1468 2884 1529 quum

866 1549 934 1607 in
968 1545 1239 1605 latrones
1275 1544 1662 1619 incidissent,
1698 1543 2008 1630 fugerunt.
2051 1529 2229 1605 Pater
2266 1565 2535 1606 reversus
2573 1544 2885 1605 adulteros

865 1643 1134 1703 inclusos
1168 1643 1238 1701 in
1268 1639 1554 1701 cubiculo
1590 1640 2029 1724 deprehendit:
2058 1641 2285 1701 occidit
2316 1660 2611 1716 uxorem3
2649 1641 2883 1702 adulte-

869 1738 1415 1800 rum-vulneravit:
1448 1740 1498 1798 is
1521 1737 1715 1819 fugit:
1747 1752 1957 1820 postea
1981 1738 2528 1799 vulnemtusifilius
2555 1740 2749 1800 venit.
2779 1739 2881 1799 In-

871 1838 1205 1920 terrogavit
1233 1858 1376 1898 eum
1414 1851 1617 1920 pater,
1655 1859 1692 1896 a
1728 1858 1855 1918 quo
1879 1836 2237 1900 vulneratus
2269 1851 2455 1912 esset3
2492 1837 2600 1898 ille
2630 1860 2668 1897 a
2699 1839 2886 1899 latro-

868 1936 1054 1995 nibus
1094 1934 1328 1995 dixit¹:
1376 1935 1616 1994 curavit
1655 1955 1799 1995 eum
1840 1949 2045 2018 pater,
2088 1949 2150 1995 et
2184 1935 2386 1998 reddit
2418 1955 2632 1996 causas
2666 1936 2883 1997 mortis

865 2032 1272 2093 voluntariae:
1308 2030 1470 2092 filius
1499 2033 1567 2092 C.
1602 2033 1678 2091 D.

1495 2211 2186 2278 DECLAMATIO.

879 2365 1226 2439 Adversus
1250 2367 1438 2442 mala¹
1461 2390 1530 2444 et
1558 2369 1846 2471 injurias
1870 2370 2166 2443 fortunae
2186 2427 2204 2460 ‚
2233 2391 2304 2443 et
2334 2397 2615 2470 gravem
2640 2371 2884 2471 pleris—

789 2510 926 2583 que
946 2483 1189 2573 vitam,
1213 2511 1438 2556 unum
1455 2507 1699 2557 natura
1722 2487 2113 2559 remedium
2135 2487 2521 2578 invenerat,
2550 2508 2878 2559 mortem:

791 2626 920 2671 nec
965 2599 1340 2700 quisquam
1390 2621 1610 2699 potest
1649 2621 1790 2683 tam
1832 2601 2129 2678 crudelis
2168 2601 2580 2701 legumlator
2618 2599 2829 2670 fuisse
2852 2655 2873 2688 ,

790 2715 914 2812 qui
952 2713 1315 2785 hominem
1353 2714 1798 2787 innocentem
1826 2716 1961 2788 vita
1998 2716 2355 2815 puniret²;
2389 2739 2605 2812 quum
2638 2733 2704 2784 et
2735 2710 2872 2783 hoc

789 2830 1021 2928 ipsum
1064 2828 1150 2900 sit
1186 2829 1591 2901 calamitatis
1629 2857 1884 2930 genus,
1922 2832 2101 2903 mori
2136 2832 2344 2904 velle:
2378 2827 2747 2901 neccssaria
2777 2848 2876 2898 ta-

790 2972 954 3017 men
978 2964 1193 3016 vestra
1216 2944 1518 3042 cognitio
1545 2966 1674 3036 est,
1700 2968 1778 3017 ut
1804 2973 1982 3035 non,
2007 2946 2175 3047 quia
2195 2947 2380 3019 istud
2404 2944 2708 3017 liberum
2734 2969 2878 3014 esse

792 3059 1277 3132 innocentibus
1306 3086 1449 3131 non
1481 3081 1780 3159 oportet,
1816 3061 1936 3133 sed
1968 3062 2135 3161 quia
2162 3062 2369 3134 multi
2398 3081 2594 3149 sunt,
2630 3057 2752 3158 qui
2785 3058 2880 3129 sic

787 3176 1278 3249 conscientiam
1318 3177 1686 3250 emittunt:
1726 3199 1795 3250 et
1826 3179 1982 3250 ideo
2016 3178 2362 3280 adjectum
2401 3198 2502 3249 est
2532 3177 2879 3248 damnum

783 3292 1223 3391 ‚sepulturae³,
1246 3320 1336 3365 ne
1355 3321 1425 3365 se
1449 3315 1700 3393 putent
1722 3321 1954 3392 poenas
1979 3294 2325 3393 effugisse.
2355 3293 2519 3364 Ideo
2546 3318 2672 3390 ego
2697 3291 2878 3362 hanc

867 3476 911 3512 ι.
931 3461 983 3512 A
1001 3459 1282 3514 [amnibus
1298 3462 1444 3514 dixit.
1471 3463 1539 3513 A.
1566 3461 1605 3513 ι.
1631 3463 1789 3529 dixit,
1868 3463 2135 3515 scientiam
2155 3439 2414 3514 eminam.
2438 3463 2521 3512 Au
2534 3499 2550 3525 ‚
2567 3461 2798 3511 evitant?
2811 3478 2877 3511 an

777 3561 909 3592 ,eum
944 3553 1118 3613 pater,
1161 3544 1303 3613 quod
1341 3543 1622 3615 infamavit
1664 3542 1793 3596 mori
1872 3541 2063 3592 conscii
2089 3542 2323 3593 animam
2351 3540 2633 3591 emittunt?
2656 3541 2726 3590 Ut
2749 3539 2875 3591 Dec.

791 3621 936 3687 vult,
981 3633 1033 3674 et
1065 3621 1228 3674 reddit
1264 3640 1307 3674 c.
1348 3643 1419 3674 m.
1460 3623 1789 3676 voluntarioe.
1870 3621 1958 3685 lv,
1978 3638 2042 3689 9:
2069 3623 2255 3690 «Quos
2279 3620 2493 3673 sceleris
2515 3637 2723 3683 consc.,
2743 3636 2875 3691 quos

785 3700 948 3756 Filius
969 3703 1022 3754 C.
1043 3701 1111 3753 D.
1129 3700 1308 3753 AErod.
1334 3701 1463 3768 Alii,
1479 3703 1613 3754 dixit
1628 3721 1789 3774 quum
1879 3720 1901 3743 «ι
1922 3699 2135 3768 majoris
2154 3701 2416 3751 cruciatus
2437 3710 2608 3750 metus
2627 3702 2682 3749 in
2699 3714 2878 3767 supre-

773 3796 938 3861 Ιριιτει·
958 3784 1209 3857 fuqeret:
1247 3782 1440 3847 reddit,
1481 3796 1582 3834 etc.
1626 3801 1788 3852 marg.
1879 3798 1901 3822 κ
1923 3795 2005 3828 ma
2041 3777 2396 3848 compelleret.
2420 3800 2442 3824 ι
2477 3776 2696 3827 ὃοιιῡιτ.
2730 3778 2875 3828 Com.

786 3869 974 3920 Pater.-
998 3865 1158 3917 reddit
1178 3882 1221 3916 c.
1244 3877 1342 3915 etc.
1369 3864 1638 3916 Francius.
1872 3860 2160 3910 amittunt?
2182 3860 2287 3910 AEr.
2322 3856 2446 3912 seh.
2476 3856 2544 3909 ad
2571 3857 2721 3908 Deci.
2741 3856 2792 3922 1,
2826 3872 2875 3925 7,

860 3967 908 4001 2.
930 3950 1267 4000 Innocentem
1289 3965 1337 3997 υ.
1349 3965 1405 4018 p.
1422 3946 1560 3996 Dum
1582 3947 1631 3997 ei
1649 3946 1792 3997 necis
1874 3941 2028 4005 citat,
2050 3962 2072 3986 ιι
2092 3958 2271 3992 conse.
2293 3940 2596 4004 remittunt,
2618 3962 2639 3984 n
2666 3938 2880 4007 corrigit

783 4025 1066 4079 adversum
1089 4044 1146 4078 se
1168 4038 1487 4097 potestatem
1508 4022 1788 4090 adimeret,
1871 4037 2017 4084 vero,
2039 4020 2163 4090 «qni
2177 4017 2278 4072 sibi
2294 4036 2469 4070 consc-
2485 4018 2713 4068 animam
2728 4017 2882 4067 emit-

787 4120 901 4159 tum
925 4125 1087 4177 quum
1109 4125 1253 4158 mors
1273 4108 1388 4175 ipsa
1401 4107 1515 4176 jam
1533 4108 1640 4158 vita
1663 4105 1791 4157 bea·-
1876 4118 1899 4142 ⁴¹
1920 4109 2056 4148 tunt·
2081 4121 2103 4144 ’ν
2153 4097 2277 4149 Non
2322 4093 2460 4148 male
2479 4134 2497 4162 ‚
2543 4098 2588 4148 si
2622 4094 2843 4165 Jegatur
2859 4129 2878 4159 ,

681 4232 688 4238 .
786 4186 998 4238 tiorest.
1012 4184 1592 4248 AEnon.—Utnon,etc.
1605 4184 1792 4255 Utique
1868 4177 1963 4231 sibi
1979 4178 2169 4231 conscii
2191 4180 2423 4231 animam
2448 4176 2708 4229 emitumt.

788 4281 923 4328 non,
947 4280 1007 4313 ex
1031 4264 1162 4327 AEr.,
1185 4262 1314 4316 Obr.
1329 4300 1345 4327 ,
1365 4275 1418 4314 et
1437 4263 1548 4333 Bip.
1571 4292 1642 4302 ——
1666 4263 1791 4313 Con-
1943 4259 1993 4311 3.
2022 4258 2297 4332 Affectum
2325 4271 2400 4313 est
2423 4258 2681 4311 damnum
2706 4255 2881 4332 sepul·
