3200 5117
739 496 1610 639 DECLAMATIO'NES.
1655 573 1913 643 xx1x.
2262 576 2388 666 575

274 697 592 770 sollicito
618 719 1020 796 extorquere
1044 723 1113 769 se
1139 697 1401 796 populo
1420 751 1439 783 ‚
1467 696 1657 794 quod
1684 697 2051 795 impetrare
2075 725 2117 769 a
2137 698 2390 772 victore

271 842 436 887 nou
472 837 722 915 posset.
754 820 987 888 Ducat
1019 814 1206 885 dives
1240 813 1586 911 aliquam,
1617 813 1736 885 sed
1772 815 2146 912 aequalem:
2180 816 2386 890 ducat

269 928 640 1015 volentem
670 957 684 1000 :
712 929 877 1000 velis
903 927 1092 999 enim
1118 927 1300 999 nolis
1318 984 1338 1019 ,
1369 948 1685 1026 suspecta
1715 954 1819 1000 res
1845 949 1943 1000 est
1965 951 2229 1002 amator
2251 931 2392 1003 ini-

271 1044 554 1134 micu3‚
599 1044 878 1143 squalor
917 1064 985 1115 et
1030 1069 1302 1133 moeror,
1341 1044 1642 1140 gemitus
1687 1064 1752 1115 et
1794 1043 2054 1134 luctus,
2094 1045 2384 1118 inimici.

265 1158 469 1230 Filia
518 1158 670 1231 talis
717 1156 1124 1233 adamatur?
1171 1182 1440 1259 pauper
1482 1177 1550 1228 et
1598 1157 1780 1230 dives
1822 1158 2238 1233 inimicum¹
2288 1181 2390 1232 est

265 1273 856 1346 matrimonium:
892 1300 980 1345 ne
1018 1298 1263 1371 pecora
1302 1272 1594 1372 quidem
1624 1274 1883 1375 jugum
1907 1331 1926 1364 ,
1974 1274 2109 1346 nisi
2157 1274 2382 1372 paria,

261 1389 690 1461 succedunt.
721 1391 869 1486 Ego
898 1408 1132 1459 autem
1161 1386 1334 1486 quid
1367 1386 1669 1461 faciam?
1694 1387 2027 1485 laqueum
2052 1388 2215 1460 filiae
2243 1387 2384 1463 sol-

257 1532 446 1577 vam
463 1562 482 1595 ,
505 1530 594 1574 an
615 1503 1030 1575 flammeum
1051 1502 1562 1602 superponam?
1579 1504 1806 1574 facem
1830 1503 2122 1575 nubenti
2148 1503 2386 1600 praefe-

261 1648 435 1695 ram
455 1677 474 1710 ,
503 1646 591 1690 au
624 1646 872 1718 rogum
895 1618 1189 1723 jacentis
1214 1618 1587 1691 accendam
1604 1619 1669 1690 ²?
1689 1619 1887 1693 aliter
1905 1618 2098 1691 euim
2123 1644 2383 1691 merces

262 1735 347 1811 in
390 1734 643 1809 timore
684 1734 1146 1833 promittitur,
1187 1734 1385 1811 aliter
1426 1761 1607 1809 onus
1650 1734 1721 1809 in
1764 1762 1932 1837 pace
1978 1755 2376 1834 praestatur:

262 1848 634 1921 festinavit
657 1849 743 1920 ad
768 1848 1102 1948 la‘iqueum
1120 1906 1140 1940 ,
1171 1849 1568 1949 properavit
1589 1849 1680 1925 ad
1705 1872 2002 1929 mortem
2020 1906 2041 1943 ,
2064 1877 2207 1927 non
2233 1876 2381 1927 cre-

266 1962 447 2033 ditis
475 1964 695 2061 patri?
737 1963 991 2035 credite
1027 1962 1130 2035 vel
1166 1964 1417 2035 sorori:
1456 1964 1511 2035 si
1542 1963 1811 2055 vicerit,
1846 1963 1932 2035 ad
1963 1984 2229 2064 patrem
2267 1990 2379 2035 re-

262 2098 612 2150 vertetur:
642 2078 699 2150 si
729 2078 909 2149 victa
939 2077 1188 2168 fuerit,
1220 2079 1308 2150 ad
1341 2104 1671 2150 sororem.

353 2284 372 2318 t
390 2306 401 2318 .
431 2267 732 2320 Inimicum.
765 2268 846 2318 An
875 2285 986 2318 non
1015 2266 1249 2338 iniquum
1269 2289 1290 2329 ‚·
1375 2289 1398 2313 «ι
1422 2286 1525 2338 que
1553 2269 1730 2319 omnia
1753 2264 1852 2319 sub
1878 2284 2100 2321 acumen
2122 2266 2228 2318 stili
2251 2265 2375 2319 sub·

263 2360 329 2399 ut
354 2365 502 2418 saepe
526 2349 580 2397 in
609 2344 1101 2398 Declamationibns
1129 2363 1289 2415 supe-
1374 2368 1397 2391 ‹-
1419 2359 1540 2397 eaut
1556 2385 1573 2412 ‚
1599 2359 1651 2397 et
1676 2343 1963 2398 succedant
1987 2362 2202 2397 necesse
2230 2356 2325 2397 est.
2347 2368 2371 2391 n

264 2425 509 2477 n’orihus
529 2423 752 2477 vidimus
771 2423 867 2477 has
884 2442 1044 2477 voces
1063 2424 1290 2479 confuu-
1366 2429 1486 2498 lpza
1510 2441 1692 2483 autem
1713 2429 1975 2483 sententia
1997 2425 2251 2499 viduaris,
2269 2444 2377 2501 qua

263 2504 342 2561 di.
368 2503 493 2557 vid.
524 2503 594 2559 ad
620 2504 802 2571 Quint.
828 2502 972 2557 Decl.
996 2503 1120 2568 vu,
1144 2501 1208 2568 43
1236 2514 1288 2553 et
1368 2519 1421 2557 et
1455 2505 1599 2578 apud
1631 2504 1878 2558 Ovidium
1910 2506 2153 2581 Dejanira
2182 2508 2374 2571 utitur,

263 2585 424 2637 Deci.
457 2584 736 2650 cccxm,
766 2598 818 2636 et
847 2582 990 2635 alibi.
1020 2583 1192 2634 Bona.
1217 2612 1290 2621 -
1368 2586 1534 2655 Epist.
1566 2586 1672 2650 IX,
1700 2602 1798 2654 29:
1831 2607 1854 2631 «ι
1874 2584 2049 2652 Quam
2080 2584 2217 2635 male
2248 2587 2375 2636 ἐπω-

261 2665 436 2717 Paria
470 2665 766 2716 succedunt.
799 2665 1036 2717 Latinius
1063 2674 1254 2733 putant
1269 2699 1290 2727 ‚
1373 2688 1397 2715 ι
1419 2667 1599 2738 quales
1614 2668 1834 2721 veniunt
1854 2665 1924 2721 ad
1942 2679 2119 2721 aratra
2131 2667 2375 2736 juvenci,

263 2743 652 2814 Schultingiug
666 2745 876 2809 ineun23
891 2742 1290 2806 Franciuasub-
1372 2767 1395 2791 «ι
1415 2745 1545 2797 Tam
1599 2746 1855 2816 premitur
1902 2762 2094 2815 magno
2145 2745 2379 2817 conjuge

261 2834 398 2876 eunt
413 2847 430 2877 .-
449 2822 544 2876 sed
561 2842 721 2894 quum
737 2823 998 2877 succedere
1014 2841 1111 2893 pro
1124 2820 1288 2874 subire
1372 2846 1396 2870 α
1414 2838 1581 2894 nupta
1608 2824 1796 2875 minor.
1819 2846 1840 2869 n
1872 2822 2041 2873 Bmm.

263 2907 430 2956 etiam
466 2917 718 2973 ponatur,
746 2916 805 2954 ut
832 2904 1096 2955 succedere
1116 2903 1287 2955 domi-
1438 2922 1486 2956 2.
1512 2904 1699 2955 Facem
1731 2904 1946 2957 nubenti
1965 2902 2241 2975 proefemm
2257 2940 2276 2968 ,
2299 2919 2372 2957 cn

263 2984 509 3050 nationi,
533 2986 667 3037 Just.
691 2983 815 3048 ΧΠ,
841 3002 868 3035 2
883 3023 899 3047 ‚
922 2997 973 3036 et
995 2997 1102 3036 tam
1125 3002 1285 3036 accu-
1367 3000 1547 3055 mqum
1556 2983 1787 3054 jacentis
1806 2981 2083 3034 accendam
2098 2982 2123 3030 Ρ
2144 2981 2259 3031 Jam
2282 2981 2372 3055 igi-

264 3068 470 3120 sativus
492 3082 650 3136 quam
672 3063 880 3116 dativus
889 3066 1145 3132 jungatur
1157 3061 1284 3115 huie
1365 3075 1449 3112 tur
1477 3061 1620 3114 illam
1648 3081 1748 3132 pro
1778 3075 1988 3112 mortuo
2014 3058 2192 3112 habet.
2218 3059 2365 3113 nect.

262 3144 469 3203 verbo..
499 3142 605 3195 vid.
639 3142 779 3197 Serv.
804 3141 871 3195 ad
898 3143 1039 3213 Vtrg.
1059 3139 1185 3209 ‘EcL
1209 3144 1281 3203 V;
1361 3141 1513 3193 XIV:
1555 3163 1577 3187 ι
1597 3143 1695 3193 Hic
1732 3142 1872 3193 euim
1906 3139 2118 3213 quaudo
2150 3139 2369 3210 sepeliet

264 3238 320 3281 et
348 3220 560 3281 AEneid.
590 3221 681 3274 lib.
704 3222 848 3281 vul.
877 3219 999 3283 125;
1024 3219 1184 3271 Gron.
1212 3217 1281 3271 ad
1366 3221 1668 3290 «jacentem
1687 3259 1704 3286 ‚
1753 3222 1842 3293 qui
1886 3219 2057 3272 noiuit
2105 3218 2367 3272 redimere

262 3305 376 3357 Liv.
415 3301 624 3367 XXXI,
661 3300 762 3366 453
801 3299 978 3351 Heius.
1019 3296 1086 3349 ad
1123 3297 1276 3350 ovid.
1365 3321 1388 3345 «ι
1411 3298 1711 3353 venalem.»
1757 3298 1891 3353 Add.
1928 3299 2111 3351 Senec.
2146 3300 2364 3351 octavia

264 3382 400 3432 Met.
439 3380 591 3444 xm,
624 3379 761 3439 6tt;
796 3390 849 3429 et
879 3394 980 3427 nos
1011 3374 1081 3428 ad
1113 3377 1274 3448 Epist.
1362 3377 1501 3444 2643
1536 3379 1726 3431 Justin.
1763 3376 1845 3446 11,
1885 3394 1931 3445 ι,
1962 3379 2013 3446 4.
2048 3379 2265 3433 Senum.
2291 3407 2361 3418 —

266 3465 359 3528 IV,
384 3463 482 3526 23,
507 3459 636 3517 nihil
661 3478 832 3513 causae
851 3456 1032 3524 video,
1057 3475 1153 3508 cur
1171 3476 1280 3509 mu·
1358 3456 1533 3513 Aliter
1553 3476 1696 3511 onus.
1722 3457 1993 3525 Fortasse,
2015 3457 2188 3511 honos.
2214 3460 2361 3511 Pura.

269 3557 461 3595 temus.
485 3545 784 3615 Utrumque
809 3539 1028 3593 verbum
1051 3541 1280 3609 conjun-
1360 3540 1425 3590 Et
1449 3540 1518 3590 ita
1540 3538 1701 3593 edidit
1716 3537 1965 3593 Obrecht.
1986 3569 2039 3579 -
2067 3539 2361 3592 Festinavit.

265 3624 345 3691 git
367 3622 537 3675 Cicer.
565 3618 632 3675 de
656 3623 802 3675 Orat.
831 3620 882 3685 1,
905 3620 1003 3675 33:
1035 3641 1058 3669 ιι
1078 3617 1279 3669 Verba·
1360 3618 1636 3671 Festinabit
1661 3631 1710 3670 et
1731 3618 2040 3688 properabit.
2064 3619 2281 3677 Senum.
