3200 5117
772 562 892 628 ηε
1268 557 1362 620 Μ.
1412 554 1661 620 rann
1707 553 2345 638 an'rrmam

761 678 1359 778 consumpsimus,
1393 701 1537 747 non
1572 674 1648 746 in
1679 675 1906 748 ullum
1945 701 2179 749 rerum
2213 695 2606 749 nostrarum
2643 703 2850 752 usum

760 795 1224 869 convertimus
1260 820 1274 863 :
1322 791 1528 864 etiam
1571 817 1796 890 quum
1845 793 2028 866 istud
2071 793 2463 892 periculum
2503 815 2602 870 est
2634 823 2851 896 spon—

760 914 928 987 soris
946 970 965 1002 ,
1000 908 1390 984 miserabile
1419 929 1552 997 est,
1584 908 1888 982 bonitate
1914 910 2196 1001 labitur,
2226 910 2666 984 humanitate
2690 939 2854 985 con-

762 1028 997 1103 turbat
1020 1042 1065 1098 ¹.
1103 1029 1257 1098 Hoc
1287 1050 1429 1124 quo
1470 1024 1805 1125 pertinet?
1851 1049 1996 1097 non
2040 1046 2117 1098 ut
2149 1044 2591 1126 extorqueam
2619 1029 2848 1121 vobis,

750 1144 1073 1247 judices,
1125 1140 1581 1239 religionem3
1639 1139 1762 1213 sed
1824 1160 1902 1212 ut
1951 1140 2392 1238 intelligatis,
2444 1143 2635 1239 quod
2694 1167 2854 1242 pro·

658 1309 685 1316 --
759 1260 937 1333 fecto
967 1256 1406 1356 cognoscitis,
1440 1281 1586 1329 non
1621 1279 1765 1328 esse
1807 1255 2234 1354 exigendum
2272 1281 2313 1328 a
2344 1283 2676 1355 sponsore
2703 1287 2854 1332 cre-

760 1373 1024 1462 ditum,
1070 1371 1203 1445 nisi
1237 1371 1399 1472 jure
1439 1396 1742 1443 summo.
1787 1373 1892 1443 De
1939 1397 2082 1470 quo
2126 1372 2534 1472 priusquam
2571 1373 2847 1473 loquor,

762 1489 1149 1561 enarnnum
1181 1513 1298 1578 ea,
1327 1513 1480 1586 quae
1512 1486 1967 1560 humanitatis
1991 1507 2060 1560 et
2082 1487 2608 1561 consuetudinis
2637 1491 2850 1589 gratia

763 1603 903 1676 dici
947 1602 1208 1693 solent,
1262 1627 1405 1675 non
1447 1604 1708 1677 omitto.
1763 1603 2171 1676 Debitorem
2217 1602 2571 1703 appellasti
2614 1633 2628 1676 ε
2684 1629 2848 1677 eum

765 1718 953 1818 ipso,
1001 1718 1114 1794 cui
1148 1717 1439 1790 dederas
1480 1718 1891 1816 pecuniam,
1935 1717 2176 1817 egisti:
2226 1743 2368 1792 aon
2418 1720 2610 1791 enim
2657 1720 2852 1792 aliter

764 1833 946 1907 salvo
967 1833 1233 1933 pudore
1251 1831 1339 1905 ad
1359 1859 1764 1934 sponsorem
1782 1835 1977 1908 venit
1994 1835 2290 1908 creditor
2303 1894 2322 1926 ,
2343 1862 2559 1933 qnam
2587 1836 2642 1908 si
2675 1836 2845 1908 reci·

765 1975 926 2049 pere
941 1976 981 2020 a
995 1948 1301 2020 debitore
1318 1975 1460 2021 non
1478 1950 1708 2047 possit.
1722 1949 2121 2022 lah-umane
2141 1950 2374 2048 exigis,
2393 1949 2644 2051 injuste
2655 1950 2844 2048 petis:

767 2066 1136 2166 pecuniam
1176 2090 1390 2164 quam
1426 2065 1845 2154 credideras,
1883 2065 2235 2165 recepisti:
2271 2066 2450 2138 nihil
2481 2092 2637 2138 mea
2668 2067 2848 2138 inte-

768 2200 902 2252 rest
917 2237 937 2269 ,
960 2206 1099 2278 qua
1115 2179 1224 2250 via
1247 2179 1593 2279 quidquid
1619 2200 1718 2253 est
1739 2179 1920 2253 istud
1938 2235 1957 2269 ,
1981 2180 2172 2279 quod
2194 2208 2235 2251 a
2256 2201 2322 2253 te
2347 2180 2437 2252 ad
2464 2179 2846 2253 debitorem

843 2365 887 2401 ι.
921 2321 1161 2401 Μίωω
1194 2348 1405 2417 labitur,
1440 2349 1767 2403 humanitate
1847 2359 1999 2403 esset:
2016 2348 2218 2403 factum
2234 2362 2400 2417 est,nt
2417 2351 2462 2402 is
2476 2351 2710 2402 rationes
2724 2368 2849 2402 con-

765 2429 1049 2482 conturbat.
1087 2433 1265 2499 Quum
1301 2432 1531 2502 pecnnia
1565 2429 1766 2482 credita

767 2507 835 2561 ad
857 2511 1126 2602 sponsoris
1150 2509 1536 2602 fidejussoriae
1557 2509 1769 2579 pericu·

764 2590 874 2641 lum
905 2591 1164 2661 pertinet,
1194 2589 1340 2641 boc
1328 2608 1531 2680 ipsum,
1560 2591 1766 2662 inquit,

765 2667 1061 2721 miserabile
1098 2681 1211 2721 est.
1253 2669 1343 2739 qui
1384 2670 1509 2739 quia
1551 2669 1770 2720 nimium

764 2749 976 2817 bonus,
998 2748 1266 2806 beneficus
1289 2769 1351 2802 ac
1375 2748 1612 2808 liberalis
1637 2751 1768 2819 fuit,

765 2830 886 2884 ideo
919 2829 1261 2884 facultatibus
1296 2830 1519 2900 labitur,
1550 2845 1606 2884 et
1635 2850 1768 2885 con-

767 2910 971 2979 turbat,
995 2931 1105 2964 non
1126 2912 1197 2965 ob
1216 2931 1366 2964 snum
1390 2909 1653 2978 debitum,
1673 2912 1769 2966 sed

768 2989 995 3044 alienum
1021 3013 1034 3041 ε
1073 3004 1127 3043 et
1165 2990 1474 3062 principalis
1514 2990 1768 3045 debitoris

765 3071 848 3125 vel
869 3071 1120 3144 perfid‘n,
1142 3072 1227 3125 vel
1249 3074 1602 3125 contumacia.
1634 3076 1769 3127 Con-

766 3153 970 3206 turbare
983 3168 1157 3207 sutem
1173 3156 1216 3207 is
1230 3154 1442 3219 dicitur,
1457 3156 1608 3223 eujus
1624 3155 1767 3207 frac-

765 3243 830 3283 to
851 3245 975 3284 sunt
996 3234 1253 3299 rationes,
1277 3246 1330 3284 et
1352 3236 1445 3304 qui
1474 3253 1567 3286 seu
1595 3233 1765 3287 aliena

765 3310 980 3380 injuria,
1000 3329 1095 3364 seu
1110 3313 1236 3364 vitio
1258 3329 1385 3376 suo,
1402 3310 1469 3363 ad
1483 3325 1768 3381 egestatem

766 3388 1010 3442 redactus
1053 3405 1147 3444 est.
1191 3395 1325 3444 Hinc
1366 3406 1489 3444 nata
1531 3392 1733 3445 locutio
1749 3430 1766 3459 ,

767 3466 913 3540 qued
939 3486 1101 3540 quum
1135 3471 1338 3542 antiqui
1369 3485 1614 3540 maguam
1645 3470 1767 3523 dili-

764 3547 993 3616 gentiam
1029 3546 1339 3601 adhiberent
1369 3547 1563 3601 tabulis
1594 3562 1648 3601 et
1681 3568 1765 3601 ra-

764 3623 999 3677 tionibus
1020 3625 1361 3679 conficiendis
1384 3628 1497 3698 (uti
1521 3643 1585 3679 ex
1607 3628 1767 3679 Asco-

765 3707 854 3759 nio
881 3708 996 3779 ipso
1017 3707 1196 3760 videre
1224 3707 1337 3779 est)
1365 3711 1418 3760 in
1446 3707 1640 3780 quibus
1669 3729 1768 3761 no-

764 3787 963 3839 minum
978 3800 1031 3839 et
1043 3785 1448 3857 obligationum,
1464 3789 1591 3859 quin
1609 3791 1767 3840 etiam

765 3866 1032 3917 actionum
1053 3867 1289 3917 omnium
1310 3865 1766 3938 quotidianarum,

766 3962 1009 4019 separata
1031 3961 1085 4000 et
1107 3947 1365 4022 disposita
1389 3962 1538 4001 erant
1559 3953 1763 4022 capita.
1751 3970 1765 3984 ·

767 4029 989 4098 qnijam
1017 4028 1072 4080 in
1098 4028 1161 4081 iis
1188 4027 1395 4081 nullum
1416 4041 1622 4082 uneret
1649 4048 1767 4081 mo·

766 4102 926 4171 dnm,
958 4118 1011 4157 et
1041 4110 1195 4178 cujus
1227 4108 1464 4177 accepti,
1488 4125 1647 4179 qnam
1675 4125 1766 4161 ex·

768 4186 920 4254 penei
931 4187 1002 4237 ita
1018 4187 1299 4258 ampliores
1312 4201 1489 4241 essent
1507 4192 1766 4254 rationes,

769 4275 827 4312 ut
859 4262 1006 4315 nulla
1034 4283 1157 4335 spes
1188 4285 1427 4336 unqua-
1456 4268 1766 4336 pari-tionis

1847 2425 2087 2480 turbasse
2101 2425 2456 2495 diceretur-,eo
2473 2427 2733 2500 exemplo,
2742 2447 2848 2502 quo

1847 2511 1995 2580 signa
2013 2511 2314 2562 testamenti
2330 2508 2643 2574 conturbata
2655 2547 2673 2575 ,
2693 2524 2746 2560 et
2763 2522 2850 2562 to-

1847 2602 1962 2642 mm
1981 2592 2073 2661 jus
2090 2590 2466 2643 conturbatum
2492 2586 2849 2661 appellamus3

1848 2670 1882 2722 l.
1907 2671 1972 2723 ad
1994 2673 2230 2738 testium,
2253 2671 2299 2742 ς.
2320 2675 2363 2725 si
2384 2673 2557 2740 signa,
2575 2670 2638 2721 ff.
2659 2668 2725 2721 de
2746 2683 2848 2722 tes-

1849 2764 1973 2806 aa.
2008 2752 2240 2806 Pertinet
2269 2751 2594 2822 potissi-um
2627 2748 2736 2800 boe
2765 2748 2847 2800 Ιο-

1848 2830 1991 2880 cutio
2014 2827 2082 2880 ad
2101 2847 2306 2894 servos,
2322 2828 2412 2900 qui
2426 2827 2705 2899 pecuniam
2722 2844 2851 2898 prae·

1847 2925 2048 2962 sentem
2097 2930 2127 2962 a
2174 2907 2400 2961 dominis
2445 2922 2748 2980 acceptam,
2790 2919 2849 2959 ut

1846 2990 2201 3062 particulatim
2233 2992 2474 3043 confecta
2506 2989 2709 3042 ratione
2739 2986 2848 3039 huc

1846 3069 2081 3142 illucque
2109 3068 2453 3141 impendant,
2482 3067 2733 3139 dissipant
2767 3080 2851 3118 ta-

1846 3165 1966 3200 men
1984 3186 2006 3213 ,
2036 3161 2092 3201 et
2115 3147 2263 3200 nulla
2289 3165 2536 3201 mensura
2566 3144 2847 3199 collocant.

1847 3227 2104 3301 Ulpianus
2137 3230 2190 3280 in
2224 3228 2259 3280 l.
2294 3231 2620 3300 cuicunque,
2655 3226 2851 3299 §.item

1845 3308 2055 3375 Labeo,
2089 3308 2155 3360 de
2185 3309 2354 3361 Instit.
2383 3310 2540 3362 actio.
2576 3305 2849 3379 Alphenus

1845 3391 1900 3440 in
1934 3389 1968 3440 l.
2007 3387 2221 3459 quidam
2254 3386 2513 3455 fundum,
2545 3386 2614 3440 de
2647 3389 2702 3439 in
2740 3407 2851 3439 rem

1844 3485 2013 3518 veno.
2057 3465 2242 3518 Cicom
2262 3504 2280 3532 ,
2321 3465 2414 3518 lib.
2456 3468 2504 3518 11
2522 3505 2540 3533 ,
2580 3468 2733 3537 epist.
2782 3463 2852 3516 ad

1844 3544 2027 3611 Quint.
2049 3544 2170 3596 frat.
2194 3566 2217 3590 c·
2232 3544 2413 3597 locum
2430 3558 2604 3597 autem
2625 3542 2762 3596 illius
2781 3541 2851 3598 de

1850 3645 1873 3669 α
1893 3641 1986 3676 sua
2020 3639 2276 3695 egestate,
2300 3645 2368 3678 ne
2401 3627 2470 3678 sis
2503 3634 2810 3693 aspernatus
2835 3646 2847 3674 :

1851 3728 1874 3756 α
1896 3704 1963 3757 ad
1986 3724 2142 3780 quem
2164 3726 2263 3778 ego
2288 3704 2555 3775 rescripsi,
2578 3701 2711 3753 nihil
2733 3720 2849 3755 esse

1852 3808 1873 3832 ι
1895 3785 2039 3856 quod
2067 3801 2252 3857 postea
2279 3805 2410 3839 arcae
2435 3796 2623 3835 nostrat
2657 3783 2848 3835 fiducia

1851 3891 1874 3915 c·
1893 3869 2280 3922 conturbaret·
2295 3866 2479 3920 Coelius
2495 3864 2563 3918 ad
2577 3866 2849 3919 Ciceronis

1844 3946 1935 3999 lib.
1951 3950 2092 4013 vm,
2111 3948 2265 4018 epist.
2279 3943 2481 4019 penult.
2502 3966 2515 3979 ·
2539 3967 2562 3991 ιι
2583 3945 2636 3997 Si
2650 3943 2850 4016 aliquid

1850 4028 2037 4101 «apud
2055 4042 2107 4081 te
2128 4046 2256 4094 nos,
2277 4027 2322 4080 si
2340 4029 2421 4079 vir
2439 4027 2673 4096 optimus
2690 4041 2852 4096 gener

1850 4123 2016 4163 «tuns
2047 4110 2213 4175 valet,
2247 4120 2431 4161 eorum
2456 4110 2699 4160 fortunas
2737 4123 2845 4157 non

1850 4189 2056 4242 «debes
2104 4189 2189 4242 vel
2237 4186 2573 4240 contin-bne.

1845 4284 2108 4336 χρκιοτυσ
2128 4266 2417 4340 appellent.
2443 4209 2632 4324 3⁸0¹:
2680 4184 2847 4238 sm
