3200 5117
1268 555 1359 616 M.
1409 553 1661 615 FABII
1704 551 2342 633 QUINTILIANI

671 751 688 767 ,
761 703 952 780 petas
984 699 1362 768 tormenta,
1399 704 1622 775 quum
1661 676 1946 749 reducas
1983 676 2418 766 carnificem,
2453 676 2621 774 quid
2657 676 2853 748 aliud

764 796 969 886 dicis,
1001 822 1214 895 quam
1254 793 1468 865 illud:
1497 795 1813 890 Torque,
1850 791 2069 863 donec
2101 791 2518 863 mentiatur?
2545 794 2808 891 Magna
2829 849 2849 880 ,

761 910 1083 1000 hercule,
1129 909 1257 981 tibi
1302 908 1629 1005 c'ontigit,
1681 933 1937 1005 magna
1977 907 2292 978 victoria:
2352 922 2370 952 ¹
2398 908 2848 1005 perdomuisti

760 1026 1130 1098 mulierem
1152 1050 1370 1096 anum
1392 1051 1407 1094 ε
1431 1047 1741 1121 expressa
1765 1048 1889 1093 vox
1916 1023 2179 1122 estjam
2201 1022 2532 1120 fugientis
2556 1024 2845 1095 animat:

762 1140 1117 1229 miserere3
1153 1166 1296 1211 non
1330 1160 1428 1211 est
1467 1160 1667 1210 tuus:
1696 1137 1846 1238 jam
1887 1163 2087 1235 parce
2111 1167 2129 1225 ;
2157 1164 2397 1209 verum
2430 1137 2677 1209 dixisti.
2714 1138 2852 1210 Hic

751 1254 902 1356 jam
920 1312 939 1345 ,
962 1253 1191 1342 credo,
1211 1273 1425 1325 tortor
1448 1252 1870 1337 admonituS,
1897 1252 2202 1340 instaret,
2230 1273 2847 1351 perseveraretque,

759 1392 1057 1466 eamque
1091 1366 1450 1440 adhiberet
1478 1387 1695 1437 artem
1730 1365 2128 1464 quaestioni,
2160 1385 2236 1436 ut
2273 1386 2657 1438 moreretur
2688 1393 2851 1437 mu-

757 1484 913 1574 lier,
944 1483 1117 1556 dum
1149 1484 1278 1555 hoc
1311 1482 1519 1571 dicit,
1553 1482 1725 1553 dum
1757 1502 1829 1552 tu
1861 1482 2074 1553 victor
2107 1503 2175 1553 et
2205 1481 2438 1553 hilaris
2468 1482 2849 1554 adversario

758 1620 917 1690 tuo,
947 1601 1117 1699 quid
1157 1599 1412 1700 egeriS,
1447 1599 1750 1671 nuntiat».
1792 1602 2022 1697 Rogo,
2054 1626 2278 1698 quum
2316 1599 2570 1670 mulier
2602 1600 2847 1671 eadem

763 1717 838 1790 in
869 1716 1226 1789 tormentis
1263 1716 1527 1789 diversa
1568 1715 1849 1804 dixerit,
1880 1742 2022 1788 non
2054 1738 2152 1788 est
2188 1717 2639 1787 manifestum
2674 1716 2747 1786 id
2780 1739 2848 1788 te

762 1831 1131 1921 maluisse,
1181 1831 1369 1928 quod
1411 1829 1803 1903 credidisti?
1844 1829 1979 1902 Cui
2022 1857 2162 1902 non
2218 1831 2621 1903 mortalium
2670 1851 2855 1929 patet

761 1966 942 2018 totus
980 1944 1094 2018 hic
1131 1946 1496 2018 animus²?
1532 1947 1689 2043 quis
1722 1967 1866 2018 non
1898 1945 2080 2018 videt
2113 1968 2291 2018 artes
2320 1945 2712 2017 novercales
2732 2002 2753 2034 ,
2787 1967 2853 2017 et

761 2083 1043 2161 pactum
1074 2062 1371 2133 infelicis
1399 2061 1625 2134 senis?
1669 2062 2045 2133 miserebor
2081 2062 2307 2152 enim,
2344 2061 2616 2135 etiamsi
2653 2082 2852 2133 nocet

763 2177 1181 2249 necessitate.
1217 2177 1581 2268 Quaeritis»,
1628 2203 1767 2278 quo
1802 2178 2034 2249 credat
2063 2178 2350 2249 animo?
2380 2204 2521 2277 quo
2556 2199 2847 2249 matrem

764 2291 892 2362 filii
919 2293 1370 2365 adolescentis
1396 2293 1608 2365 domo
1636 2292 1926 2393 expulit,
1948 2319 2088 2391 quo
2114 2294 2395 2392 longam
2424 2292 2849 2365 matrimonii

763 2406 1245 2497 concordiam,
1278 2407 1475 2480 nullo
1509 2407 1921 2497 maledicto,
1952 2407 2143 2478 nulla
2177 2407 2569 2507 suspicione
2607 2407 2850 2479 dissol-

760 2521 891 2610 vit;
928 2549 1068 2619 quo
1092 2523 1321 2594 adhuc
1351 2524 1427 2595 in
1459 2543 1689 2596 torum
1709 2580 1727 2613 ,
1763 2524 1988 2594 uxoris
2017 2523 2266 2621 prioris
2302 2523 2586 2620 vestigio
2616 2521 2852 2593 calen-

699 2719 702 2720 ⁷
762 2657 905 2708 tem
924 2694 943 2727 ,
969 2637 1274 2710 adducta
1295 2659 1396 2711 est
1427 2663 1604 2711 nova
1635 2661 1893 2739 nupta:
1927 2666 2066 2738 quo
2097 2667 2185 2711 ne
2210 2640 2342 2712 hoc
2368 2638 2644 2737 quidem
2668 2661 2845 2734 prae-

760 2751 932 2822 stitit
961 2751 1107 2824 filio
1138 2778 1303 2843 suo,
1339 2773 1416 2824 ut
1454 2754 1867 2825 vinceretur.
1901 2753 2061 2825 Alia
2103 2776 2202 2825 est
2242 2751 2546 2826 videlicet
2586 2748 2843 2819 horum

763 2865 931 2936 ratio
947 2862 1003 2956 3,
1047 2889 1221 2962 quos
1261 2865 1486 2938 brevis
1527 2868 1851 2939 transitus
1888 2867 2254 2965 voluptatis
2294 2866 2452 2938 fecit
2488 2883 2801 2964 parentes
2823 2909 2843 2943 ‚

762 3006 935 3079 quos
954 2978 1190 3051 liberis
1209 2980 1351 3078 suis
1372 3002 1551 3051 extra
1569 2981 1802 3081 positae
1818 2980 2199 3078 voluptates
2223 2979 2630 3053 conciliant:
2655 2977 2852 3049 aliter

766 560 892 646 390

760 3158 816 3198 et
837 3166 1017 3201 verum
1043 3148 1189 3201 dixit.
1220 3147 1387 3201 Gnon.
1415 3151 1570 3201 Forte
1592 3169 1606 3198 ε
1636 3150 1764 3223 quia
1843 3166 2015 3201 verum
2044 3149 2171 3200 dixi.
2207 3149 2329 3201 Istic
2342 3152 2493 3221 jam,
2528 3146 2846 3202 Obrechms.

761 3229 1036 3281 victurum.
1916 3244 1964 3279 2.
1995 3227 2155 3279 Totus
2173 3225 2259 3277 bic
2280 3228 2504 3280 animus.
2524 3227 2664 3296 Lege
2678 3263 2695 3293 ,
2718 3237 2853 3278 totus

849 3324 892 3359 1.
943 3308 1304 3360 Per-domuisti.
1358 3309 1721 3363 Proedomuisti
1744 3347 1761 3374 ‚
1843 3303 1930 3355 hic
1961 3304 2183 3371 mimus,
2218 3318 2279 3356 ut
2316 3323 2480 3377 supra
2522 3304 2849 3356 Declamatio

762 3383 886 3436 edit.
937 3385 1066 3436 aliae.
1116 3415 1190 3426 -
1236 3388 1502 3459 anientis
1552 3388 1760 3440 animoe.
1844 3386 2160 3438 CCLXXIX.
2189 3385 2409 3438 Senum.
2436 3386 2596 3437 -Et
2614 3398 2848 3457 pactum.

760 3464 1011 3514 Francius
1033 3465 1288 3530 malebat,
1296 3465 1553 3538 fuqienti.
1580 3495 1649 3506 --
1672 3467 1727 3519 V
1720 3486 1767 3519 e-

762 3563 875 3598 rum
915 3545 1102 3597 dixisti.
1140 3546 1240 3597 Alii
1277 3546 1421 3617 apud
1456 3545 1764 3613 AErodium,

762 3624 872 3676 dixi
888 3644 902 3672 .-
928 3624 1018 3692 qui
1039 3623 1236 3675 scilicet
1247 3621 1360 3677 haec
1376 3643 1589 3697 quoque
1604 3626 1767 3679 verba

763 3716 908 3755 tortae
931 3701 1338 3773 adscripserunt.
1367 3706 1478 3756 Neo
1502 3723 1763 3776 repugno.⁴

759 3786 928 3837 Possit
961 3796 1134 3838 tamen
1169 3784 1355 3855 aliquis
1387 3799 1575 3856 putare
1595 3825 1613 3853 ,
1648 3805 1761 3840 esse

759 3869 921 3935 patris
946 3864 1016 3917 ad
1041 3878 1293 3917 tortorem
1308 3904 1325 3933 ,
1350 3866 1643 3920 simulantis
1666 3868 1766 3919 sibi

762 3963 875 3996 esse
905 3945 1259 4008 satisfactum,
1290 3963 1451 4016 quum
1475 3961 1654 3997 revera
1676 3965 1764 3998 vo-

760 4023 916 4074 luerit
940 4027 1206 4095 torqueri,
1239 4023 1409 4079 donec
1438 4030 1652 4098 periret.
1683 4029 1761 4080 lta

761 4099 1040 4170 legendum
1060 4106 1223 4157 foret:
1244 4108 1364 4158 Jam
1383 4126 1564 4180 parce,
1585 4127 1762 4161 verum

760 4178 908 4231 dixit.
940 4183 1178 4235 Gnouov.
1210 4185 1332 4236 Jam
1361 4203 1548 4257 parce,
1581 4206 1758 4238 verum

751 4256 870 4316 dixi
901 4259 1009 4314 cibi.
1042 4261 1434 4315 Senem-motus.
1458 4264 1581 4315 Jam
1599 4283 1757 4337 parce

1845 3466 1928 3517 An
1945 3502 1962 3530 ,
1983 3464 2165 3534 satum
2184 3504 2202 3530 ,
2227 3484 2293 3518 an
2310 3502 2327 3530 ‚
2347 3464 2557 3535 sacuam
2575 3467 2600 3515 Ρ
2632 3466 2848 3518 Senum.

1844 3571 1916 3583 ——
1936 3542 2263 3598 Necessitate.
2289 3543 2400 3606 An,
2432 3544 2771 3596 necessitatis?
2791 3555 2852 3594 ut

1847 3623 2104 3674 referatur
2125 3623 2193 3674 ad
2216 3623 2498 3676 miserebor.
2525 3623 2745 3675 Senum.

1918 3701 1969 3754 3.
2007 3703 2213 3756 Horum
2254 3703 2402 3755 ratio.
2436 3702 2643 3756 Harum
2685 3704 2847 3767 ratio,

1846 3800 1976 3856 quas
1999 3783 2046 3835 b.
2074 3795 2135 3835 tr.
2162 3784 2445 3838 voluntatis
2464 3784 2485 3853 (
2501 3803 2692 3855 nempe
2710 3786 2851 3836 ‘viro-

1849 3880 1962 3912 rum
1981 3860 2077 3933 )⁴f.
2113 3873 2382 3933 parentes,
2423 3877 2524 3915 ete.
2554 3863 2682 3928 Vel,
2723 3880 2852 3934 quas

1846 3940 2003 3993 brevis
2031 3942 2268 3995 transitus
2294 3941 2578 3995 voluntatis
2592 3943 2728 4015 fecit
2751 3960 2853 4014 pa-

1846 4037 2011 4079 rentes
2034 4027 2202 4080 liberis
2220 4047 2324 4080 non
2344 4030 2473 4094 suis,
2490 4047 2618 4099 quas
2634 4038 2774 4080 extm
2790 4045 2848 4097 p.

1846 4118 1945 4155 etc.
1972 4108 2105 4166 Aut,
2135 4125 2261 4179 quas
2289 4104 2462 4160 litibus
2490 4106 2684 4160 levibus
2708 4117 2855 4158 extra

1842 4183 2020 4255 positoe
2046 4183 2320 4257 voluptatis
2337 4204 2449 4237 con.
2468 4186 2594 4253 vel,
2613 4198 2757 4239 ατη
2776 4195 2854 4236 to-

1847 4283 1960 4318 rum
1981 4268 2176 4338 positoe.
2204 4266 2421 4321 Senum.
