3200 5117
699 576 1533 649 DECLAMATIONES.
1581 577 2115 644 CCCXXVIII.
2325 581 2441 647 331

363 724 558 805 parte
580 703 723 777 filio
754 731 913 776 meo
937 703 1286 775 conferam
1309 759 1327 792 ,
1360 702 1417 774 si
1451 728 1591 799 qua
1612 723 1887 801 potero:
1909 702 2304 776 advocatus¹
2331 730 2454 802 pro

366 821 764 894 testimonio
802 819 975 892 mihi
1013 818 1327 892 remittet.
1371 822 1461 890 At
1493 844 1586 890 ne
1629 818 1725 889 sic
1761 818 2048 917 quidem
2083 819 2234 891 filio
2264 819 2457 892 indi-

367 936 575 1008 casti:
607 935 728 1035 qui
756 934 886 1007 hoe
909 933 1173 1032 colligis
1190 991 1209 1022 ,
1241 932 1544 1006 noluisse
1575 957 1690 1004 me
1717 932 1940 1004 dicere
1957 989 1976 1021 ,
2001 934 2190 1032 quod
2220 953 2459 1008 contra

364 1052 600 1151 ipsum
629 1071 808 1123 erat:
844 1076 997 1150 quae
1026 1050 1200 1122 ratio
1227 1047 1503 1122 tacendi
1534 1048 1712 1119 fuit?
1743 1048 1799 1119 si
1834 1047 2060 1120 filium
2092 1075 2334 1122 meum
2362 1053 2461 1123 fe-

303 1191 308 1195 ·
366 1165 539 1238 cisse
581 1163 986 1252 credebam,
1030 1189 1186 1262 quae
1225 1162 1396 1234 ratio
1439 1160 1714 1233 tacendi
1759 1160 1946 1259 apud
1988 1161 2261 1260 ipsum?
2294 1190 2460 1235 nam

366 1281 504 1354 sive
539 1281 820 1372 irascor,
853 1279 1191 1352 vindicari
1235 1304 1518 1376 possum
1549 1277 1687 1348 hac
1726 1303 1888 1349 voce
1909 1334 1930 1368 ,
1969 1302 2187 1377 quam
2229 1300 2466 1353 contra

366 1394 574 1468 illum
601 1395 860 1469 habeo:
889 1397 1029 1467 sive
1055 1395 1406 1492 imputare
1430 1390 1944 1490 indulgentiam
1971 1393 2125 1466 volo
2141 1450 2159 1483 ,
2180 1394 2337 1494 plus
2362 1394 2463 1467 illi

366 1510 780 1609 praestitero,
811 1509 866 1581 si
899 1508 1123 1580 scierit
1153 1535 1225 1579 se
1255 1506 1519 1578 fecisse.
1553 1507 1702 1578 Cur
1732 1531 1897 1604 ergo
1926 1533 2070 1580 non
2105 1509 2469 1608 respondi?

358 1625 516 1725 jam
567 1624 803 1700 videor
849 1622 1206 1722 judicibus
1257 1621 1636 1695 reddidisse
1687 1621 2026 1694 rationem
2057 1651 2071 1695 :
2126 1624 2223 1695 sic
2275 1625 2466 1696 enim

369 1767 654 1812 causam
683 1741 975 1838 agebam
994 1797 1013 1829 ,
1038 1740 1199 1811 Non
1230 1738 1614 1837 respondeo
1649 1739 1796 1812 filio
1825 1740 2131 1813 nimium
2158 1741 2463 1815 curioso:

370 1853 547 1954 quid
570 1875 671 1927 est
691 1854 879 1926 enim
909 1854 1180 1951 utique,
1212 1879 1335 1925 cur
1361 1853 1666 1927 indicare
1695 1881 1970 1929 necesse
2001 1856 2127 1928 sit?
2149 1859 2304 1928 Non
2332 1884 2470 1929 res-

371 1968 654 2068 pondeo
697 1995 888 2040 nunc
907 2024 926 2058 ,
965 1967 1299 2066 quoniam
1351 1968 1447 2040 sic
1500 1968 1750 2041 instat:
1806 1968 2218 2070 adjiciebam
2263 1970 2465 2041 huic:

374 2082 560 2156 nihil
587 2082 1004 2182 respondet),
1036 2083 1371 2180 quoniam
1394 2082 1571 2155 nihil
1602 2084 1770 2158 certi
1801 2085 1976 2156 scio:
2005 2111 2146 2158 non
2181 2110 2469 2184 respon-

376 2198 543 2289 deo,
579 2199 914 2297 quoniam
942 2225 1086 2271 non
1120 2198 1324 2271 credo
1349 2198 1614 2296 aliquid
1646 2199 1903 2272 dicenti
1922 2215 1986 2271 ²:
2019 2227 2163 2271 non
2190 2224 2474 2299 respon-

378 2312 515 2385 deo
535 2370 553 2404 ,
584 2314 921 2412 quoniam
950 2313 1180 2388 adhuc
1207 2339 1477 2414 qnaero:
1514 2341 1660 2387 non
1694 2315 2112 2414 respondeo,
2138 2316 2472 2414 quoniam

374 2428 513 2503 hoc
542 2429 978 2530 inquisitioni
1000 2456 1173 2504 meae
1195 2458 1343 2504 non
1372 2432 1679 2531 expedit:
1707 2458 1850 2506 non
1872 2432 2252 2532 respondeo
2267 2459 2474 2532 ,quo-

374 2545 575 2619 niam
601 2546 803 2620 illum
823 2605 843 2639 ,
867 2569 952 2621 ut
976 2547 1468 2649 interrogarem
1487 2606 1506 2640 ,
1531 2548 1722 2622 torsi.
1748 2551 1861 2621 An
1880 2575 2039 2623 vero
2063 2571 2311 2647 parum
2326 2548 2478 2650 jus-

374 2683 481 2735 tas
523 2663 846 2739 saeviendi
891 2690 1132 2738 causas
1170 2663 1518 2736 habebam
1562 2664 1886 2738 adversus
1927 2660 2477 2736 cubicularium?

375 2775 756 2850 dominum
797 2804 1007 2852 suum
1039 2805 1186 2851 non
1222 2778 1659 2871 defenderat,
1699 2806 1844 2852 non
1888 2799 2305 2862 servaverat;
2346 2803 2477 2849 ne-

374 2890 672 2982 sciebat,
718 2893 874 2990 quis
912 2892 1283 2965 dominum
1326 2920 1535 2966 suum
1575 2894 1955 2967 occidisset.
2002 2892 2138 2965 Sed
2177 2891 2233 2963 si
2274 2916 2481 2989 argu-

374 3027 705 3078 mentum
741 3033 823 3079 ex
853 3008 962 3081 his
988 3008 1364 3101 trahimus,
1403 3036 1549 3083 non
1581 3030 1682 3083 est
1719 3010 1945 3111 majus
1978 3028 2215 3082 eontra
2247 3004 2479 3077 filium

376 3146 627 3192 meum
658 3120 1013 3195 silentium
1029 3180 1048 3214 ,
1074 3149 1292 3223 quam
1317 3150 1447 3222 pro
1471 3125 1654 3223 ipso,
1679 3123 1870 3222 quod
1900 3123 2269 3212 accusavit,
2291 3118 2478 3218 quod

376 3234 657 3310 detulit.
682 3239 942 3310 Irascor
965 3238 1253 3336 quidem
1276 3238 1440 3313 huic
1469 3238 1618 3340 ejus
1645 3238 2077 3340 pertinaciae:
2116 3235 2232 3308 sed
2260 3260 2482 3332 quan-

379 3350 615 3451 doque
632 3350 661 3398 3
685 3353 1050 3426 vindicabo
1069 3412 1088 3445 ‚
1114 3354 1471 3454 quomodo
1502 3355 1602 3427 fas
1631 3375 1765 3446 est,
1801 3351 2154 3453 quomodo
2180 3350 2479 3451 oportet?

378 3467 892 3540 Verumtamen
935 3495 1072 3566 qua
1114 3468 1375 3541 fiducia
1413 3468 1612 3559 fecit,
1663 3468 1854 3568 quod
1900 3494 2015 3539 me
2058 3493 2199 3539 non
2244 3465 2483 3539 timuit

381 3579 791 3653 offendere?
831 3582 1150 3676 Judices,
1189 3584 1459 3683 inquit,
1501 3607 1723 3681 quum
1772 3604 1836 3654 te
1874 3581 2313 3654 absolverunt
2359 3577 2482 3649 de-

383 3694 701 3782 mentiae,
739 3694 872 3767 hoc
904 3696 1433 3798 judicaverunt,
1468 3725 1510 3769 a
1540 3697 1687 3770 filio
1729 3698 2016 3770 fratrem
2052 3695 2266 3768 videri
2303 3690 2485 3763 occi-

465 3909 513 3945 1-
530 3894 840 3953 Advocatum.
863 3901 935 3951 Et
949 3899 1054 3971 (vel
1073 3901 1155 3970 ut)
1176 3898 1394 3952 advoca-
1471 3901 1555 3952 Ita
1567 3898 1750 3951 AErod.
1771 3913 1821 3952 et
1835 3897 2091 3954 Obrecht.
2107 3894 2211 3950 Sed
2224 3890 2485 3948 Schultin-

388 3987 470 4028 ωε
483 3998 500 4027 .·
522 3993 680 4048 porro
701 3980 1048 4034 testimonium
1068 3978 1205 4032 mt‘lu'
1222 3981 1395 4032 remit-
1471 3983 1589 4050 gius
1608 3979 1876 4051 vulgatam
1893 3983 1966 4033 ita
1983 3977 2212 4051 explicat
2224 4014 2241 4041 ,
2256 3975 2410 4040 torsi,
2424 3987 2485 4025 ut

388 4067 542 4110 tetur.
570 4057 788 4113 Senum.
1473 4063 1879 4133 interrogarem,
1899 4079 2011 4114 non
2035 4073 2094 4112 ut
2120 4058 2207 4110 alii
2233 4056 2478 4109 dicerem.

458 4153 508 4189 2.
537 4136 766 4193 Dicenti.
790 4139 1088 4200 Indicann',
1119 4138 1298 4193 AErod.
1322 4169 1395 4183 ·-·
1544 4144 1594 4195 3.
1619 4143 1722 4196 Sed
1744 4143 2073 4217 quandoque.
2103 4137 2315 4194 Scribe:
2343 4138 2479 4190 Irus-

387 4214 552 4269 Illum
590 4229 652 4272 ut
685 4221 1081 4293 interroqarem‚
1117 4223 1251 4275 torsi.
1275 4223 1395 4273 Vet.
1474 4237 1565 4274 cor
1581 4222 1788 4297 quidem
1815 4224 1934 4276 huic
1955 4225 2063 4296 ejus
2074 4218 2407 4295 pertinaciae.-
2433 4223 2485 4267 et

389 4295 520 4350 Cod.
539 4297 692 4353 Illum
707 4301 1080 4375 interrogatum
1095 4304 1231 4357 torsi.
1247 4304 1394 4357 Ριπ.
1473 4303 1789 4378 quandoque
1823 4303 2109 4360 vindicabo.
2143 4301 2377 4355 Gnonov.
