3200 5117
554 536 1385 604 DECLAMATIONES.
1433 537 2095 603 CCCLXXXVIII.
2238 543 2363 631 509

294 665 432 754 mi,
463 664 867 763 propinquis
886 719 904 751 ,
938 661 1360 752 domesticis,
1391 660 1689 750 libertis,
1723 660 1885 733 aviae
1911 661 2221 756 (facinus
2253 662 2368 733 in-

296 778 665 877 dignuml)
698 776 899 850 matri
926 796 1205 848 tantum
1237 776 1527 875 probare
1559 802 1703 847 non
1728 800 2125 873 possumus,
2153 802 2372 874 usque

297 918 380 964 eo
409 919 478 964 se
509 892 805 965 libenter
832 889 1049 963 credit
1076 890 1390 961 orbatam
1414 903 1465 978 ¹,
1495 911 1574 960 ut
1604 916 1797 979 suoS,
1832 915 1974 960 non
2009 890 2143 962 nisi
2180 918 2372 962 mor-

294 1028 486 1096 tuos,
519 1026 858 1106 agnoscat.
896 1005 1111 1095 Quod
1142 1006 1198 1077 si
1231 1028 1438 1078 antea
1471 1006 1791 1103 ignotum
1823 1006 1992 1096 fuit,
2032 1027 2371 1105 quantum

295 1123 610 1220 pecuniae
635 1122 971 1222 cupiditas
995 1122 1240 1220 possit,
1265 1122 1504 1193 victrix
1527 1122 1734 1193 etiam
1760 1122 1846 1193 de
1866 1141 2113 1193 natura
2140 1124 2378 1194 trium-

292 1237 480 1336 phat.
531 1236 797 1308 Mulier
836 1236 1046 1308 modo
1098 1234 1414 1323 cadaver,
1454 1255 1820 1332 tamquam
1874 1235 2099 1306 filium
2119 1292 2138 1325 ,
2194 1261 2381 1307 com-

296 1352 496 1450 plexa
509 1407 531 1440 ‚
557 1379 654 1422 nu
663 1377 750 1423 nc
771 1349 998 1425 filium
1012 1406 1032 1440 ,
1053 1370 1414 1446 tamquam
1433 1350 1745 1439 cadaver,
1762 1349 1960 1447 fugit.
1975 1349 2151 1438 Quae
2169 1350 2381 1421 funus

297 1493 516 1539 suum.
546 1486 819 1537 tantum
852 1463 985 1534 sibi
1023 1462 1348 1553 credidit,
1382 1462 1914 1561 gratulationem
1944 1464 2211 1536 nemini
2245 1491 2383 1536 cre·

300 1582 514 1671 didit,
554 1579 904 1652 infelicem
948 1604 1249 1676 puerum
1288 1578 1434 1652 sola
1466 1605 1611 1651 non
1649 1579 1957 1678 agnoscit
1991 1606 2072 1653 ex
2109 1580 2384 1680 propin-

302 1696 462 1795 quis
487 1722 502 1767 :
536 1720 809 1767 causam
837 1693 1183 1793 quaeritis'g?
1205 1694 1371 1793 quia
1393 1694 1583 1768 vivit.

1078 1898 1620 1965 NARRATIO.

405 2046 803 2128 Habuimus
826 2056 1335 2130 adolescentem
1357 2058 1706 2156 optimum
1733 2059 2209 2157 propinquum
2225 2115 2244 2148 ,
2272 2058 2396 2129 mi·

307 2173 657 2246 tissimum
701 2158 1115 2273 patronum,
1152 2172 1635 2246 fidelissimum
1682 2175 2030 2263 amicum3
2073 2174 2398 2245 maritum

306 2310 470 2360 vero
491 2288 797 2359 nimium
818 2315 1097 2388 quoque
1115 2288 1468 2379 uxorium3
1489 2290 1677 2387 quod
1699 2289 2115 2387 ignovimus.
2138 2287 2399 2359 Filium

310 2402 716 2475 sustulerat:
743 2430 918 2503 puer
941 2405 1275 2476 continuo
1303 2404 1390 2476 ad
1416 2405 1642 2476 aviam
1674 2405 2035 2477 translatus
2062 2425 2181 2475 est.
2209 2402 2405 2474 Scili-

311 2518 553 2591 cet.ab
600 2518 769 2590 illa²
819 2519 1053 2592 matris
1104 2519 1542 2618 indulgentia
1584 2539 1915 2619 occupata
1958 2539 2096 2607 est,
2154 2537 2220 2589 et
2262 2516 2405 2588 haec

310 2631 622 2705 ablatum
657 2660 801 2706 non
835 2635 1195 2734 indignata
1228 2657 1329 2707 est
1361 2664 1376 2706 ε
1418 2656 1555 2707 toto
1594 2636 1696 2707 illi
1735 2658 2017 2734 corpore
2056 2631 2402 2704 innotuit:

313 2773 460 2818 non
484 2767 716 2821 tamen
742 2748 1133 2821 ulteriorem
1162 2748 1326 2821 aviae
1359 2749 1681 2823 notitiam
1706 2749 2056 2849 profiteor,
2084 2768 2405 2847 nepotem

315 2885 528 2931 suum
556 2862 835 2960 optime
878 2862 1052 2935 facie
1105 2863 1314 2935 novit.
1357 2864 1673 2936 Moriens
1719 2863 1926 2961 igitur
1975 2861 2407 2961 propinquus

317 2992 579 3062 noster,
622 2994 1116 3049 testamentum
1163 2976 1430 3074 scripsit
1470 2979 1675 3049 breve
1720 2997 1785 3048 et
1823 2973 2194 3074 simplex3:
2239 2999 2409 3045 nam

318 3111 550 3181 neque
589 3086 711 3157 diu
747 3087 833 3158 de
868 3088 1093 3186 primo
1133 3088 1387 3161 herede
1425 3090 1874 3188 cogitandum
1910 3090 2077 3177 fuit,
2118 3087 2406 3159 h‘abenti

321 3200 594 3290 fllium3
630 3227 756 3273 nec
792 3202 878 3275 de
910 3202 1250 3293 secundo,
1289 3204 1568 3276 habenti
1606 3232 1908 3278 uxorem.
1940 3198 2084 3277 Nec
2110 3203 2404 3274 sane‘in-
2452 3212 2459 3221 “

319 3303 623 3387 vidimus
645 3316 758 3389 isti
784 3316 1167 3389 honoratal·
1189 3318 1318 3391 viri
1334 3318 1605 3419 judicia
1623 3379 1643 3412 ,
1672 3320 1926 3420 quibus
1962 3320 2228 3390 utinam
2263 3332 2404 3417 gra-

320 3430 491 3503 tiam
518 3432 829 3505 referret!
862 3459 1092 3530 neque
1125 3433 1273 3505 avia
1305 3457 1570 3535 captare
1605 3442 2103 3513 testamentum
2128 3436 2272 3534 ejus
2303 3436 2403 3506 fas

305 3607 555 3679 ‘mortum
571 3600 688 3653 vid.
710 3602 874 3654 Cicer.
899 3604 956 3655 in
976 3604 1121 3655 Brut.
1151 3618 1201 3656 et
1225 3622 1324 3676 pro
1401 3606 1580 3678 qeptia
1604 3616 1850 3678 occupata
1876 3605 1983 3669 ἠως
2011 3604 2146 3659 hunc
2172 3603 2403 3657 ablatum

325 3679 545 3730 Caecina.
570 3680 664 3731 En.
683 3709 756 3720 —
771 3680 1002 3733 Cadaver
1019 3679 1245 3750 confusis
1268 3681 1328 3733 Ιί-
1407 3705 1515 3739 non
1534 3682 1804 3759 indiqnata
1824 3697 1910 3738 est.
1931 3687 2166 3738 Scnnvr..
2184 3714 2248 3723 —
2278 3683 2406 3735 Toto

326 3760 643 3829 momentis,
684 3760 826 3833 quod
849 3759 1006 3832 filius
1043 3772 1325 3833 putaretur.
1393 3763 1495 3821 ,mi
1529 3782 1753 3836 corpore.
1788 3765 1917 3816 Toto
1949 3761 2034 3815 fui
2065 3759 2407 3832 (neeman-i)

325 3841 560 3894 Omnino
588 3838 710 3910 filii.
743 3842 910 3893 Gnou.
945 3843 1154 3894 Retinet
1175 3840 1332 3914 filius
1410 3861 1620 3914 corpore
1640 3862 1747 3896 non
1769 3843 2025 3896 ἰηὴοὴιίεε
2054 3840 2190 3892 hanc
2217 3849 2404 3893 umen.

327 3920 710 3991 Schuldngim,
734 3935 793 3972 ut
807 3919 980 3992 ,paulo
1002 3935 1152 3993 post,
1176 3922 1331 3974 cada-
1411 3923 1630 3975 Senum.
2153 3934 2163 3967 1

329 4020 437 4069 ver,
462 4011 732 4073 tamquam
742 3998 926 4073 filium
937 4040 954 4068 ,
979 3998 1268 4073 complexa.
1484 4000 1533 4052 3.
1577 4000 1651 4052 Et
1687 3996 1920 4071 simplex.
1958 3998 2094 4049 Nam
2134 3995 2411 4066 vulgatiter

412 4100 456 4134 ι.
483 4084 656 4135 credit
672 4082 920 4135 orbatam.
947 4082 1177 4137 Credidit
1187 4085 1333 4137 orba-
1412 4094 1621 4135 tantum
1644 4081 1753 4135 filio
1777 4078 2136 4132 substituerat.
2152 4078 2337 4130 =AEnon.

336 4171 444 4213 tam
469 4161 646 4215 AErod.
943 4174 948 4177 ⁴
1484 4159 1534 4227 4.
1573 4160 1863 4213 Honor-ata.
1906 4156 2252 4209 Honor-antia:
2290 4155 2408 4208 δὲ.

411 4258 459 4297 a.
483 4244 563 4298 Ab
585 4243 699 4300 illa.
724 4245 812 4300 Ad
829 4244 940 4301 alia
961 4246 1141 4300 matris
1166 4243 1336 4299 indal-
1414 4240 1538 4296 Vid.
1562 4239 1634 4297 ad
1652 4240 1941 4296 Doelmat.
1966 4236 2185 4293 Gom.
