3200 5117
735 555 1569 624 DECLAMA‘rloNES.
1615 535 1919 626 coms.
2289 560 2369 646 45

294 680 539 782 poterit
584 681 749 756 ferri
808 683 941 754 nisi
995 702 1235 754 contra
1280 682 1573 783 alicujus
1617 683 2073 757 voluntatem:
2124 706 2190 756 et
2239 687 2371 759 hoc

293 818 528 870 tamen
577 797 769 896 apud
810 824 986 897 quos
1033 796 1254 870 dicit?
1309 796 1511 869 video
1557 798 1745 869 enim
1787 800 2369 899 praescriptionem

290 911 565 985 excludi
593 939 790 1011 posse
812 912 1110 1014 judicio.
1140 916 1231 984 At
1252 914 1328 984 in
1352 914 1559 985 rebus
1587 913 1808 1012 parvis
1836 940 1914 985 ac
1942 915 2370 1011 periculosiS,

291 1026 413 1100 ista
447 1027 667 1129 judex
715 1028 1011 1126 recipiat.
1064 1030 1405 1101 Caeterum
1449 1026 1738 1125 quidem
1780 1030 2043 1126 quoties
2087 1031 2171 1102 de
2211 1031 2371 1130 jure

290 1142 533 1240 populi
558 1142 787 1241 agitur
803 1143 991 1243 apud
1009 1143 1357 1243 populum
1374 1198 1393 1233 ‚
1420 1145 1531 1214 cui
1553 1164 1825 1214 mutare
1841 1199 1860 1231 ,
1880 1144 1988 1214 cui
2011 1146 2368 1244 abrogare,

290 1258 399 1329 cui
429 1260 612 1330 ferre
628 1286 805 1357 ,quas
827 1259 988 1331 velit
1015 1260 1230 1358 leges,
1266 1260 1576 1359 accipere
1602 1286 1776 1358 quas
1801 1259 1970 1331 velit
1996 1262 2373 1359 rogationes

287 1369 526 1463 liceat,
572 1400 939 1471 nunquam
988 1402 1059 1447 se
1100 1375 1242 1474 ipse
1300 1374 1674 1446 diminuet.
1719 1374 2097 1464 Quomodo
2140 1397 2374 1449 tamen

289 1489 553 1587 rogatio
591 1491 718 1562 ista
750 1511 991 1564 contra
1018 1492 1246 1591 legem
1277 1512 1344 1563 et
1379 1512 1614 1562 contra
1645 1493 2094 1564 commodum
2122 1520 2329 1565 suurn
2354 1553 2373 1585 ‚

286 1626 665 1702 contraque
698 1633 892 1694 eam,
935 1632 1093 1706 'quae
1125 1607 1316 1677 hunc
1343 1606 1418 1675 in
1445 1606 1762 1676 exsilium
1787 1606 2009 1679 misit:
2051 1635 2192 1679 non
2216 1610 2375 1708 jure

287 1744 504 1810 novo,
529 1720 647 1792 sed
669 1743 894 1793 vetere
919 1740 1124 1818 atque
1153 1719 1326 1790 olim
1358 1718 1722 1790 constituto
1753 1746 2066 1792 reversus
2081 1742 2206 1812 est,
2233 1749 2375 1794 ma·

284 1860 450 1907 nere
475 1835 689 1907 etiam
713 1830 886 1907 citra
908 1833 1094 1905 hanc
1124 1832 1552 1931 rogationem
1579 1832 1841 1931 potest?
1875 1836 1975 1905 De
2000 1862 2137 1932 quo
2165 1837 2375 1933 prius-

284 1977 503 2047 quam
533 1949 806 2047 loquar,
836 1947 1219 2019 necessario
1246 1946 1453 2035 illud,
1483 1948 1671 2044 quod
1698 1948 1785 2019 ab
1810 1948 2209 2022 adversariis
2237 1951 2373 2022 fre-

283 2063 747 2161 quentissime
792 2060 1139 2161 objectum
1171 2081 1305 2147 est,
1362 2061 1855 2161 depellendum
1894 2062 2180 2136 videtur.
2221 2066 2372 2135 Cur

279 2176 507 2265 enim,
528 2174 884 2271 inquiunt,
910 2174 965 2245 si
981 2200 1340 2246 remanere
1356 2202 1482 2249 suo
1488 2176 1649 2276 jure
1665 2197 1945 2272 poterat,
1966 2179 2371 2276 exspectavit

278 2288 765 2392 rogationem?
796 2291 891 2361 Ut
924 2289 1336 2363 verecundia
1365 2291 1428 2362 ei
1458 2290 1633 2361 adeo
1663 2290 1839 2361 nihil
1867 2291 2054 2388 apud
2080 2320 2196 2365 vos
2226 2321 2372 2391 pro·

279 2407 395 2496 sit,
443 2425 533 2478 ut
573 2404 781 2476 etiam
819 2404 894 2476 in
929 2431 1133 2477 causa
1174 2403 1563 2502 plurimum
1610 2425 1888 2477 noceat:
1936 2425 2094 2476 ante
2133 2409 2373 2481 omnia

286 2545 423 2592 non
468 2518 698 2591 miror
750 2518 1116 2590 hominem
1154 2517 1421 2619 judicia
1470 2518 1669 2593 toties
1718 2519 2081 2592 infeliciter
2132 2547 2375 2619 exper-

284 2655 461 2726 tum,
516 2653 616 2705 tot
646 2632 720 2705 in
754 2633 1018 2708 civitate
1050 2631 1370 2706 inimicos
1410 2634 1782 2707 habentem
1808 2690 1827 2723 ‚
1872 2633 2048 2705 nihil
2086 2656 2373 2736 tentasse

286 2834 558 2886 contraria
590 2832 814 2904 legibus.
848 2833 1218 2905 Supervacua,
1250 2834 1296 2885 si

286 2911 367 2966 lex
388 2927 468 2967 est
492 2914 563 2966 de
587 2933 652 2967 ea
675 2917 789 2987 ipsa
813 2935 897 2979 re,
920 2915 987 2967 de
1012 2934 1115 2988 qua
1138 2933 1295 2985 roga-

286 3005 371 3045 tur
402 2992 658 3064 populus.
694 2995 749 3046 Si
785 2994 868 3046 lex
898 3013 1010 3046 non
1043 3006 1150 3061 est,
1187 2993 1293 3046 hoc

287 3070 402 3141 ipso
423 3071 583 3124 alicui
603 3072 705 3143 legi
727 3076 993 3126 contraria
1007 3111 1024 3140 ,
1044 3074 1165 3145 qnia
1184 3073 1295 3145 pri-

289 3151 535 3222 vilegium
564 3155 843 3223 irrogatur.
875 3151 978 3205 Sed
1002 3152 1113 3204 haic
1136 3170 1295 3222 roga-

295 3227 371 3277 tio
406 3248 503 3281 nec
539 3250 864 3303 supervacua
903 3244 1015 3298 est,
1051 3232 1175 3284 licet
1211 3230 1292 3282 lex

297 3307 496 3378 scripta
520 3313 609 3376 sit,
632 3326 690 3364 ut
713 3312 929 3366 docebit
950 3312 1116 3386 paulo
1140 3325 1293 3384 post:

293 3405 399 3440 nec
425 3390 473 3440 ei
498 3389 596 3462 legi
616 3395 901 3461 contraria,
924 3412 1041 3465 qum
1062 3393 1296 3464 rogatio-

292 3486 419 3521 nem
454 3468 524 3521 ad
554 3472 784 3543 singulo·
815 3476 1168 3546 pertinentem
1206 3492 1295 3526 re·

290 3550 400 3622 cipi
420 3562 589 3617 vetat,
615 3552 739 3622 quia
758 3551 822 3604 ad
840 3570 1068 3623 pra-sens
1087 3566 1294 3622 tempus

288 3626 662 3680 tantummodo
714 3630 908 3698 fertur,
958 3650 1068 3683 non
1115 3643 1175 3681 ut
1225 3628 1293 3680 ad

284 3710 586 3781 exemplum
608 3709 869 3775 trahatur,
888 3725 941 3764 et
954 3710 1082 3780 legi-s
1101 3727 1295 3782 perpe·

292 3800 392 3838 tute
422 3787 540 3840 loco
574 3792 669 3843 sit:
704 3790 851 3861 quod
884 3803 1169 3861 utrumque
1202 3808 1293 3840 ro-

289 3866 516 3935 gationis
532 3867 890 3939 appellatione
910 3866 1197 3932 contineri,
1210 3865 1291 3918 vel

289 3965 354 3998 ex
378 3951 497 4016 ipso
521 3948 715 4014 Gellio,
731 3950 779 4001 X
793 3987 809 4014 ,
832 3968 899 4002 πο
916 3986 934 4014 ,
955 3949 1291 4000 manifestum

285 4039 385 4080 est.
406 4029 469 4078 Et
484 4025 586 4078 hoc
602 4041 772 4081 tamen
789 4029 871 4082 vel
889 4047 1293 4100 supervacuam,

288 4106 370 4159 vel
394 4106 554 4159 alicui
582 4108 682 4178 legi
710 4112 1033 4162 contrariam
1059 4112 1292 4178 rogatio-

288 4207 407 4240 nem
420 4207 553 4256 ease,
564 4190 709 4263 apud
722 4212 859 4265 qnos
869 4192 960 4244 hic
976 4190 1202 4243 dicitur?
1216 4194 1293 4243 lta

244 4277 249 4288 ·
290 4269 427 4322 enim
447 4270 688 4324 fortuni·
713 4272 758 4323 ti
778 4270 840 4325 lis
861 4284 1000 4325 osset
1019 4288 1203 4323 coram
1214 4271 1296 4338 ju·

772 4405 817 4424 fl*

1373 2832 1509 2899 dice,
1530 2834 1622 2906 qui
1646 2832 1945 2906 praescripta
1965 2851 1996 2886 a
2018 2845 2241 2904 praetore
2257 2833 2371 2883 'for-

1371 2911 1512 2963 mula
1527 2912 1763 2982 judicat,
1786 2911 1930 2965 exsul
1951 2925 2217 2982 tamquam
2238 2931 2372 2982 prae-

1372 2995 1658 3065 scriptione
1674 3007 1727 3047 et
1741 2996 2053 3067 exceptione
2075 2993 2373 3045 submoveri

1370 3085 1579 3142 posset,
1597 3074 1656 3125 Si
1676 3092 1781 3125 non
1803 3086 1887 3125 tua
1910 3072 2109 3145 royatt'o
2131 3088 2373 3140 superva-

1371 3171 1465 3205 cua
1479 3167 1573 3206 aut
1588 3153 1691 3228 leyt'
1709 3155 1965 3207 contraria
1981 3164 2070 3204 est.
2089 3152 2190 3203 Sed
2207 3170 2372 3221 quum

1374 3229 1440 3282 de
1458 3232 1577 3300 jure
1603 3232 1789 3302 populi
1812 3230 1956 3301 apud
1969 3230 2230 3300 populum
2247 3248 2374 3299 aga-

1376 3325 1480 3377 tur,
1501 3330 1772 3384 nunquam
1797 3313 1982 3382 seipse
2002 3313 2073 3361 ita
2092 3309 2371 3376 diminuet,

1376 3389 1481 3442 hoc
1512 3402 1623 3456 est,
1652 3407 1922 3461 nunquam
1955 3389 2117 3452 feret,
2151 3403 2207 3440 ut
2237 3410 2372 3460 prae-

1373 3474 1660 3544 scriptione
1677 3472 1912 3525 solvatur
1926 3471 2031 3522 hoc
2039 3469 2297 3540 judicium
2320 3483 2374 3521 et

1375 3550 1805 3604 translationibus
1825 3553 2093 3602 minuatur
2111 3551 2222 3616 ejus
2243 3567 2372 3601 auc-

1373 3632 1587 3682 toritas:
1613 3629 1695 3680 vel
1719 3627 1786 3700 (si
1809 3628 1980 3700 placet
2007 3627 2109 3679 boc
2138 3627 2204 3676 ad
2221 3645 2374 3677 exsu-

1372 3712 1476 3766 lem
1492 3710 1710 3775 referre)
1734 3729 2008 3782 nunquam
2026 3708 2162 3759 adeo
2177 3707 2372 3775 dejure

1373 3808 1470 3842 auo
1495 3788 1747 3853 decedet,
1771 3802 1957 3839 utnon
1982 3784 2272 3837 secundum
2299 3782 2374 3833 le-

1372 3890 1489 3942 gem
1511 3888 1625 3921 esse
1650 3868 1787 3919 hanc
1807 3868 2133 3936 rogationem
2155 3864 2371 3914 omnino

1373 3949 1624 4010 affirmet,
1665 3947 1984 4012 minimeque
2022 3941 2337 4010 superfluam
2357 3963 2372 3994 τ

1372 4048 1527 4082 nemo
1552 4029 1696 4079 enim
1721 4039 1824 4076 tam
1851 4024 2063 4075 demone
2087 4025 2238 4075 fuerit
2264 4024 2373 4094 (in-

1374 4114 1486 4183 quit
1498 4109 1716 4176 Fabius)
1728 4121 1784 4158 nt
1800 4105 1850 4156 id
1866 4104 2009 4177 quod
2024 4107 2368 4159 firmissimum

1372 4189 1578 4242 duxerit
1617 4208 1672 4241 se
1706 4187 1899 4238 habere
1920 4223 1934 4244 ,
1969 4188 2195 4239 remittat
2224 4201 2277 4240 et
2302 4185 2370 4238 ad

1373 4270 1566 4328 leviora
1587 4267 1942 4322 transcendat.
1975 4267 2146 4319 AEnon.
