3200 5117
765 515 891 581 352

1265 514 1360 576 M.
1410 513 1662 576 FABu
1709 511 2343 593 QUINTILIANI

1536 709 2080 774 NARRATIO.

860 860 1086 932 Habet
1118 880 1354 933 autem
1388 860 1520 934 hoc
1557 858 1990 934 incommodi
2025 879 2432 958 paupertaS,
2466 862 2657 956 quod
2690 889 2857 959 quo·

761 1027 871 1080 red.
900 1028 1060 1080 instit.
1087 1031 1202 1080 Hoc
1223 1028 1476 1094 articulo,
1501 1029 1763 1101 Quisquis,

761 1125 943 1159 omnes
966 1107 1346 1174 significantur,
1371 1119 1424 1159 et
1441 1106 1564 1159 ideo
1585 1107 1766 1160 Labeo

758 1187 966 1252 scribit,
986 1189 1035 1238 si
1057 1190 1126 1240 ita
1153 1190 1408 1260 scripturn
1432 1190 1526 1252 sit,
1552 1190 1700 1241 Titus
1716 1200 1770 1241 et

757 1267 977 1318 Maevius
1006 1279 1203 1337 quanta
1238 1267 1454 1341 quisque
1485 1287 1664 1321 eorum
1702 1286 1766 1318 ex

751 1356 903 1416 parte
934 1344 1170 1397 heredem
1210 1365 1294 1398 me
1335 1345 1566 1399 habuerit
1597 1347 1762 1420 scrip·

758 1434 899 1488 tum,
932 1421 1073 1475 heres
1108 1422 1242 1475 mihi
1276 1435 1412 1476 esto:
1447 1425 1550 1477 nisi
1578 1444 1764 1480 omnes

755 1502 986 1556 habeant
1023 1506 1278 1576 scriptum
1315 1505 1565 1558 heredem
1606 1520 1764 1561 testa-

759 1595 954 1644 torem,
971 1597 1216 1636 neutrum
1237 1583 1484 1636 heredem
1503 1603 1659 1655 posse
1684 1604 1764 1638 es-

757 1679 849 1727 se,
885 1663 1136 1732 quoniam
1180 1662 1248 1714 ad
1290 1663 1526 1715 omnium
1562 1663 1762 1716 factum

758 1761 931 1794 sermo
966 1744 1239 1796 referatur.
1275 1746 1394 1795 Haec
1426 1757 1536 1796 erat
1574 1745 1761 1814 opinio

756 1819 1017 1873 Labeonis
1042 1839 1263 1894 propter
1285 1822 1600 1894 particulam
1623 1824 1766 1895 quis·

755 1900 886 1970 quis.
917 1899 1018 1951 Sed
1043 1903 1164 1972 quia
1194 1901 1527 1972 singulariter
1553 1901 1763 1956 locutus

756 1993 833 2032 est
871 1993 1118 2048 testator,
1151 1984 1291 2036 heres
1321 1983 1455 2035 mihi
1481 1995 1617 2050 esto,
1651 2002 1764 2035 non

756 2056 958 2111 heredes
979 2071 1161 2127 sunto,
1186 2075 1239 2114 et
1262 2062 1330 2115 ad
1353 2076 1527 2135 partes
1551 2081 1584 2115 a
1609 2080 1665 2115 se
1683 2064 1765 2114 in-

755 2142 1056 2193 stitutorum
1083 2142 1183 2195 sibi
1208 2142 1444 2211 relictas,
1472 2144 1762 2196 iustitutio-

755 2240 875 2273 nem
896 2241 1046 2275 suam
1068 2224 1273 2292 retulit,
1291 2225 1412 2278 ideo
1434 2226 1759 2298 Pomponius

756 2302 851 2360 ait;
873 2302 974 2354 Sed
989 2303 1269 2356 humanius
1287 2319 1367 2357 est
1382 2323 1499 2357 eum
1517 2304 1730 2377 quidem
1741 2343 1760 2372 ,

687 2439 701 2450 .
755 2383 846 2453 qui
867 2396 1170 2437 testatorem
1191 2405 1344 2438 snum
1359 2386 1611 2440 heredem
1632 2388 1762 2441 scri-

753 2467 949 2536 pserit,
983 2468 1037 2518 in
1073 2482 1275 2521 tantam
1304 2485 1506 2540 partem
1532 2471 1578 2522 ei
1609 2469 1760 2523 here·

756 2543 875 2595 dem
900 2546 1039 2598 fore:
1062 2561 1114 2599 et
1133 2567 1230 2619 per
1247 2552 1682 2620 consequentias,
1703 2551 1758 2602 in

755 2643 956 2690 assem,
992 2645 1051 2677 ex
1085 2626 1120 2679 l.
1157 2628 1201 2678 si
1233 2630 1350 2698 quis
1386 2630 1456 2680 ita
1493 2630 1759 2698 scripserit

754 2722 837 2755 eo.
865 2706 943 2755 tit.
969 2703 1037 2756 de
1054 2702 1166 2756 her.
1187 2705 1408 2758 institut.
1437 2705 1539 2758 Sed
1564 2706 1694 2777 quid
1713 2709 1760 2760 si

755 2800 892 2833 unus
922 2801 1019 2852 pro
1047 2796 1231 2853 parte,
1260 2798 1385 2855 puta
1413 2787 1558 2837 tertia
1583 2806 1597 2847 ;
1625 2785 1760 2837 alter

756 2883 816 2916 ex
845 2883 960 2914 asse
983 2865 1290 2917 instituisset
1306 2867 1330 2916 ἰ’
1350 2864 1631 2918 Videretur
1659 2865 1757 2919 he-

753 2941 947 2994 reditas
966 2940 1207 2995 defuncti
1223 2945 1279 2995 in
1294 2957 1374 2995 tot
1390 2957 1567 3016 partes
1585 2944 1757 2998 distri-

753 3023 964 3076 buenda
991 3043 1136 3090 esse,
1165 3039 1223 3076 ut
1249 3025 1293 3077 si
1320 3023 1388 3077 ad
1418 3044 1586 3078 assem
1618 3025 1756 3077 redi-

753 3116 936 3173 gatur,
969 3105 1061 3175 qui
1094 3122 1154 3155 ex
1194 3122 1308 3156 asse
1339 3105 1595 3170 instituit,
1631 3119 1753 3156 octo

755 3184 965 3233 uncias:
995 3185 1085 3253 qui
1110 3203 1172 3235 ex
1194 3186 1414 3249 triente,
1435 3184 1503 3234 sit
1528 3196 1757 3253 quatuor

755 3258 1058 3326 habiturus,
1081 3262 1117 3315 l.
1142 3262 1405 3318 interdum
1431 3263 1548 3317 eod.
1575 3265 1653 3316 tit.
1667 3267 1761 3317 Ve-

757 3357 873 3390 rum
900 3344 941 3391 si
967 3342 1084 3394 talis
1106 3343 1194 3395 hic
1225 3358 1360 3397 esset
1387 3345 1651 3396 institutio
1675 3342 1759 3396 di-

754 3419 873 3469 vitis
885 3456 901 3481 ,
917 3422 1123 3489 qualem
1140 3441 1298 3494 supra
1313 3422 1563 3476 diximus:
1581 3436 1754 3474 totum

756 3497 824 3549 ad
857 3517 1146 3570 pauperem
1182 3503 1443 3572 pertinet,
1477 3520 1580 3554 nec
1618 3500 1754 3555 dnos

753 3596 897 3630 asses
923 3593 1015 3631 aut
1039 3578 1214 3650 plures
1233 3595 1412 3652 partes
1431 3581 1752 3647 faceremus,

753 3660 878 3730 quia
909 3659 1181 3728 fingimus,
1215 3663 1257 3711 si
1290 3661 1433 3714 dives
1466 3674 1754 3732 utrumque

754 3736 942 3790 eodem
967 3737 1120 3791 titulo
1146 3739 1441 3809 reliquisset
1473 3738 1718 3792 heredem
1735 3779 1753 3806 ,

751 3820 824 3870 ita
855 3836 1220 3890 nuncupasse,
1247 3818 1411 3871 Titius
1437 3820 1578 3871 heres
1607 3834 1711 3872 esto
1733 3841 1750 3870 .-

751 3902 972 3953 Moevius
1001 3920 1207 3973 pauper
1240 3902 1437 3955 amicus
1474 3920 1616 3954 meus
1634 3940 1651 3966 ‚
1688 3920 1753 3954 ex

751 3999 852 4050 qua
873 3991 1024 4050 parte
1046 3999 1130 4032 me
1150 3979 1384 4033 heredem
1405 3982 1626 4033 instituit
1642 4019 1661 4047 ‚
1689 3999 1754 4033 ex

752 4075 813 4108 ea
853 4059 988 4130 milii
1029 4060 1167 4112 heres
1207 4073 1327 4114 esto.
1367 4060 1489 4113 Nou
1524 4061 1635 4127 sic,
1665 4060 1752 4112 Ex

749 4154 852 4206 qua
871 4138 1080 4210 quisque
1096 4152 1248 4210 parte
1270 4159 1352 4191 me
1376 4139 1609 4191 heredem
1629 4139 1752 4190 scri·

1846 1042 1985 1081 esset
2005 1026 2115 1079 baee
2134 1028 2396 1081 institutio
2412 1030 2487 1094 ei,
2505 1047 2619 1099 quat
2633 1027 2857 1083 refertur

1846 1126 1878 1160 a
1894 1110 2188 1180 Papiniano
2204 1108 2239 1161 l.
2257 1112 2346 1181 qui
2366 1128 2474 1161 non
2496 1108 2757 1162 militabat
2770 1149 2788 1176 ,
2806 1110 2851 1182 §.

1847 1185 1944 1237 ult.
1965 1185 2000 1238 l.
2024 1205 2138 1257 seq.
2160 1185 2197 1239 l.
2219 1186 2368 1259 quod
2382 1189 2426 1241 si
2444 1188 2686 1251 MaeviuS,
2706 1189 2767 1238 ff.
2788 1188 2856 1242 de

1846 1264 2026 1317 hered.
2051 1266 2275 1318 institut.
2312 1266 2489 1333 Seius,
2515 1266 2715 1338 inquit,
2738 1267 2855 1319 Μω-

1845 1344 1988 1394 vium
2011 1362 2072 1395 ex
2091 1357 2272 1416 parte,
2299 1363 2455 1417 quam
2478 1364 2573 1416 per
2594 1343 2737 1414 leges
2761 1364 2852 1397 ca-

1844 1439 1974 1493 pere
1997 1425 2204 1493 potuit,
2228 1422 2475 1475 heredem
2500 1425 2761 1488 instituit;
2791 1442 2853 1477 ex

1846 1502 2049 1575 reliqua
2060 1542 2079 1571 ,
2093 1506 2310 1557 Titium.
2325 1506 2379 1558 Si
2391 1505 2609 1559 Maevius
2622 1504 2853 1558 solidum

1844 1602 2035 1655 capere
2059 1586 2257 1657 possit,
2273 1586 2442 1639 Titius
2468 1584 2735 1657 adjectuS,
2759 1600 2851 1638 aut

1843 1662 2161 1717 substitutus
2193 1683 2301 1717 non
2336 1668 2467 1732 erit,
2501 1679 2603 1719 etc.
2636 1666 2778 1738 quod
2805 1670 2850 1721 si

1843 1745 2056 1798 Maevius
2082 1746 2278 1799 nullius
2302 1765 2468 1819 capax
2493 1748 2659 1819 sithiu
2680 1761 2849 1800 totum

1844 1825 2160 1880 substitutus
2196 1826 2518 1881 admittetur.
2552 1831 2675 1880 Haec
2703 1831 2748 1882 si
2774 1830 2851 1881 di-

1842 1926 1960 1974 ves,
1980 1921 2041 1959 ut
2062 1910 2136 1960 ait
2157 1909 2544 1977 Quintilianus,
2566 1923 2850 1982 utrumque

1844 1988 2031 2042 eodem
2065 1989 2221 2043 titulo
2252 2006 2305 2044 et
2333 1990 2540 2063 judicio
2571 2005 2813 2044 vocasset
2834 2015 2848 2043 ε

1844 2065 1989 2119 nulla
2013 2079 2155 2134 tum,
2180 2081 2273 2120 aut
2296 2083 2441 2121 certe
2466 2088 2575 2121 non
2601 2083 2746 2122 tanta
2769 2088 2849 2124 es-

1844 2158 1923 2197 set
1949 2148 2326 2199 controversia.
2362 2145 2467 2199 Sed
2496 2166 2660 2219 quum
2686 2166 2849 2199 unum

1840 2225 1996 2278 titulo
2032 2239 2184 2279 vocet
2214 2229 2594 2293 institutionis,
2628 2227 2849 2281 alterum

1839 2301 1998 2374 legati
2014 2328 2029 2370 3
2060 2306 2113 2357 in
2136 2304 2242 2358 hoc
2268 2309 2485 2377 quaestio
2510 2320 2621 2368 est,
2656 2325 2723 2358 an
2753 2326 2849 2359 vo·

1839 2382 1995 2436 luerit
2042 2383 2191 2436 dives
2241 2383 2624 2457 comprehendi
2674 2383 2846 2456 legato

1840 2462 2125 2532 duntaxat,
2150 2479 2410 2537 quantum
2433 2483 2635 2537 pauper
2658 2466 2711 2516 iu
2740 2465 2845 2516 bo-

1838 2543 1922 2592 nis
1946 2542 2171 2611 habeat,
2196 2546 2287 2614 qui
2316 2545 2365 2596 ei
2392 2546 2563 2595 omnia
2590 2560 2684 2595 sua
2710 2542 2840 2593 reii-

1840 2624 1982 2693 quit,
2006 2622 2100 2675 sed
2124 2623 2333 2677 heredis
2357 2625 2590 2675 nomine:
2621 2639 2688 2670 an
2708 2639 2837 2672 vero

1839 2700 2297 2754 fideicommissum
2315 2698 2597 2753 universale
2617 2714 2733 2750 esse
2752 2700 2838 2749 in-

1840 2779 2272 2850 terpretabimur,
2305 2778 2383 2832 vel
2425 2777 2653 2848 legatum
2668 2813 2685 2842 ,
2725 2795 2838 2846 quo

1838 2860 2153 2913 universitas
2186 2861 2501 2913 continetur.
2535 2858 2674 2910 Nam
2702 2858 2843 2910 sicut

1836 2939 2049 3010 singulte
2060 2979 2078 3007 ‚
2092 2942 2163 2992 ita
2178 2942 2430 2994 universae
2444 2956 2525 2991 res
2538 2936 2705 3009 legari
2714 2956 2846 3009 pos-

1837 3029 1996 3084 sunt;
2021 3032 2073 3072 et
2098 3023 2190 3093 qui
2213 3021 2281 3073 ab
2306 3020 2502 3074 herede
2529 3021 2717 3091 recipit
2750 3018 2843 3071 he·

1834 3097 2143 3162 reditatem,
2174 3099 2414 3171 legatarii
2438 3099 2563 3151 loco
2592 3097 2837 3150 habetur.

1838 3179 2048 3251 Ulpian.
2072 3181 2150 3233 tit.
2173 3179 2417 3253 delegat.
2440 3196 2491 3233 et
2512 3184 2591 3234 tit.
2612 3180 2680 3232 de
2698 3179 2845 3233 fidei-

1838 3278 1973 3311 com.
1999 3277 2111 3330 quae
2130 3263 2307 3314 omnia
2326 3281 2389 3315 ex
2412 3263 2495 3316 his
2517 3261 2691 3315 verbis
2716 3261 2842 3333 legis

1837 3354 1912 3388 ιιι
1950 3336 2249 3390 tabularum
2280 3341 2720 3411 proficiscuntur,
2755 3355 2843 3390 urs

1831 3434 2048 3480 QmsQUE
2081 3435 2338 3488 nmisst‘r,
2374 3425 2476 3474 etc'.
2516 3420 2659 3491 Quid
2697 3420 2843 3473 dice·

1833 3499 1991 3549 mus?
2030 3497 2261 3565 Questio
2305 3512 2385 3551 est
2427 3502 2746 3570 conjecturas
2791 3513 2845 3551 et

1833 3577 2118 3631 voluntatis
2134 3585 2165 3645 ,'
2176 3594 2235 3632 ut
2264 3581 2308 3631 si
2335 3582 2407 3632 ita
2432 3583 2656 3633 senserit
2680 3593 2844 3632 testa·

1832 3667 1947 3721 tor,
1972 3674 2082 3727 quo
2106 3656 2266 3708 modo
2292 3656 2390 3709 sibi
2421 3677 2451 3710 a
2480 3677 2717 3730 paupere
2742 3657 2843 3710 he-

1831 3736 2025 3790 reditas
2051 3737 2231 3791 reiicta
2257 3752 2362 3805 est,
2393 3741 2469 3792 sic
2499 3742 2547 3791 ei
2574 3758 2667 3791 sua
2690 3740 2842 3791 nesti-

1830 3831 2040 3871 tuatur:
2067 3819 2122 3871 id
2149 3821 2366 3872 omnino
2392 3822 2545 3892 sequi
2569 3831 2841 3891 oporteat,

1832 3901 1976 3952 salvo
2004 3900 2186 3954 heredi
2219 3904 2340 3973 jure
2368 3901 2610 3953 Falcidiae
2641 3914 2733 3951 aut
2760 3918 2844 3951 se-

1832 3979 2234 4031 natusconsulti.
2265 3978 2368 4032 Sed
2396 3981 2451 4030 in
2482 3978 2707 4031 obscura
2734 3991 2843 4029 tes-

1830 4061 2016 4112 tatoris
2041 4061 2341 4125 voiuntate‚
2365 4062 2412 4112 si
2436 4079 2639 4131 quieras
2664 4059 2730 4111 de
2751 4078 2841 4111 me

1830 4141 1960 4211 quid
1984 4144 2232 4209 sentiam,
2253 4144 2545 4214 praesertim
2565 4144 2618 4193 in
2638 4140 2740 4193 hoc
2760 4139 2842 4192 le-

744 4215 903 4287 pserit
919 4253 938 4281 ,
982 4216 1121 4271 hem
1157 4229 1279 4271 esto.
1317 4218 1547 4276 Similior
1584 4220 1747 4290 igitur
1825 4224 1935 4293 gati
1960 4242 2191 4295 genere:
2227 4224 2567 4296 respondebo
2590 4241 2676 4275 me
2697 4240 2843 4294 pau·-
