3200 5117
731 549 870 632 345
1230 550 1323 613 M.
1372 551 1626 615 FABII
1671 551 2311 634 QUINTILIANI

731 671 836 742 vel
872 697 950 742 ex
986 670 1119 742 hoc
1149 670 1294 742 solo
1322 691 1640 770 apparet,
1678 672 1867 772 quod
1895 672 2086 744 vivis.
2123 672 2260 745 Sed
2290 672 2517 766 idem,
2550 675 2819 774 iuquit,

732 787 1062 857 effectura
1091 812 1194 857 res
1223 806 1360 875 est,
1389 786 1578 884 quod
1616 786 1670 857 si
1692 800 1707 831 ¹
1753 787 1989 886 capitis
2032 788 2403 860 damnatus
2440 816 2659 863 essem
2698 819 2713 862 ε
2756 813 2825 864 et

730 899 1044 1001 proximo
1080 898 1242 1001 jure
1295 899 1637 972 utendum
1689 921 1821 991 est,
1880 921 1946 972 et
1998 902 2460 976 similitudine
2514 905 2822 1002 quadam

731 1015 922 1115 legis.
945 1014 1079 1087 Hic
1091 1015 1245 1117 jam
1271 1014 1520 1087 desinit
1543 1014 1810 1113 privata
1839 1015 2126 1088 esselis:
2154 1043 2321 1089 nam
2356 1018 2410 1088 si
2445 1023 2821 1092 accusatori

729 1130 891 1203 licet
914 1130 1323 1203 constituere
1339 1130 1535 1231 jura,
1570 1150 1637 1201 et
1664 1130 1849 1230 leges
1875 1133 2088 1221 ferre3
2123 1131 2177 1203 si
2216 1132 2402 1230 quod
2437 1155 2640 1206 antea
2672 1135 2821 1208 fieri

730 1272 855 1345 per
889 1243 1273 1345 populum,
1324 1272 1449 1344 per
1479 1265 1798 1317 senatum
1832 1245 2122 1335 licebat,
2164 1249 2603 1322 constituitur
2642 1235 2824 1323 inter

729 1357 1055 1431 subsellia
1073 1386 1198 1457 pro
1220 1358 1458 1431 dolore
1480 1359 1842 1460 cujusque,
1864 1360 1969 1431 vel
1991 1387 2116 1460 pro
2136 1362 2562 1453 auctoritate,
2588 1391 2822 1464 super·

728 1500 943 1546 vacua
979 1494 1183 1545 erunt
1221 1473 1586 1573 suffragia,
1622 1500 2088 1572 supervacuus
2129 1495 2358 1549 tantus
2396 1476 2706 1552 ambitus
2744 1481 2818 1552 in

731 1590 1216 1664 constituendo
1244 1591 1425 1693 jure.
1472 1593 1632 1662 Non
1672 1591 1757 1663 de
1796 1617 1879 1664 eo
1920 1592 2253 1691 quaeritur
2289 1593 2478 1691 apud
2520 1593 2681 1682 Ιιοε,
2723 1621 2817 1666 an
2926 1619 2935 1626 ·

733 1731 1012 1804 aequum
1058 1706 1196 1778 sit:
1247 1733 1372 1779 nos
1411 1706 1734 1780 venimus
1780 1705 1852 1777 in
1888 1704 2241 1807 judicium
2288 1708 2640 1807 quaesituri
2687 1707 2819 1781 hoc

734 1819 960 1891 solum
984 1879 1003 1912 ,
1047 1847 1140 1894 an
1179 1842 1307 1921 ego
1340 1820 1464 1892 ista
1505 1819 1653 1918 lege
1691 1840 1951 1914 tenear.
1989 1822 2079 1893 At
2115 1841 2414 1920 oportet,
2453 1842 2519 1893 et
2544 1822 2816 1922 justum

734 1955 863 2024 est,
886 1962 962 2007 ea
976 1991 996 2026 ,
1017 1963 1172 2035 quae
1195 1935 1445 2008 similia
1462 1955 1658 2025 sunt,
1680 1934 1896 2007 simili
1919 1962 2119 2035 poena
2138 1936 2497 2008 contineri.
2515 1936 2820 2009 Adhibes

733 2070 1091 2140 senatum,
1122 2050 1410 2123 adhibes
1437 2048 1823 2150 populum:
1862 2050 2383 2122 emendandum
2420 2050 2504 2123 sit
2538 2053 2820 2125 fortasse

725 2163 842 2263 jus
878 2191 892 2235 :
939 2164 1071 2236 hoc
1113 2164 1396 2237 interim
1432 2164 1765 2253 vivimuS,
1804 2164 1937 2236 hoc
1976 2166 2241 2238 utimur
2277 2192 2290 2235 ε
2333 2164 2552 2238 'multa
2587 2188 2816 2238 autem

628 2325 643 2339 ·
727 2275 889 2377 jura
929 2276 1322 2378 decipiunt,
1370 2305 1603 2380 neque
1646 2278 1805 2351 ideo
1840 2279 2228 2379 conscripta
2266 2301 2462 2370 sunt,
2508 2302 2585 2354 ut
2624 2281 2835 2381 igno·-

738 2394 959 2467 tantia
990 2395 1254 2469 fallant.

1593 2547 1961 2617 SERMO.

824 2709 970 2775 Hoc
999 2725 1098 2773 est
1121 2709 1285 2776 illud
1310 2732 1664 2775 commune
1681 2761 1697 2792 ,
1729 2727 1803 2775 ut
1825 2708 2125 2777 dicebam
2151 2708 2365 2789 vobis,
2395 2731 2540 2774 cum
2568 2707 2808 2795 scripto

736 2831 803 2880 et
826 2815 1186 2880 voluntate.

1428 2961 2138 3027 DECLAMATIO.

832 3104 968 3182 Sed
1016 3108 1406 3207 fingamuS,
1463 3129 1540 3180 ut
1594 3108 1720 3181 has
1769 3108 2018 3181 demus
2075 3107 2432 3194 delicias2,
2494 3125 2575 3178 ut
2618 3102 2823 3176 simili

737 3221 886 3320 lege
916 3223 1258 3295 utendum
1297 3224 1399 3296 sit.
1442 3224 1638 3315 Quid
1679 3224 1790 3297 hic
1825 3223 2046 3296 simile
2085 3221 2297 3295 dixit?
2327 3221 2484 3323 jam
2519 3218 2635 3291 illa
2674 3217 2823 3319 lege

816 3406 859 3440 1.
908 3392 1056 3461 Quod
1094 3395 1153 3446 si.
1200 3394 1453 3446 Francius
1491 3393 1705 3447 volebat
1720 3433 1736 3462 ‚

737 3485 896 3540 quam
920 3471 964 3520 si
979 3473 1161 3542 capitis
1184 3473 1234 3524 d.
1256 3492 1299 3525 e.
1320 3501 1383 3513 —
1403 3474 1478 3525 Et
1494 3475 1736 3547 proximo

720 3549 861 3619 jure.
884 3548 1018 3601 Vide
1044 3551 1109 3602 ad
1134 3551 1277 3604 Decl.
1298 3552 1416 3604 xm
1431 3591 1447 3619 ‚
1487 3569 1565 3606 10.
1590 3583 1662 3593 --
1678 3554 1740 3606 Si

736 3628 877 3701 quod
896 3640 1065 3680 antea.
1092 3629 1238 3682 Sicut
1254 3643 1436 3700 antea,
1463 3631 1643 3685 AErod.
1670 3661 1738 3672 —

736 3709 890 3761 Πανί.
915 3710 1085 3777 Ferri,
1111 3730 1275 3781 marg.
1303 3711 1481 3764 AErod.
1501 3743 1573 3753 —
1590 3714 1738 3765 Lice-

739 3792 840 3844 bat.
887 3791 1095 3846 Licebat
1119 3815 1133 3843 .·
1173 3793 1218 3846 si
1240 3795 1335 3866 jus
1378 3797 1733 3860 constituitur,

738 3869 915 3921 AErod.
939 3900 1005 3911 -
1025 3871 1141 3923 Hoc
1157 3873 1369 3924 utimur.
1394 3872 1510 3925 Hoc
1527 3873 1737 3925 interim

739 3950 947 4014 utimur,
987 3949 1163 4002 AErod.
1188 3981 1260 3990 ——
1278 3952 1412 4002 Jura
1438 3951 1737 4024 decipiunt,

738 4029 937 4083 Schult.
948 4034 1075 4103 jura
1101 4052 1207 4086 nou
1232 4033 1513 4106 decipiunt.

812 4127 859 4163 2.
883 4113 949 4164 Ue
970 4113 1060 4166 has
1078 4116 1258 4167 demus
1274 4114 1499 4168 delicias.
1520 4117 1604 4167 An
1615 4112 1745 4187 ,fin-

735 4206 922 4261 gamus
942 4202 990 4241 et
1016 4190 1110 4244 hoc
1132 4193 1333 4258 demus,
1362 4212 1463 4261 an,
1492 4192 1739 4246 delictum

739 4267 811 4318 ad
826 4268 959 4320 istud
971 4269 1148 4322 simili.
1165 4270 1386 4324 Senum.
1404 4269 1550 4323 Nihil
1563 4285 1713 4324 muto
1725 4309 1742 4338 ,

1818 3392 1911 3446 sed
1947 3393 2160 3446 delicias
2194 3411 2259 3445 co
2300 3410 2458 3445 sensu
2497 3391 2685 3461 capim,
2717 3406 2826 3460 quo

1816 3470 2101 3524 delicatum
2125 3470 2318 3536 scelus,
2343 3483 2396 3522 et
2419 3469 2604 3523 similia
2626 3468 2827 3539 passim

1817 3550 1870 3601 in
1919 3548 2002 3603 his
2042 3548 2547 3601 Declamationibus.
2584 3544 2717 3597 Vide
2758 3542 2824 3595 ad

1817 3629 2106 3684 Declamm.
2133 3632 2182 3695 1,
2215 3631 2295 3682 13.
2327 3631 2500 3682 Btmu.
2543 3656 2614 3667 —·
2648 3626 2716 3678 Ut
2754 3625 2828 3677 si-

1818 3711 1938 3764 mili
1955 3710 2066 3784 leqe
2083 3712 2327 3764 utendum
2347 3712 2427 3764 sit.
2454 3707 2637 3763 Scribe
2656 3728 2668 3758 ε
2691 3706 2824 3758 utin

1814 3791 1978 3846 simili
2005 3791 2118 3864 leqc
2144 3791 2396 3844 utendum
2421 3789 2504 3842 sit.
2533 3789 2599 3839 In
2635 3784 2826 3851 simili,

1816 3885 1975 3946 puta,
1999 3892 2085 3939 re,
2110 3890 2226 3944 quae
2251 3889 2358 3923 non
2389 3883 2469 3922 est
2498 3885 2742 3939 expressa
2770 3868 2825 3917 in

1818 3953 1963 4025 lege,
1983 3952 2077 4006 sed
2096 3955 2173 4020 ei,
2194 3971 2351 4024 quam
2378 3951 2461 4003 lex
2483 3952 2669 4023 punit,
2690 3947 2829 4000 simi-

1818 4031 1883 4084 lis
1920 4045 2014 4083 est.
2054 4032 2224 4084 Gnou.
2261 4061 2334 4072 —-
2356 4029 2506 4100 ,Quid
2542 4028 2626 4080 hic
2661 4022 2826 4079 simile

1820 4110 2094 4182 dixit,jam
2111 4106 2223 4161 illa.
2242 4109 2379 4178 Quid
2392 4107 2476 4159 hic
2489 4105 2658 4160 simile
2674 4103 2828 4156 dixit?

1816 4190 2049 4263 primum
2081 4188 2206 4259 (aut
2235 4208 2385 4249 sane,
2419 4201 2514 4240 aut
2544 4187 2698 4255 nam)
2726 4181 2829 4234 illa

1824 4268 1949 4343 leqe.
1978 4270 2178 4324 Schult.
