3200 5117
759 518 873 560 112
1191 520 1195 530 ·
1254 499 1347 562 M.
1396 494 1647 559 FABII
1692 487 2330 576 QUINTILIANI

749 619 1018 693 deatur.
1044 618 1324 719 Alioqui
1347 618 1472 690 ista
1496 617 1760 689 ratione
1776 671 1795 705 ,
1825 637 1892 689 et
1912 617 2065 712 inq,
2091 617 2212 716 qui
2240 637 2611 689 nocentem
2639 644 2836 689 accu-

748 734 948 824 savit,
971 761 1179 808 causa
1196 732 1432 805 mortis
1451 732 1591 804 fuit
1611 759 1625 802 :
1648 752 1716 804 et
1732 732 1845 803 ille
1861 789 1881 823 ‚
1904 731 2024 829 qui
2042 731 2520 804 testimonium
2542 732 2614 802 in
2638 758 2836 804 reum

749 848 955 939 dixit,
982 847 1188 920 etiam
1212 848 1267 919 si
1286 872 1529 919 verum
1552 845 1627 917 id
1647 844 1814 935 fuit,
1846 872 2050 918 causa
2075 867 2309 918 tamen
2336 847 2574 918 mortis
2601 845 2838 918 haberi

748 981 979 1062 potest
1021 987 1036 1031 :
1092 980 1169 1033 et·
1208 959 1327 1030 ille
1379 957 1499 1056 qui
1546 957 1898 1032 adulteros
1944 960 2191 1031 marito
2239 959 2579 1060 prodidit,
2634 986 2839 1032 causa

749 1074 994 1148 mortis
1021 1073 1262 1145 haberi
1290 1092 1549 1172 potest:
1584 1094 1653 1146 et
1677 1072 1790 1145 ille
1821 1074 1945 1171 qui
1974 1075 2389 1147 sceleratum
2414 1075 2738 1176 produxit
2764 1076 2837 1148 in

749 1192 1138 1295 publicum.
1165 1192 1311 1263 Cur
1336 1190 1552 1289 igitur
1572 1191 1648 1261 hi
1673 1189 1975 1262 accusari
2004 1191 2128 1263 ista
2154 1190 2305 1291 lege
2334 1219 2480 1264 non
2509 1191 2840 1292 possunt?

748 1307 1086 1406 quoniam
1134 1333 1279 1379 non
1324 1333 1450 1406 per
1489 1307 1673 1407 ipsos
1719 1328 1993 1379 tantum
2034 1309 2261 1398 stetit3
2306 1310 2640 1409 quoniam
2675 1309 2837 1413 jure

748 1424 1099 1527 perierunt
1128 1422 1203 1494 hi
1224 1478 1243 1504 ,
1277 1422 1535 1523 quibus
1574 1450 1761 1496 mors
1797 1424 2007 1497 allata
2034 1446 2154 1498 est.
2190 1425 2323 1497 Sed
2357 1426 2536 1498 hanc
2568 1447 2837 1526 partem

750 1565 1208 1613 reservemus:
1242 1537 1519 1609 interim
1542 1538 1904 1611 videamus
1922 1596 1941 1629 ,
1977 1539 2149 1638 quid
2172 1540 2258 1613 sit
2283 1559 2510 1613 CAUSA
2535 1559 2832 1612 MORTIS.

749 1659 893 1728 Nos
923 1655 995 1727 id
1018 1653 1316 1727 dicimus
1345 1679 1633 1726 causam
1662 1681 1803 1727 esse
1827 1655 2070 1728 mortis
2088 1713 2109 1746 ,
2138 1655 2326 1754 quod
2356 1654 2627 1727 homini
2658 1681 2839 1727 mor-

752 1792 892 1843 tem
940 1769 1243 1842 attulerit
1265 1826 1285 1859 ,
1342 1768 1532 1868 quod
1588 1770 1820 1842 solum
1876 1770 2084 1842 nullis
2138 1792 2319 1844 extra
2369 1768 2839 1843 accidentibus

751 1886 971 1958 causis
998 1884 1286 1957 noxium
1316 1884 1560 1975 fuerit,
1588 1912 1729 1983 quo
1754 1885 1968 1959 homo
1996 1886 2339 1986 periturus
2367 1886 2605 1975 fuerit,
2633 1885 2837 1966 etiam

750 2001 807 2073 si
832 1999 1010 2072 nihil
1037 2001 1179 2098 ipse
1201 1998 1515 2072 fecisset:
1543 1999 1617 2070 id
1643 1999 1831 2097 quod
1854 1999 2148 2074 dicimus
2172 2000 2305 2074 tale
2331 2021 2457 2072 est:
2488 1998 2840 2072 intuendae

754 2138 920 2189 sunt
963 2143 1070 2189 res
1116 2115 1279 2217 ipsae
1301 2172 1321 2207 ,
1372 2142 1526 2215 quoe
1576 2117 1652 2188 in
1699 2116 1965 2190 crimen
2015 2116 2482 2190 deducuntur.
2543 2113 2852 2187 Produxi·

756 2231 975 2304 filiam
1001 2231 1091 2303 ad
1120 2231 1599 2329 magistratum
1630 2259 1644 2302 :
1678 2230 1850 2328 quid
1880 2230 2011 2303 hoc
2042 2230 2129 2302 ad
2161 2231 2592 2303 inferendam
2625 2257 2748 2330 per
2770 2256 2840 2301 se

755 2349 1050 2448 pertinet
1071 2346 1411 2421 mortem?
1432 2348 1733 2446 Praecepi
1754 2404 1772 2436 ,
1798 2368 1878 2419 ut
1900 2345 2200 2421 mortem
2225 2368 2487 2448 optaret
2514 2374 2528 2417 :
2566 2345 2841 2420 detrahe

755 2464 942 2564 quod
972 2463 1086 2537 ille
1112 2483 1340 2564 raptor
1362 2484 1495 2552 est;
1525 2462 1806 2536 detrahe
1828 2447 2018 2564 quod
2051 2463 2193 2535 filia
2221 2484 2522 2536 mortem
2557 2460 2842 2560 raptoris

754 2580 1048 2679 optavit;
1089 2579 1321 2677 ipsum
1363 2578 1556 2679 quod
1591 2606 1720 2678 ego
1757 2578 1926 2669 feci,
1963 2598 2262 2650 mortem
2297 2576 2564 2649 homini
2597 2575 2842 2646 afferre

757 2721 900 2766 non
926 2694 1153 2793 potuit
1176 2721 1191 2766 ε
1220 2721 1363 2766 non
1384 2720 1671 2794 possum
1693 2721 1821 2793 ego
1840 2693 2054 2765 videri
2078 2718 2282 2765 causa
2311 2690 2546 2763 mortis
2568 2687 2842 2761 homini

756 2810 964 2882 fuisse
995 2838 1010 2881 :
1046 2809 1214 2907 quid
1245 2809 1421 2882 feci?
1458 2809 1647 2908 quod
1686 2810 2049 2881 innoxium
2079 2828 2259 2897 erat,
2294 2806 2347 2877 si
2375 2805 2550 2876 nihil
2585 2804 2698 2875 ille
2733 2807 2841 2874 fe-

759 2926 977 2998 cisset.
1029 2925 1301 3026 Fingite
1351 2926 1540 2998 enim
1588 2925 1736 2998 haec
1784 2924 2091 2998 accidere
2140 2923 2437 3022 potuisse
2482 2949 2495 2992 :
2552 2919 2844 3021 produxi

761 3041 976 3113 filiam
1006 3067 1020 3111 ε
1058 3062 1291 3140 optare
1325 3062 1626 3114 mortem
1645 3040 1820 3142 jussi
1851 3068 1865 3110 ε
1906 3039 2179 3137 ignoret
2206 3063 2407 3125 sane,
2446 3062 2601 3135 quae
2635 3034 2724 3105 sit
2754 3032 2843 3103 ad

764 3155 1192 3254 magistratus
1221 3154 1500 3228 educta:
1539 3156 1595 3227 si
1633 3174 1850 3256 potest
1877 3152 2138 3242 dicere,
2173 3149 2351 3222 nihil
2383 3148 2517 3221 tale
2551 3146 2799 3220 admisi
2826 3172 2841 3216 ε

764 3270 944 3341 nihil
975 3269 1346 3343 nocuerint
1374 3298 1491 3361 ea,
1527 3297 1683 3369 quae
1716 3296 1842 3369 ego
1882 3268 2036 3341 feci.
2072 3264 2268 3356 Quid
2308 3291 2469 3363 ergo
2506 3262 2608 3334 illi
2647 3287 2849 3374 causa

767 3385 999 3457 mortis
1024 3385 1197 3457 fuit?
1234 3386 1423 3483 quod
1453 3384 1724 3483 rapuit,
1761 3384 1951 3481 quod
1984 3383 2091 3455 lex
2124 3395 2424 3452 mortem
2455 3375 2846 3451 constituit:

764 3520 833 3572 et
848 3501 980 3571 hoc
999 3525 1197 3599 paene
1211 3500 1758 3573 adversariorum
1779 3493 2686 3571 confessione'manifestum
2712 3510 2844 3561 est:

764 3641 908 3687 non
956 3635 1174 3713 agunt
1213 3641 1373 3686 cum
1413 3642 1529 3705 ea,
1572 3640 1726 3713 quae
1760 3611 2033 3712 optavit.
2067 3612 2312 3708 Neque
2347 3633 2475 3705 ego
2509 3632 2664 3676 sum
2703 3623 2844 3674 tam

766 3730 980 3804 durus
1013 3754 1090 3801 ac
1123 3727 1445 3821 demens,
1481 3749 1558 3801 ut
1595 3755 1722 3827 pro
1757 3727 1975 3800 salute
2019 3725 2238 3796 filiam
2277 3747 2507 3794 meam
2541 3715 2848 3816 periculo

766 3872 926 3918 meo
952 3870 1307 3944 opponam
1337 3871 1352 3915 ε
1389 3844 1508 3916 sed
1537 3845 1641 3915 uti
1673 3843 1854 3915 mihi
1876 3842 2007 3914 hoc
2030 3854 2436 3939 argumento
2459 3832 2656 3922 licet,
2682 3858 2848 3930 quo·

766 3961 958 4032 niam
984 3982 1054 4033 et
1082 3960 1204 4033 illa
1229 3981 1378 4034 tuta
1402 3981 1538 4033 est:
1566 3960 1813 4033 eadem
1839 3959 2030 4031 enim
2048 4016 2067 4049 ,
2100 3979 2253 4054 quae
2283 3950 2606 4022 dicuntur
2632 3975 2674 4019 a
2696 3973 2810 4018 me
2827 4004 2846 4037 ,

767 4075 855 4145 ab
898 4074 1015 4146 illa
1055 4074 1451 4149 dicerentur
1486 4103 1501 4147 ε
1552 4075 1780 4175 optavi
1824 4095 2121 4146 mortem
2158 4098 2174 4141 ε
2218 4092 2395 4139 num
2437 4085 2674 4136 tamen
2718 4060 2849 4131 hoc

769 4189 1145 4279 nocuisset,
1193 4191 1250 4262 si
1292 4190 1616 4263 adversus
1651 4189 1865 4262 alium
1909 4180 2267 4260 fecissem?
2308 4176 2689 4276 quemlibet
2721 4201 2851 4272 ap-
