3200 5117
747 540 875 610 256
1245 543 1337 606 M.
1386 541 1638 606 FABII
1685 529 2325 624 QUINTILIAM

743 670 912 739 Haec
928 665 1013 736 ad
1040 665 1187 764 ipsa
1207 666 1593 737 testamenti
1614 666 1852 738 verba:
1873 666 2040 738 libet
2057 687 2289 739 tamen
2312 669 2592 740 scrutari
2617 669 2825 742 etiam

740 782 1048 853 defuncti
1090 780 1557 872 voluntatem,
1608 807 1747 880 qua
1796 781 1973 853 nihil
2021 783 2369 881 potentius
2416 784 2609 883 apud
2659 812 2826 873 noe,

740 895 920 969 nihil
963 915 1189 967 nostro
1232 895 1468 965 animo
1510 895 1846 997 sacratius,
1880 922 2023 968 esse
2066 895 2315 970 debet:
2364 898 2696 971 credibile
2731 920 2832 971 est

742 1012 977 1111 igitur,
1020 1010 1153 1082 hoc
1192 1036 1358 1081 eum
1400 1010 1717 1102 sensisse,
1757 1031 1834 1083 ut
1868 1011 2172 1084 liberum
2206 1039 2347 1085 esse
2380 1013 2579 1086 vellet
2613 1015 2826 1087 etiam

744 1125 1125 1198 addictum.
1170 1126 1412 1197 Servos
1453 1151 1576 1197 cur
1614 1125 2140 1217 manumiserit,
2187 1128 2638 1201 manifestum
2677 1150 2824 1200 est:

744 1240 1121 1313 delectatus
1156 1260 1257 1311 est
1287 1239 1567 1329 officiis,
1604 1240 1853 1311 referre
1881 1241 2099 1314 voluit
2131 1242 2416 1340 gratiam
2448 1243 2778 1342 obsequio
2807 1272 2823 1315 ε

741 1355 919 1427 alius
956 1380 1217 1454 aegrum
1257 1375 1647 1442 curaverat,
1687 1353 1863 1427 alius
1907 1355 2462 1453 peregrinantem
2493 1378 2830 1454 sequutus

745 1490 922 1556 erat,
956 1469 1132 1541 alius
1163 1469 1340 1541 inter
1370 1487 1476 1541 tot
1507 1469 1999 1567 occupationes
2035 1469 2446 1542 domesticas
2480 1472 2828 1545 custodie—

745 1605 878 1674 rat,
921 1583 1094 1655 alius
1134 1582 1266 1654 hoc
1309 1582 1539 1680 ipsum
1577 1583 1803 1654 foenus
1847 1604 2282 1654 exercuerat:
2322 1583 2541 1655 voluit
2579 1583 2829 1655 liberos

745 1726 914 1790 esse,
947 1725 1117 1795 quos
1144 1717 1521 1785 amaverat,
1556 1724 1597 1767 a
1621 1697 1877 1794 quibus
1903 1718 2215 1770 amatum
2248 1724 2391 1770 esse
2420 1725 2491 1769 se
2515 1698 2827 1770 credide-

747 1836 849 1888 rat
881 1842 896 1886 :
934 1815 1291 1887 huicvero
1330 1812 1500 1910 quid
1537 1812 1816 1904 debuit,
1856 1813 1988 1885 nisi
2030 1813 2247 1885 iram?
2290 1814 2549 1887 durum
2589 1833 2827 1887 tamen

747 1932 1139 2019 videtur‚‘et
1168 1928 1684 2019 inhumanum,
1720 1929 1949 2001 solum
1984 1929 2174 2002 hunc
2214 1956 2356 2002 esse
2395 1929 2470 2002 in
2496 1929 2824 2020 vinculis,

746 2048 919 2125 etin
950 2045 1293 2119 servitute.
1333 2046 1507 2116 Ante
1541 2046 1784 2117 omnia
1804 2057 1820 2087 ¹
1865 2046 1920 2117 si
1954 2045 2127 2145 quid
2162 2046 2538 2145 asperitatis
2571 2046 2641 2119 in
2675 2046 2827 2145 lege

746 2186 883 2254 est,
918 2188 1071 2262 quae
1110 2161 1416 2234 addictos
1453 2160 1701 2233 servire
1716 2160 1956 2262 jussit,
1992 2160 2212 2234 donec
2246 2162 2623 2251 solverent,
2652 2190 2829 2234 num

750 2278 960 2377 igitur
1001 2276 1301 2375 exigitis,
1351 2296 1430 2347 ut
1473 2275 1789 2367 dicamus
1832 2276 2069 2373 aliqua
2113 2304 2237 2376 pro
2285 2276 2484 2374 lege?
2537 2304 2678 2349 non
2731 2299 2832 2350 est

748 2413 993 2465 nostrae
1016 2390 1500 2462 mediocritatis
1516 2446 1536 2479 ,
1557 2416 1700 2461 non
1724 2389 1936 2461 officii
1955 2447 1974 2480 ,
1997 2416 2078 2462 ea
2095 2447 2114 2481 ,
2134 2417 2288 2489 quae
2314 2392 2829 2491 prudentissimi

752 2509 1043 2609 majores
1078 2504 1593 2593 constituerint,
1620 2524 1879 2576 tentare
1910 2504 2829 2578 defendere.Verumtamen

752 2622 809 2693 si
835 2619 1091 2692 intueri
1113 2617 1360 2708 velitiS,
1397 2616 1569 2716 quid
1602 2617 1863 2716 aequius
1888 2619 2213 2691 constitui
2246 2641 2492 2718 potest,
2530 2640 2650 2691 aut
2680 2645 2824 2717 quo

748 2737 883 2809 alio
908 2733 1228 2807 custodiri
1261 2732 1682 2831 patrimonia
1708 2754 1925 2806 vestra
1947 2790 1965 2823 ,
1999 2736 2291 2807 fortunae
2321 2733 2635 2806 sustineri
2668 2759 2828 2830 pos-

748 2849 947 2923 sunt?
978 2875 1069 2919 an
1102 2873 1258 2919 vero
1289 2849 1660 2945 pecuniam
1693 2847 1943 2946 aliquis
1978 2871 2415 2950 accepturus,
2445 2876 2566 2949 per
2587 2849 2828 2920 omnia

749 2966 914 3038 vitia
950 2963 1334 3054 exhauriet,
1381 2983 1457 3033 ut
1496 2989 1639 3035 non
1685 2962 2004 3063 alligetur
2043 2965 2131 3036 ad
2173 2966 2478 3065 aliquam
2515 2964 2826 3037 solvendi

750 3078 1262 3155 necessitatem?
1280 3081 1471 3151 Dura
1492 3080 1720 3152 vincla
1744 3081 1947 3153 alicui
1965 3081 2307 3170 videntur,
2330 3083 2502 3154 dura
2521 3080 2828 3153 conditio

748 3199 1122 3272 servitutis:
1159 3195 1397 3269 reddat
1414 3253 1432 3283 ‚
1457 3196 1649 3294 quod
1675 3199 1977 3297 accepit:
2017 3198 2160 3270 istic
2185 3225 2328 3269 non
2351 3197 2634 3270 servitus
2663 3223 2829 3268 con-

749 3316 984 3386 stituta
1013 3334 1144 3420 est,
1175 3311 1294 3384 sed
1326 3313 1540 3404 illud,
1576 3313 1766 3412 quod
1791 3314 2257 3415 justissimum
2290 3335 2426 3404 est,
2462 3312 2826 3385 reddendae

750 3457 1062 3530 pecumae
1092 3455 1314 3501 causa.

746 3617 849 3670 nisi
869 3629 930 3666 ut
954 3613 1179 3666 addatur
1197 3634 1298 3667 non
1312 3652 1330 3680 ‚
1352 3625 1410 3667 ut
1428 3634 1618 3668 nomen
1641 3633 1747 3667 non
1828 3616 1940 3691 lege
1966 3629 2052 3670 est.
2085 3618 2302 3671 Senum.
2337 3617 2474 3669 Ante
2500 3617 2677 3668 omnia
2704 3614 2831 3687 quid

745 3700 826 3751 sit.
847 3697 1064 3750 Scnuvr.
1077 3696 1286 3765 —Quid
1297 3696 1470 3748 debuit
1483 3696 1583 3747 nisi
1596 3696 1744 3747 iram.
1826 3696 2108 3766 aspeiitatis
2130 3698 2188 3747 in
2212 3695 2322 3770 lege
2342 3705 2439 3761 est,
2465 3692 2641 3745 AErod.
2663 3724 2734 3732 —
2749 3695 2826 3744 Ea

751 3777 890 3848 Quid
920 3776 1131 3829 debuit?
1161 3776 1341 3825 misera
1373 3774 1632 3827 malon-um
1663 3785 1746 3825 ta-
1828 3793 1946 3847 quoe
1968 3774 2368 3848 prudentissimi.
2399 3775 2656 3830 Francius
2680 3771 2826 3826 vole-

746 3875 867 3910 men
908 3856 1133 3908 conditio
1175 3853 1403 3920 videtur,
1445 3864 1496 3903 et
1540 3851 1746 3903 iulium.
1827 3851 1945 3919 bat,
1966 3853 2386 3925 prudentissime,
2411 3865 2462 3903 et
2483 3871 2633 3916 mox,
2651 3851 2829 3904 conari

748 3933 926 3987 AErod.
1829 3931 2115 4002 defendere.
2140 3961 2211 3970 —
2229 3933 2348 3984 Istic
2373 3949 2480 3983 non
2502 3930 2726 3982 servitus.
2746 3928 2826 3980 Is-

827 4032 868 4064 ι.
914 4012 1050 4064 Ante
1085 4011 1279 4064 onmia.
1319 4011 1456 4063 Ante
1493 4011 1671 4061 omnia
1706 4010 1750 4060 si
1832 4019 1882 4060 ta
1927 4029 2033 4062 non
2078 4010 2333 4064 servitutis
2376 4011 2654 4062 constituta
2690 4014 2820 4060 sunt·

748 4092 876 4161 quid
899 4104 972 4143 est
995 4091 1309 4161 asperitatis,
1340 4091 1396 4142 id
1415 4088 1541 4158 (aut
1566 4088 1666 4159 ea)
1692 4090 1747 4139 in
1829 4088 2044 4140 Senum.
