3200 5117
721 516 838 585 ¹92
1210 496 1303 559 M.
1354 494 1606 560 FABII
1651 491 2291 575 QUINTILIANI
2379 500 2384 505 ’

711 619 991 694 civitatis
1013 676 1030 710 ‚
1071 618 1407 717 quoniam
1450 638 1719 716 partem
1757 615 2066 714 aliquam
2099 615 2469 715 voluptatis
2506 616 2580 687 in
2615 616 2798 687 hanc

712 734 1145 833 impenderat
1172 762 1188 805 ε
1225 734 1347 806 sed
1377 734 1539 805 fecit
1571 732 1775 804 illum
1809 734 2353 831 arrogantiorem
2383 733 2530 833 ipsa
2561 734 2797 806 virtus.

711 849 951 946 Neque
976 870 1212 920 tamen
1238 848 1441 922 nobis
1470 848 1701 920 adhuc
1725 849 2119 947 persuaderi
2149 870 2405 947 potest,
2437 871 2517 922 ut
2539 848 2642 920 vir
2661 849 2803 920 for-
2855 900 2861 906 «

712 961 836 1051 tis,
873 961 993 1061 qui
1020 963 1348 1035 amaverit
1379 983 1610 1060 aperte
1630 1019 1649 1050 ‚
1681 961 1802 1059 qui
1830 989 1976 1034 non
2011 983 2152 1034 erat
2178 963 2377 1035 loesus
2406 961 2551 1034 ulla
2579 987 2804 1034 mere-

714 1079 892 1151 tricis
939 1078 1240 1180 injuria,
1289 1078 1522 1151 oculos
1568 1078 1804 1150 volens
1851 1100 2166 1151 erueret:
2219 1079 2575 1152 fortunam
2627 1079 2804 1150 illud

716 1216 1042 1294 putamus
1076 1195 1321 1268 fecisse
1342 1211 1392 1284 ¹,
1434 1216 1513 1266 ut
1542 1194 1596 1266 si
1633 1195 1745 1267 lex
1781 1196 2205 1294 permitteret
2239 1217 2556 1267 neutram
2587 1193 2803 1266 ultio-

717 1335 923 1398 nem,
972 1308 1258 1382 forsitan
1309 1330 1531 1382 totum
1569 1308 1687 1409 jus
1735 1309 2283 1381 remitteremus?
2327 1336 2517 1382 nunc
2564 1308 2804 1381 oculos

692 1424 864 1524 «ejus
898 1449 1283 1510 servamuS‚
1317 1450 1456 1522 qua
1490 1449 1880 1521 possumus.
1921 1426 2064 1494 Lex
2099 1422 2196 1494 ita
2233 1424 2488 1522 scripta
2528 1444 2664 1513 est,
2700 1441 2803 1495 U‘P

717 1556 778 1608 IS
825 1555 952 1623 QUI
1001 1535 1465 1626 excaecaverit,
1512 1558 1633 1607 aut
1680 1536 2012 1608 talionem
2057 1537 2383 1636 patiatur,
2439 1557 2565 1609 aut
2608 1536 2800 1608 ducis

721 1678 928 1750 opera
958 1652 1296 1751 fungatur
1323 1680 1337 1723 ε
1378 1652 1554 1724 inter
1580 1653 1707 1724 has
1740 1654 1911 1725 duas
1944 1680 2048 1750 res
2069 1711 2087 1743 ‚
2123 1655 2407 1752 quaestio
2436 1674 2558 1725 est.
2589 1655 2807 1725 Ante-

626 1833 649 1846 ,
723 1776 935 1865 quam
989 1794 1316 1867 comparo
1337 1826 1358 1859 ‚
1411 1767 1590 1840 illud
1639 1769 2056 1868 interrogare
2105 1770 2304 1861 volo,
2359 1769 2555 1869 cujus
2601 1794 2808 1842 causa

724 1881 1045 1980 scriptam
1086 1881 1312 1980 legem
1353 1908 1493 1954 esse
1530 1881 1775 1982 putas?
1806 1883 2126 1956 Dubitari
2162 1911 2304 1956 non
2340 1903 2599 1984 potest,
2633 1882 2809 1980 quin

723 1998 972 2095 scripta
1001 1998 1090 2069 sit
1121 1998 1183 2068 ei
1202 2055 1221 2088 ‚
1251 2024 1404 2096 quae
1431 1996 1850 2070 vindicanda
1876 2018 2012 2070 est:
2055 2024 2183 2070 nec
2211 1998 2383 2069 illud
2417 1998 2702 2098 quidem
2724 1998 2811 2084 ‚in

724 2109 1024 2181 dubium
1056 2112 1334 2200 venien
1365 2110 1704 2202 ultionem
1737 2111 2025 2210 quidem
2060 2112 2315 2184 harum
2354 2112 2653 2185 duarum
2698 2116 2814 2205 (ut

724 2224 819 2295 ita
840 2223 1225 2323 appellem)
1255 2251 1616 2323 poenarum
1637 2251 1780 2297 esse
1801 2225 1873 2295 in
1895 2247 2223 2325 potestate
2244 2226 2591 2325 exigentis,
2614 2226 2813 2317 Quid

728 2339 920 2411 enim
972 2339 1161 2412 aliud
1213 2338 1538 2438 cogitasse
1595 2338 2131 2438 legumlatorem
2181 2341 2559 2440 putamus?
2607 2342 2814 2415 illum

730 2452 1002 2551 utique,
1034 2453 1156 2550 qui
1182 2474 1609 2544 excaecasset,
1637 2454 1929 2526 credidit
1957 2482 2100 2527 esse
2130 2456 2608 2555 puniendum,
2639 2456 2814 2530 adeo

728 2590 805 2639 ut
833 2596 921 2641 ne
954 2568 1057 2640 illi
1088 2569 1375 2668 quidem
1412 2570 1579 2670 ipsi,
1611 2570 1735 2669 qui
1764 2571 2262 2662 vindicabatur,
2297 2570 2681 2672 permiserit
2709 2591 2814 2643 to-
2855 2637 2860 2642 .

727 2702 876 2753 tam
911 2682 1137 2780 legem
1179 2685 1539 2755 remittere.
1588 2684 1713 2755 Illa
1751 2685 1961 2784 igitur
1990 2687 2126 2757 fuit
2158 2686 2516 2786 cogitatio:
2555 2685 2814 2779 meruit

730 2796 1052 2896 quidem,
1089 2799 1211 2897 qui
1247 2799 1427 2871 eruit
1457 2800 1737 2892 oculos»,
1773 2822 1852 2873 ut
1886 2822 1952 2872 et
1987 2801 2131 2901 ipse
2171 2803 2451 2901 perdat:
2492 2802 2548 2873 si
2577 2822 2816 2874 tamen

731 2913 1051 2986 habuerit
1079 2914 1598 2988 misericordem
1615 2974 1635 3007 ,
1662 2917 1717 2989 si
1747 2917 2066 2990 inciderit
2087 2919 2159 2989 in
2186 2946 2383 3010 eum,
2414 2918 2534 3016 qui
2563 2917 2819 3016 aliqua-

732 3049 934 3100 tenus
970 3029 1248 3104 reddere
1283 3031 1394 3103 irae
1424 3059 1562 3104 suae
1593 3032 1978 3105 rationem²
2011 3055 2271 3133 posset,
2310 3035 2602 3133 gratiam
2639 3032 2822 3105 refe-

736 3164 858 3213 rat.
890 3144 1055 3216 Haec
1086 3165 1317 3243 postea
1348 3173 1362 3216 ε
1395 3145 1555 3244 eligi
1584 3173 1746 3245 ergo
1775 3149 1863 3219 ab
1893 3173 1974 3219 ea
2004 3174 2203 3248 poena
2231 3148 2473 3236 debet,
2500 3175 2652 3248 quae
2678 3173 2823 3248 gra-

734 3257 1086 3331 vissimam
1119 3259 1447 3362 injuriam
1487 3289 1685 3363 passa
1717 3284 1838 3362 est.
1875 3266 2051 3335 Puta
2086 3263 2270 3336 istud
2305 3291 2446 3337 esse
2475 3264 2823 3362 asperius,

739 3470 792 3522 11.
808 3489 880 3523 m.
896 3472 1112 3525 Senum.
1133 3477 1334 3530 Militia
1354 3477 1747 3553 (propuqnator
1820 3495 1923 3531 suoe
1959 3481 2228 3531 rationem.
2271 3481 2388 3532 Hoc
2427 3479 2496 3532 ad
2530 3481 2828 3533 misericor-

738 3553 878 3604 em'm
891 3552 1007 3624 ficit
1029 3554 1299 3626 civitatis.)
1324 3558 1500 3610 AErod.
1822 3558 1962 3611 diam
1983 3575 2094 3612 non
2115 3560 2340 3612 sufficit:
2361 3579 2486 3612 nam
2508 3560 2610 3612 hoc
2630 3563 2755 3611 casii
2772 3573 2830 3611 et

816 3647 860 3683 1.
900 3631 1182 3685 Fortunam
1218 3634 1358 3688 illud
1381 3651 1627 3708 putamus
1651 3635 1743 3710 fe-
1823 3642 2190 3694 immisericors
2205 3644 2290 3694 irae
2306 3661 2410 3696 suae
2429 3644 2684 3693 rationem
2705 3638 2830 3692 red-

739 3710 872 3763 ct'sse.
895 3713 1126 3779 Forsan,
1134 3714 1363 3785 fortuna
1381 3716 1579 3769 elatum
1595 3730 1749 3789 puta-
1825 3717 1949 3771 dere
1977 3732 2172 3792 potest.
2201 3722 2337 3791 Lege
2363 3722 2571 3790 potius:
2603 3722 2698 3793 qui
2729 3718 2833 3770 ata·-

739 3809 855 3842 mus
872 3792 1074 3863 fecisse.
1098 3794 1261 3846 Gnou.
1287 3795 1583 3850 Fortuitum
1613 3798 1747 3851 illud
1825 3812 2074 3873 quatenus
2097 3812 2376 3873 temperare
2399 3803 2486 3855 ἱνα*
2507 3818 2610 3852 suoe
2636 3800 2835 3854 ratione

729 3868 911 3938 fuisse.
934 3870 1150 3925 Senum.
1179 3873 1280 3927 Sed
1300 3894 1399 3927 cur
1418 3895 1553 3943 non,
1571 3877 1744 3948 fortu-
1821 3891 2003 3958 posset.
2025 3880 2152 3932 Vel:
2180 3896 2406 3932 coercere
2429 3878 2560 3930 iram
2583 3897 2728 3932 suam
2750 3896 2835 3928 ru-

741 3967 863 4000 nam
886 3948 1307 4024 illudfm'sse?-—
1329 3955 1611 4009 Ultionem.
1633 3961 1743 4024 An,
1823 3963 1983 4014 tione.
2018 3962 2186 4015 Gnou.
2212 3991 2280 4001 --
2306 3960 2563 4013 Gratiam.
2599 3963 2679 4012 An
2696 3997 2713 4026 ‚
2746 3975 2835 4010 ve-

740 4027 1076 4082 electionem?
1097 4031 1313 4086 Senum.
1344 4034 1621 4106 optionem
1648 4039 1746 4089 La·
1819 4041 2014 4092 niam?
2035 4043 2105 4092 ita
2140 4041 2273 4092 bona
2302 4040 2508 4113 qratia,
2537 4054 2700 4111 pace,
2731 4052 2832 4109 pro

688 4123 703 4134 ⁸
743 4108 902 4158 tinius
926 4126 977 4161 et
1001 4110 1319 4166 Obrechtus.
1826 4122 2014 4175 iisdem
2029 4159 2046 4187 ‚
2072 4136 2125 4174 et
2149 4121 2315 4173 venia.
2341 4122 2477 4172 Dein
2498 4141 2510 4171 z
2542 4118 2649 4171 hoec
2669 4125 2836 4190 'potest

817 4201 864 4240 a.
908 4189 1011 4258 Qui
1049 4191 1381 4263 aliquatenus
1416 4198 1620 4250 reddere
1659 4200 1748 4251 iroe
1826 4197 1952 4273 eligi
1974 4221 2018 4255 e.
2045 4222 2095 4252 a.
2121 4221 2166 4253 e.
2188 4220 2246 4271 p.
2272 4211 2324 4253 et
2346 4200 2524 4266 debet,
2543 4217 2592 4274 q.
2615 4198 2833 4250 Senum
