3200 5117
799 558 1628 630 DECLAMATIONES.
1676 560 2046 626 CCCXXI.
2341 565 2466 652 295

387 689 474 763 ad
504 687 699 762 illam
732 688 1063 760 innocens
1096 712 1364 759 venero.
1398 684 1751 777 Quaeritur
1781 712 1979 784 ergo,
2003 687 2312 788 judiceS,
2345 714 2469 760 ve-

387 801 808 903 nenum'ego
829 802 1021 875 fratri
1046 800 1388 891 dederim,
1419 825 1509 872 an
1536 801 1660 871 iste
1684 799 1951 872 alieno:
1981 828 2124 873 non
2149 830 2263 875 me
2292 802 2475 899 fugit

386 946 645 992 nomen
666 977 685 1010 ,
712 945 851 1018 quo
875 917 1113 1007 utitur,
1140 916 1440 988 amicus:
1479 934 1548 987 et
1569 940 1740 1013 rogo
1770 914 1988 987 sciatis
2006 969 2025 1002 ‚
2047 917 2354 1017 judices,
2385 916 2472 988 de

385 1036 517 1107 hoc
561 1039 708 1135 ipso
751 1033 963 1133 quaeri
1017 1032 1262 1122 hodie,
1308 1059 1399 1103 an
1448 1031 1715 1103 amicus
1759 1030 1991 1102 fuerit.
2049 1032 2211 1103 Sine
2255 1033 2472 1105 dubio

389 1151 659 1224 etiamsi
696 1149 1273 1246 certantriusque
1306 1148 1614 1222 nominis
1650 1148 1823 1221 fides
1860 1168 2070 1235 esset,
2109 1149 2473 1222 neminem

388 1286 686 1338 vestrum
725 1265 1105 1365 praeteriret
1125 1321 1144 1354 ,
1180 1268 1528 1362 quantum
1577 1264 1877 1363 praeferri
1916 1264 2203 1336 fratrem
2252 1265 2477 1335 amico

388 1403 767 1482 oporteret:
797 1408 963 1454 nam
992 1407 1147 1480 quae
1174 1399 1395 1478 potest
1421 1379 1731 1450 amicitia
1757 1406 1899 1452 esse
1923 1401 2069 1452 tam
2101 1379 2301 1468 felix,
2326 1405 2478 1476 qnae

388 1497 699 1570 imitetur
727 1493 1276 1570 fraternitatem?
1309 1514 1487 1564 certe
1520 1493 1788 1590 quoties
1820 1492 2124 1566 blandiri
2154 1494 2479 1566 volumus

387 1612 532 1703 his,
568 1613 691 1712 qui
727 1639 871 1684 esse
909 1610 1114 1684 amici
1154 1609 1508 1698 videntur,
1539 1607 1737 1682 nulla
1768 1608 2073 1681 adulatio
2108 1612 2479 1709 procedere

390 1727 572 1799 ultra
619 1727 753 1800 hoc
800 1752 1058 1799 nomen
1080 1739 1096 1768 ¹
1149 1743 1407 1824 potest,
1454 1748 1668 1821 quarn
1710 1743 1787 1795 ut
1827 1723 2066 1796 fratres
2110 1751 2474 1797 vocemus:

388 1842 569 1913 adeo·
600 1842 802 1912 inane
840 1839 1055 1912 etiam
1099 1863 1360 1909 nomen
1386 1893 1405 1927 ,
1450 1857 1518 1909 et
1565 1838 1819 1909 umbra
1857 1836 2176 1936 quaedam
2217 1859 2477 1911 naturae

387 1955 691 2044 videtur,
724 1952 948 2027 simile
984 1952 1296 2024 amicitiae
1333 1978 1589 2024 nomen
1628 1952 2008 2049 imponere.
2040 1953 2290 2043 Quum
2321 1978 2479 2025 vero

391 2095 504 2140 me
534 2071 813 2140 fratrem
849 2088 1116 2141 constet
1147 2091 1324 2157 esse,
1365 2071 1424 2139 si
1448 2093 1834 2156 venenum,
1868 2087 1945 2137 ut
1970 2066 2316 2164 probabo,
2353 2065 2479 2139 de-

390 2184 494 2256 dit
514 2239 541 2273 ,.
576 2185 844 2257 amicus
888 2186 1133 2283 utique
1174 2210 1317 2255 non
1363 2182 1595 2255 fuerit.
1649 2184 1827 2273 Quae
1870 2181 2293 2280 comparatio
2337 2208 2479 2256 esse

392 2321 840 2398 personarum
867 2298 1126 2399 potest?
1156 2323 1235 2370 ac
1264 2299 1322 2369 si
1354 2319 1628 2370 tantum
1662 2297 1749 2369 de
1773 2324 2011 2370 amore
2039 2318 2478 2396 quaereretur,

380 2413 690 2514 judiceS,
740 2413 1044 2487 multum
1086 2433 1335 2486 natura
1377 2412 1724 2485 vinceret:
1767 2438 1959 2484 nunc
2006 2412 2165 2511 plus
2206 2432 2306 2484 est
2346 2413 2478 2485 ali-

390 2539 690 2626 quanto,
738 2530 826 2601 de
866 2556 1007 2628 q=uo
1046 2528 1236 2628 apud
1267 2555 1383 2600 vos
1422 2528 1691 2627 agitur:
1735 2527 2065 2627 quaeritur
2105 2527 2299 2600 enirn
2322 2584 2341 2618 ,
2388 2555 2477 2601 an

386 2670 515 2744 ego
544 2647 824 2717 fratrem
852 2645 1198 2743 potuerim
1230 2643 1578 2717 occidere?
1608 2668 1771 2741 crgo
1804 2642 1984 2715 inter
2014 2640 2474 2715 homicidium

389 2777 453 2829 et
486 2757 927 2857 parricidium
963 2758 1381 2855 cognoscitis.
1411 2757 1749 2831 Nondum
1784 2756 1868 2829 de
1907 2783 2199 2857 persona
2230 2756 2479 2856 loquor

392 2872 784 2970 utriusque,
820 2899 969 2944 non
1000 2874 1084 2944 de
1118 2898 1362 2945 causa:
1393 2872 1676 2945 interim
1703 2873 1970 2971 quaero,
1991 2871 2263 2973 judices
2287 2929 2307 2963 ,
2342 2872 2474 2944 utri

392 2986 564 3084 parti
590 2987 903 3078 faveatiS,
934 3007 1171 3059 utrum
1198 3014 1444 3060 verum
1475 3014 1615 3059 esse
1648 3015 1788 3086 pro
1808 2988 2079 3060 civitate
2098 3044 2117 3077 ,
2153 3013 2278 3087 pro
2307 3008 2482 3060 tcm-

390 3102 676 3200 poribus
698 3104 937 3177 velitis.
972 3104 1355 3200 Equidem,
1391 3102 1704 3204 judiceS,
1743 3103 2068 3175 admirari
2106 3129 2220 3175 me
2254 3104 2476 3176 confi-

396 3237 563 3308 teor,
589 3239 709 3290 aut
735 3218 1132 3290 constitutas
1165 3244 1306 3289 esse
1334 3217 1422 3289 de
1449 3218 1656 3289 tantis
1681 3218 2047 3290 sceleribus
2070 3216 2258 3315 leges
2273 3231 2326 3309 ²,
2358 3239 2478 3292 aut

390 3332 568 3405 ullos
599 3332 892 3406 inveniri
925 3332 1223 3432 potuisse
1256 3332 1695 3423 mortalium,
1739 3333 1813 3404 in
1847 3359 2023 3433 qnos
2057 3330 2324 3406 caderet
2355 3334 2480 3406 ista

385 3448 706 3549 suspicio.
751 3451 1060 3522 Fratrem
1107 3474 1317 3520 suum
1363 3447 1592 3548 potuit
1634 3447 1883 3548 aliquis
1929 3448 2285 3521 occidere?
2330 3476 2474 3522 non

465 3651 509 3686 ι.
533 3633 684 3687 Ultra
709 3633 806 3688 hoc
829 3654 1035 3689 nomen.
1061 3635 1178 3690 Hoc
1201 3653 1390 3688 nomen
1543 3653 1595 3688 2.
1632 3633 1909 3689 sceleribus
1942 3638 2097 3689 ematis
2133 3637 2280 3710 leyen.
2319 3638 2476 3708 Leqes

392 3713 574 3767 deesse
615 3729 831 3787 posset,
875 3733 1040 3790 quum
1080 3719 1271 3789 sapius
1308 3735 1393 3769 re-
1471 3733 1573 3768 esse
1599 3714 1910 3768 constitutas.
1941 3714 2215 3782 Solonem,
2251 3715 2341 3784 qni
2365 3728 2472 3764 tem

387 3804 617 3865 petatur.
644 3793 863 3847 Senum.
888 3824 958 3836 --
989 3796 1060 3848 Ut
1079 3795 1274 3866 fratres
1297 3813 1390 3847 vo-
1469 3793 1746 3864 praeelarae
1783 3805 1836 3844 et
1868 3792 2053 3860 utiles,
2086 3794 2223 3846 sicut
2261 3792 2472 3861 scripsit

386 3889 574 3924 cemus.
615 3872 750 3927 Vide
795 3873 1006 3927 Her-ald.
1054 3874 1122 3925 ad
1166 3873 1386 3925 Tertuu.
1470 3874 1648 3926 Valer.
1670 3875 1880 3926 Maxim.
1904 3872 2044 3944 leges
2065 3870 2471 3926 Atheniensibus

386 3950 611 4024 Apolog.
638 3973 760 4026 pag.
790 3953 1193 4009 nem—Simile
1213 3956 1392 4007 amici-
1470 3951 1742 4018 condidit,
1770 3950 1944 4006 nullas
1980 3950 2226 4003 adversus
2255 3949 2471 4021 parrici-

387 4031 474 4083 tioe
506 4047 714 4083 nomen.
748 4034 865 4100 An,
895 4032 1115 4087 similem
1147 4031 1390 4083 amicitiae
1471 4031 1620 4084 dium
1649 4048 1835 4102 poenaa
1867 4031 2155 4083 instituisse
2178 4028 2260 4082 vel
2284 4030 2470 4080 tironi-

385 4115 730 4166 necessitatm
764 4113 882 4184 (vel
914 4113 1193 4184 noueram)
1221 4113 1391 4185 impo-
1469 4111 1570 4163 bne
1594 4122 1779 4163 notum
1802 4121 1906 4175 est,
1926 4107 2068 4180 qnod
2093 4121 2298 4162 tantum
2320 4109 2469 4161 nefas

384 4209 522 4244 nere.
548 4192 769 4246 Senum.
788 4222 860 4232 —
878 4193 1119 4257 Iudices,
1143 4191 1386 4245 multum,
1467 4192 1524 4242 in
1556 4201 1787 4242 mentem
1817 4188 2102 4241 humanam
2139 4187 2330 4242 cadere
2361 4205 2467 4240 non

388 4271 816 4346 Aliidudieioem.
840 4275 990 4326 Ριτιι.
1470 4290 1631 4344 posse
1653 4269 2022 4328 arbitrabatur.
2047 4270 2140 4322 En.
