3200 5117
792 555 1630 627 DECLAMATIONES.
1676 558 2055 626 cccxxl.
2351 582 2459 652 ιρι

380 711 645 788 pauper
688 709 999 784 pugnare
1043 682 1270 754 filium
1311 708 1522 753 suum
1565 707 1710 753 non
1745 703 1947 755 vetat.
1985 657 2355 774 Quantum
2394 705 2469 756 tu

383 801 622 904 adjicis
651 800 752 871 illi
785 797 1044 888 animi,
1075 796 1264 895 quod
1294 795 1538 868 times?
1573 795 1693 869 sed
1721 796 2005 869 forsitan
2040 819 2107 870 et
2133 798 2473 873 incautio-

384 944 529 990 rem
574 915 777 988 illum
821 913 1024 986 faciat
1065 912 1207 984 haec
1250 912 1399 1012 ipsa
1439 912 1723 985 fiducia.
1774 911 1958 984 Illud
2000 914 2178 1005 scio,
2221 916 2475 988 favebit

384 1034 728 1136 pugnanti
755 1031 929 1104 mihi
951 1030 1282 1131 populus:
1307 1030 1449 1103 scio
1468 1030 1816 1119 futurum,
1839 1049 1914 1101 ut
1936 1030 2032 1102 dii
2054 1030 2473 1107 immortales

386 1169 564 1222 stent
587 1176 714 1249 pro
743 1173 901 1220 mea
930 1166 1116 1247 parte
1147 1172 1164 1218 z
1202 1172 1343 1217 non
1374 1145 1562 1218 solus
1589 1144 1767 1217 mihi
1797 1164 1974 1216 stare
1997 1145 2278 1218 videbor
2305 1176 2320 1219 ε
2352 1148 2477 1220 ha-

384 1267 566 1340 bebo
609 1266 681 1337 in
725 1262 1135 1338 commilitio
1175 1265 1467 1335 fratrum
1509 1288 1834 1338 meorum
1875 1262 2187 1334 animas:
2223 1264 2278 1334 si
2306 1264 2474 1362 quid

388 1402 488 1454 est
516 1383 591 1454 in
615 1381 852 1454 animo
876 1378 1225 1481 praesagii,
1264 1378 1319 1452 si
1357 1376 1533 1477 quid
1565 1377 1642 1448 in
1673 1397 1906 1448 mente
1935 1377 2082 1479 ipsa
2109 1377 2291 1477 spei,
2322 1405 2477 1449 con-

387 1498 566 1597 cipio
591 1497 988 1571 victoriam:
1039 1522 1268 1595 neque
1316 1492 1602 1566 aliunde
1645 1492 1791 1566 haec
1832 1493 2211 1592 pertinacia
2249 1494 2475 1566 venit:

387 1639 533 1684 non
558 1612 883 1711 precibus
912 1611 1083 1701 ωἰε,
1113 1636 1256 1682 non
1287 1608 1498 1680 minis
1522 1627 1800 1680 terreor.
1828 1607 2113 1709 Alioqui
2137 1608 2310 1708 quid
2334 1609 2478 1709 agis

386 1726 776 1800 abdicando
819 1753 972 1816 me,
1022 1724 1154 1796 nisi
1198 1745 1279 1796 ut
1321 1750 1467 1795 non
1514 1750 1831 1822 pugnem
1868 1722 2206 1796 incolumi
2244 1749 2473 1797 rerum

383 1871 709 1916 mearum
748 1840 971 1915 statu?
1017 1840 1329 1939 cogitabo
1371 1840 1456 1912 de
1488 1839 1803 1931 victoria,
1852 1839 2170 1939 cogitabo
2212 1839 2296 1912 de
2328 1840 2477 1912 vin-

384 1958 608 2030 dicta:
651 1956 896 2029 sivero
925 1980 1089 2027 cum
1122 1953 1253 2026 hac
1290 1980 1406 2028 me
1439 1954 1727 2027 infamia
1756 1954 2080 2045 dimittis,
2103 1955 2257 2056 jam
2286 1983 2475 2029 nunc

380 2072 546 2144 dico
565 2128 584 2159 ‚
617 2095 813 2142 arma
845 2067 1218 2141 dimittam.

375 2330 2473 2354 mmmmmmmmm

1150 2532 1699 2610 CCLXXII.

1099 2762 1357 2838 Orbata
1385 2765 1752 2866 proditrix.

383 2958 507 3036 Qm
535 2979 813 3020 consum
837 2979 1096 3021 rumen
1117 2979 1542 3023 nuncianum·
1558 2974 1603 3038 ¹,
1626 2983 1843 3024 cart-rt
1866 2981 2201 3024 rma-run.
2225 2960 2318 3021 Ad
2346 2960 2466 3021 col-

460 3055 780 3137 ligendum
816 3055 933 3117 filii
973 3078 1200 3139 corpus
1236 3072 1418 3119 nocte
1452 3061 1742 3142 processit
1773 3073 1998 3120 mater:
2028 3056 2468 3141 comprehensa

465 3153 540 3211 ab
567 3152 882 3230 hostibus,
910 3169 969 3215 et
999 3168 1200 3232 torta,
1234 3155 1530 3218 indicavit
1564 3157 1795 3218 auxilia
1825 3158 2068 3218 venire:
2104 3158 2328 3239 quibus
2357 3177 2467 3240 op·

467 3254 711 3329 pressis,
746 3252 823 3312 de
863 3252 1128 3313 vinculis
1167 3252 1424 3335 effugit,
1465 3266 1527 3313 et
1564 3253 1888 3314 nunciavit
1931 3252 2290 3313 cuniculum
2331 3255 2465 3336 agi:

466 3350 763 3428 oppressis
785 3349 1064 3412 hostibus
1079 3395 1099 3428 ,
1130 3373 1231 3413 rea
1263 3364 1353 3412 est
1382 3351 1553 3434 quod
1581 3351 1840 3414 consilia
1868 3350 2114 3434 publica
2135 3353 2466 3414 nunciave-

464 3443 561 3503 rit.
595 3445 665 3505 C.
688 3447 765 3506 D.

1241 3566 1606 3634 SERMO.

464 3704 692 3770 Potior
710 3706 780 3770 in
808 3706 933 3772 bac
956 3729 1149 3774 causa
1172 3709 1620 3775 controversia
1638 3758 1655 3787 ‚
1685 3732 1884 3799 quam
1905 3710 1986 3776 lis
2010 3727 2127 3775 est.
2154 3711 2265 3773 Lis
2290 3707 2468 3772 enim

382 3808 550 3872 circa
572 3833 780 3876 unum
807 3812 1055 3878 factum
1083 3832 1415 3882 versatur:
1451 3816 1519 3881 in
1550 3837 1680 3906 qua
1712 3814 1837 3879 illae
1863 3832 2017 3881 sunt
2039 3815 2467 3905 quaestiones‚

455 3965 501 4000 1.
523 3950 628 4020 Qui
642 3950 858 4007 consilia
872 3951 1084 4025 publica
1104 3957 1385 4008 nunoe’aeve-
1464 3972 1592 4008 nov.
1625 3954 1697 4007 ad
1728 3954 1839 4007 Liv.
1876 3954 1975 4019 IX,
2010 3954 2088 4006 16.
2123 3952 2206 4005 sic
2232 3951 2468 4005 lustinus

376 4031 462 4080 rie.
488 4029 627 4102 Lege
648 4043 699 4082 et
720 4030 810 4084 hic
835 4046 889 4085 et
911 4049 1063 4099 mox,
1082 4034 1387 4086 enuncians-
1474 4055 1497 4080 ιι
1517 4034 1800 4086 enunciare
1839 4032 2110 4083 initiorum
2146 4048 2291 4084 sacra
2310 4052 2325 4082 ε
2351 4053 2373 4077 ¹·
2418 4045 2469 4082 et

374 4105 459 4158 n‘t.
508 4107 740 4162 Gnonov.
790 4112 857 4163 Et
902 4113 976 4163 ita
1028 4109 1385 4184 Schultingiua
1466 4111 1636 4165 Cicer.
1671 4110 1737 4163 de
1768 4110 1920 4163 Orat.
1956 4111 2009 4176 1,
2042 4108 2141 4179 47:
2183 4131 2206 4156 ει
2224 4110 2470 4183 Mysten-ia

373 4203 705 4243 correxerat:
741 4204 915 4245 rectez
950 4190 1055 4244 hoc
1086 4193 1227 4244 enim
1262 4211 1388 4265 pro-
1472 4194 1829 4246 -enunciarez
1850 4214 1874 4239 ι
1917 4204 1970 4246 et
2011 4191 2085 4243 ita
2125 4192 2320 4264 passim
2361 4190 2466 4246 alii.

372 4271 547 4339 prium
566 4272 624 4325 in
643 4271 749 4326 hac
764 4291 822 4326 re
838 4273 1062 4328 verbum
1081 4273 1236 4328 :vide
1253 4273 1387 4328 Gro·
1465 4274 1633 4326 Bona.
