3200 5117
757 521 882 588 262
1259 522 1352 585 M.
1401 520 1654 618 FABrt
1699 519 2344 603 QUINTILIANI

750 665 991 715 tamen
1024 642 1135 716 lex
1159 642 1401 715 voluit.
1426 645 1769 732 Transeo,
1799 641 1990 742 quod
2022 641 2500 742 perniciosum
2532 638 2624 716 sit
2645 642 2851 715 inter-

752 756 1007 864 pretari
1050 758 1316 858 legem,
1371 778 1439 831 et
1482 758 1570 830 ad
1617 756 1898 857 ingenia
1938 757 2299 857 utriusque
2346 756 2727 830 converti¹t
2776 758 2852 842 id

754 873 945 972 quod
976 873 1307 982 scriptum
1340 893 1474 966 est,
1502 900 1591 946 ne
1623 873 2077 964 dubitaretur,
2113 873 2414 945 dubium
2443 872 2630 962 fieri,
2661 895 2850 973 post-

755 1016 970 1089 quam
1012 987 1349 1089 scriptum
1388 1009 1509 1062 est.
1546 989 1914 1062 Descendo
1944 988 2034 1062 ad
2071 987 2258 1062 hanc
2291 1015 2572 1089 quoque
2607 989 2849 1061 interl-.-

752 1101 1017 1176 tionem
1060 1132 1074 1174 ε
1121 1130 1270 1177 ιιοιι
1316 1104 1484 1206 quia
1529 1131 1809 1178 necesse
1860 1125 1996 1195 est,
2038 1130 2169 1178 nec
2214 1103 2380 1206 quia
2418 1104 2508 1177 ad
2551 1125 2848 1176 vestram

753 1216 1169 1318 religionem
1202 1219 1537 1351 pertinet,
1586 1246 1716 1291 nec
1760 1219 1927 1319 quia
1964 1218 2164 1292 solvit
2203 1218 2333 1296 ista
2365 1245 2469 1291 res
2500 1219 2850 1321 jusjuran-

752 1331 974 1408 dum:
1012 1333 1134 1406 sed
1146 1334 1331 1433 quia
1361 1333 1597 1407 victori
1633 1334 2121 1438 obtinentique
2159 1360 2444 1406 causam
2474 1334 2684 1408 facile
2713 1355 2849 1425 est,

752 1467 820 1519 et
841 1445 1049 1518 debet
1067 1445 1425 1549 disputari.
1443 1447 1657 1522 Recte
1681 1449 1844 1522 fecit
1864 1447 2302 1549 legumlator,
2324 1448 2448 1550 qui
2470 1448 2565 1521 ita
2582 1449 2851 1552 scripsit

752 1561 1019 1659 legem,
1069 1582 1146 1633 ut
1191 1589 1335 1635 non
1378 1563 1814 1663 puniretur2,
1860 1564 1915 1636 si
1961 1562 2543 1636 condemnasset:
2595 1561 2849 1662 quare?

755 1675 984 1748 noluit
1014 1698 1481 1752 accusatorem
1515 1705 1659 1750 esse
1688 1676 2294 1768 calumniatorem,
2299 1675 2554 1788 noluit
2574 1703 2850 1750 accusa-

757 1812 976 1864 torem
1019 1790 1180 1870 dare
1226 1755 1496 1894 aliquid
1530 1791 1727 1866 odio:
1773 1793 2036 1892 alioqui
2083 1794 2379 1884 scimus,
2427 1792 2655 1866 multa
2693 1821 2851 1868 vera

758 1908 1049 2009 quidem
1075 1937 1218 1982 non
1243 1938 1421 2003 esse,
1448 1909 1812 1983 credibilia
1832 1932 2068 1983 tamen
2095 1937 2257 1982 esse.
2280 1885 2652 1982 Accusator
2678 1910 2850 2010 quid

755 2023 962 2097 debet
995 2024 1167 2096 tibi?
1203 2046 1282 2098 ut
1308 2054 1471 2098 eum
1508 2025 1804 2117 deferat,
1842 2024 2168 2098 adversus
2197 2052 2412 2125 quem
2440 2047 2854 2126 argumenta

755 2137 1039 2228 habeat3
1066 2138 1388 2213 adversus
1414 2168 1626 2241 quern
1652 2160 1852 2213 testes
1876 2140 2129 2214 habeat
2143 2171 2163 2231 3
2191 2138 2458 2238 alioqui
2483 2163 2851 2216 nocentem

758 2281 848 2326 an
878 2251 1325 2333 innocentem
1359 2254 1480 2356 qui
1517 2255 1684 2342 scit?
1715 2254 1853 2360 Ipsi
1882 2255 2155 2357 judices
2189 2254 2324 2327 hoc
2357 2281 2502 2328 non
2532 2283 2852 2355 pronun-

760 2369 950 2441 ciant
977 2397 992 2441 :
1029 2371 1149 2476 sed
1181 2398 1254 2444 se
1284 2399 1364 2443 ex
1393 2369 1615 2478 animi
1641 2372 1747 2446 sui
1777 2370 2113 2445 sententia
2144 2372 2371 2446 facere
2404 2372 2849 2472 profitentur:

761 2483 918 2584 quis
942 2505 1178 2558 autem
1207 2486 1525 2579 miratur,
1555 2486 1613 2560 si
1644 2514 1724 2559 ea
1748 2512 1853 2558 res
1876 2507 2346 2562 accusatorem
2370 2484 2672 2588 decepit,
2699 2513 2852 2587 quae

760 2598 1076 2700 decipere
1103 2600 1377 2702 judices
1410 2599 1676 2701 potuit?
1706 2605 2078 2688 Accusator
2103 2630 2330 2703 quum
2365 2601 2437 2674 id
2470 2601 2733 2692 effecit,
2767 2622 2850 2676 ut

759 2741 917 2787 reus
953 2713 1396 2788 damnandus
1427 2712 1808 2810 videretur,
1848 2717 2150 2792 reddidit
2188 2716 2523 2790 rationem
2563 2741 2849 2788 accusa-

761 2829 970 2903 tionis
1000 2857 1015 2901 :
1052 2828 1293 2920 nullus
1322 2851 1559 2903 autem
1597 2853 1743 2904 tam
1777 2832 2106 2907 inimicus
2145 2829 2531 2938 legislator³
2564 2832 2734 2930 fuit,
2767 2852 2856 2905 ut

759 2977 1081 3050 permittunt
1112 2978 1233 3049 jura
1253 3014 1271 3043 ‚
1313 2991 1379 3037 ιιι,
1415 2978 1586 3050 possit
1625 2977 1774 3046 darn-
1856 2971 2182 3052 irisjnrandi
2194 2978 2370 3031 fidem.
2389 3001 2412 3026 ιι
2428 2976 2718 3048 Deinde7aet
2729 2978 2857 3049 quia

759 3060 879 3110 nari
898 3076 1048 3126 reus,
1068 3077 1135 3111 ne
1158 3072 1386 3131 utraque
1406 3078 1530 3131 pars
1554 3057 1772 3113 damne·
1850 3079 1899 3110 v.
1921 3078 1969 3111 ο.
1995 3078 2039 3110 c.
2058 3058 2112 3129 f.
2135 3077 2209 3123 e.,
2230 3075 2398 3129 quum
2420 3056 2571 3108 debet
2589 3055 2853 3128 disputari.

762 3150 873 3190 tur:
895 3135 1066 3192 multo
1091 3139 1263 3191 minus
1290 3156 1455 3209 quum
1472 3157 1594 3191 reus
1622 3137 1772 3190 dam-

762 3232 918 3270 natus
951 3219 1047 3284 sit,
1079 3220 1275 3291 poterit
1308 3218 1501 3272 deindo
1531 3215 1783 3296 damnari*

762 3307 816 3346 et
836 3310 1138 3362 accusator,
1161 3300 1252 3369 qui
1275 3297 1473 3350 caedem
1494 3297 1604 3350 ιἰοιι
1630 3318 1774 3351 com·

764 3374 920 3425 misit.
936 3404 1009 3416 —-
1025 3375 1095 3427 Ut
1106 3375 1399 3434 damnatus.
1417 3376 1642 3430 Deletut
1655 3378 1768 3454 Bip.

839 3454 1213 3532 1.Adm9enia
1236 3461 1505 3534 utriusque
1522 3462 1770 3514 converti.

765 3532 1037 3587 AErodius·
1073 3535 1144 3585 ad
1176 3536 1385 3614 ingenia
1422 3557 1784 3614 ‹nyuscunque¹

763 3613 1010 3666 converti.
1044 3613 1271 3680 Forsan,
1298 3613 1411 3666 ad'
1391 3615 1604 3690 ungenta
1631 3611 1786 3670 ludi-n

764 3693 976 3766 briaque
996 3694 1242 3747 converti.
1261 3693 1428 3747 Gnou.
1442 3695 1598 3748 —Id
1612 3694 1768 3769 quod.

764 3771 838 3829 Et
860 3773 919 3830 id
937 3771 1106 3849 quod,
1128 3773 1308 3828 AErod.
1331 3806 1403 3816 —
1420 3775 1681 3834 Descendo
1705 3775 1777 3829 ad

767 3851 905 3910 hanc
936 3872 1142 3930 quoque
1177 3855 1537 3914 intentionem.
1576 3858 1734 3914 Forte
1753 3892 1771 3922 ‚

764 3937 1165 3992 contentionem.
1208 3937 1320 3994 Etsi
1357 3951 1483 3990 nota
1524 3938 1593 3992 sit
1630 3935 1774 4011 apud

765 4015 1004 4072 rhetores
1022 4016 1242 4070 intentio
1253 4018 1591 4072 accusatoris.
1602 4016 1770 4070 cmx«.

767 4091 899 4159 Alii,
921 4095 1418 4172 interpretationem.
1434 4096 1632 4168 —Nec
1648 4094 1776 4171 quia

768 4171 938 4228 solvit.
952 4171 1056 4230 Sed
1064 4177 1193 4249 quia
1204 4174 1435 4248 suble-ont
1448 4177 1542 4230 ista
1562 4175 1773 4248 resjusj.

771 4266 830 4306 ut
834 4239 1043 4330 phaedr.
1055 4257 1143 4328 111,
1160 4255 1776 4329 1o‚4n:«AdJuva1-et‚u

1851 3138 2070 3190 Senum.
2087 3165 2157 3176 —
2170 3135 2348 3188 Facile
2367 3147 2440 3189 est
2458 3147 2509 3188 et
2527 3136 2673 3190 debet
2693 3136 2857 3209 dispu-

1851 3216 1968 3269 ται-ι’.
1994 3214 2201 3270 Scribe:
2217 3212 2391 3287 facile
2416 3226 2491 3268 est
2520 3213 2584 3265 de
2615 3213 2728 3292 lege
2757 3214 2859 3268 dis-

1846 3310 2051 3371 putare.
2077 3298 2261 3350 AEnon.

1924 3398 1977 3432 α.
2006 3379 2074 3431 Ut
2093 3397 2199 3432 non
2214 3375 2503 3451 puniretur.
2528 3376 2598 3428 Ut
2615 3393 2721 3432 non
2744 3376 2785 3429 is
2797 3395 2853 3448 p.

1849 3456 2031 3510 AErod.
2066 3455 2149 3508 Al.
2189 3466 2249 3508 ut
2281 3454 2493 3507 demum
2527 3473 2583 3527 p.
2622 3455 2717 3529 qui
2750 3472 2856 3510 non

1851 3536 1991 3589 dam.
2006 3564 2080 3575 —
2095 3534 2232 3590 Vera
2246 3533 2474 3607 quidem.
2499 3532 2856 3607 quuidam

1851 3633 1959 3671 non
1987 3633 2087 3669 esse
2113 3612 2378 3680 credibilia
2394 3635 2409 3663 .-
2442 3625 2616 3666 tamen
2641 3631 2744 3672 esse,
2765 3628 2858 3664 ac-

1851 3706 2058 3750 cusator
2070 3695 2217 3750 debet
2234 3696 2331 3769 qui
2345 3694 2438 3750 tibi
2452 3693 2536 3746 vel
2547 3715 2593 3750 a.
2608 3694 2661 3746 d.
2678 3692 2858 3747 AErod.

1850 3773 2206 3828 —Accusator
2215 3773 2344 3848 quid
2352 3771 2496 3825 debet
2507 3772 2603 3824 tibi
2610 3773 2636 3823 Ρ
2648 3783 2708 3824 ut
2721 3789 2857 3824 eum.

1852 3857 2124 3910 AErodius:
2155 3857 2354 3910 Tamen
2376 3873 2476 3920 esse
2492 3852 2860 3926 accusatos-‘de-

1852 3936 1933 3989 bet
1955 3938 2050 4009 qui
2075 3935 2170 3989 tibi
2192 3932 2278 3986 vel
2297 3951 2432 3986 eum.
2456 3933 2669 3986 Potius,
2657 3953 2669 3965 ·
2691 3929 2857 3982 Accu-

1850 4028 1992 4072 sator
2010 4015 2140 4088 quid
2160 4014 2306 4067 debet
2325 4009 2621 4083 reipublicoe
2633 4011 2659 4061 Ρ
2680 4023 2856 4061 venam

1853 4094 2068 4165 deferat.
2089 4094 2254 4146 Grion.
2277 4092 2389 4158 An,
2414 4091 2560 4144 debet
2577 4088 2737 4154 mihi,
2759 4105 2857 4150 ιιι,

1854 4175 2032 4243 debet,
2057 4177 2159 4234 nisi
2182 4170 2721 4228 uteum.‹1.Scmn.r.

1923 4253 1974 4305 3.
2009 4252 2139 4306 Tam
2170 4247 2860 4324 inimiciuleyislator.1m-
