3200 5117
768 523 1633 593 DECLAMATIONES.·
1667 511 2002 592 CCLxx.
2317 548 2432 591 ιιι

329 656 514 720 vires
548 652 855 718 habeant.
891 649 1227 715 Finiamus
1258 669 1417 737 ergo
1452 668 1724 714 necesse
1760 667 1891 730 est,
1919 647 2085 742 quid
2112 651 2197 716 sit
2230 665 2438 714 CAUSA

332 780 623 828 nonus:
655 776 792 825 tota
815 757 995 823 enim
1023 755 1137 833 lis,
1169 773 1237 821 et
1263 777 1463 821 omne
1493 753 1847 821 discrimen
1877 759 2346 824 controversiae
2373 758 2448 822 in

333 864 471 931 hoc
489 866 781 955 positum
813 877 932 928 est.
968 863 1136 927 Nam
1169 860 1224 926 si
1256 857 1340 924 ad
1375 857 1749 924 finitionem
1783 862 1986 948 partis
2019 861 2314 929 adversae
2344 884 2452 927 ao-

338 971 682 1051 cedimus,
716 986 792 1035 ut
828 990 1023 1033 causa
1049 965 1281 1031 mortis
1310 966 1429 1044 sit,
1466 966 1583 1056 qui
1620 965 1914 1031 attulerit
1950 989 2213 1034 causam
2250 970 2448 1035 alicui

338 1076 721 1156 moriendi,
768 1097 887 1166 per
937 1096 1141 1163 quem
1188 1072 1439 1136 factum
1484 1073 1605 1151 sit,
1652 1087 1727 1136 ut
1771 1071 2010 1160 aliquis
2046 1091 2450 1156 moreretur;

342 1182 535 1248 nullo
564 1180 765 1246 modo
795 1176 1158 1245 defendere
1184 1200 1304 1242 nos
1330 1199 1708 1266 possumne.
1735 1178 1971 1267 Neque
1996 1179 2171 1243 enim
2197 1178 2454 1245 dubita-

342 1288 563 1366 bitur,
600 1288 761 1377 quin
794 1307 917 1374 per
954 1283 1135 1347 hunc
1178 1282 1425 1347 factum
1471 1281 1591 1361 sit,
1632 1299 1708 1345 ut
1745 1280 1855 1344 ille
1889 1299 2294 1364 moreretur,
2338 1283 2454 1374 qui

346 1392 555 1460 filiam
584 1393 668 1460 ad
699 1393 1149 1481 magistratum
1174 1388 1522 1479 perduxit3
1546 1388 1660 1478 qui
1692 1389 2036 1479 praecepit,
2069 1406 2143 1454 ut
2171 1406 2456 1455 mortem

348 1504 636 1593 raptoris
664 1517 959 1591 optaret:
992 1522 1113 1565 nos
1140 1520 1299 1587 ergo
1320 1520 1582 1563 causam
1607 1495 1677 1560 id
1698 1518 1840 1562 esse
1861 1498 2091 1564 mortis
2120 1495 2419 1564 dicemus
2438 1547 2456 1577 ‚

355 1606 541 1698 quod
571 1607 770 1673 nullis
799 1624 980 1673 extra
1011 1602 1469 1670 accidentibus
1499 1602 1748 1681 causis,
1780 1619 2062 1669 mortem
2091 1603 2346 1674 homiui
2369 1605 2461 1670 af-

354 1714 563 1792 ferat,
589 1711 770 1803 quod
803 1711 1021 1777 solum
1047 1725 1331 1774 mortem
1359 1706 1615 1804 homini
1645 1706 1961 1773 intulerit.
1993 1707 2253 1776 Deinde
2282 1709 2460 1777 dice-

358 1842 547 1899 mus,
577 1819 633 1885 si
659 1814 1118 1884 accedendum
1149 1815 1234 1879 sit
1260 1814 1546 1878 finitioni
1571 1815 1773 1902 partis
1796 1813 2125 1895 adversae,
2156 1817 2461 1907 frequen-

360 1942 468 1990 ter
502 1925 700 1989 etiam
732 1919 1203 1987 honestissima
1239 1920 1309 1983 in
1343 1918 1514 1985 hanc
1541 1920 1936 1986 calumniam
1966 1921 2210 1988 cadere
2243 1944 2458 2012 posse.

362 2028 857 2121 subjungemus
892 2026 1364 2116 quaestionem,
1395 2047 1479 2090 an
1509 2027 1718 2116 possit
1746 2029 2098 2119 quisquam
2133 2030 2459 2111 accusari,

363 2136 553 2228 quod
596 2158 793 2200 causa
827 2134 1059 2200 mortis
1100 2133 1331 2213 fuerit,
1368 2134 1441 2197 in
1474 2156 1555 2198 eo
1593 2134 1709 2224 qui
1734 2135 1887 2226 jure
1926 2138 2012 2202 sit
2040 2138 2316 2204 occisus.
2356 2138 2465 2204 Se-

360 2245 598 2334 quitur
627 2239 937 2332 q‘uaestio,
965 2262 1051 2304 an
1079 2238 1188 2305 hic
1216 2239 1369 2329 jure
1403 2240 1491 2304 sit
1520 2241 1814 2308 occisus:
1846 2258 1998 2331 post
2025 2242 2203 2322 haec,
2241 2242 2465 2310 licebit

361 2347 562 2414 nobis
593 2345 815 2412 dicere
845 2345 951 2411 illa
981 2368 1130 2435 quae
1161 2343 1672 2430 sola-dicuntur.

1064 2522 1770 2589 DECLAMATIO.

468 2669 613 2759 Qm
649 2688 880 2740 CAUSA
918 2673 1524 2757 MORTJSFUERIT,
1568 2685 1830 2740 cAPrrE
1863 2688 2254 2742 romnus.
2298 2668 2474 2742 Satis

378 2782 671 2855 ostendit
713 2781 859 2882 ipsa
901 2808 1139 2882 poena,
1176 2808 1340 2853 eum
1373 2781 1666 2853 demum
1707 2784 1929 2856 teneri
1968 2783 2097 2856 hac
2131 2782 2324 2882 lege,
2349 2783 2474 2883 qui

378 2897 564 2970 idem
595 2896 1054 2985 commiserit,
1091 2896 1282 2994 quod
1312 2896 1369 2968 si
1398 2896 1758 2970 occidisset
1786 2924 1801 2968 ε
1839 2923 2070 2996 neque
2100 2896 2290 2970 enim
2319 2924 2475 2996 gra-

377 3012 524 3086 vius
556 3013 949 3113 quidquam
982 3013 1302 3084 adversus
1333 3039 1536 3103 eum,
1568 3014 1692 3112 qui
1729 3040 1853 3084 sua
1887 3039 2106 3084 manu
2127 3026 2145 3055 ¹
2188 3012 2476 3084 interfe-

387 3129 586 3219 cerit,
635 3128 1044 3202 constituere
1106 3128 1331 3228 potuit
1376 3127 1838 3227 legumlator,
1886 3155 2105 3228 quam
2156 3129 2478 3200 adversus

393 3266 556 3312 eum
573 3243 734 3372 ,qui
760 3271 1041 3317 causam
1075 3241 1530 3343 praestitisset.
1564 3269 1726 3342 ergo
1757 3263 1826 3314 et
1851 3242 2310 3315 similitudine
2337 3269 2480 3342 poe-

392 3381 542 3447 nae,
577 3357 779 3430 etiam
818 3361 1081 3432 crimen
1125 3386 1248 3458 par
1285 3358 1553 3458 exigere
1594 3359 1877 3432 debetis.
1915 3360 2068 3431 Hoc
2097 3385 2236 3457 quo
2264 3360 2478 3459 perti-

390 3467 553 3540 net?
592 3496 682 3542 ne
712 3472 1104 3545 existimetis
1129 3499 1361 3544 veram
1394 3471 1590 3544 illam
1623 3501 1764 3548 esse
1797 3472 2186 3546 finitionem
2206 3500 2480 3574 ,quam

390 3610 544 3682 pars
575 3582 841 3657 diversa
869 3587 1391 3687 complectitur:
1423 3607 1498 3658 ut
1525 3614 1650 3687 per
1669 3615 2168 3689 quemcunque
2189 3589 2482 3677 steterit,

391 3697 495 3770 nti
527 3698 743 3773 homo
778 3702 1156 3794 occidatur,
1193 3703 1248 3775 is
1282 3702 1616 3775 continuo
1651 3729 1852 3776 causa
1882 3704 2121 3778 mortis
2154 3703 2362 3775 fuisse
2385 3702 2486 3772 vi-

394 3854 445 3893 et
471 3844 640 3908 nervi,
661 3846 830 3915 inquit
848 3845 870 3916 (
883 3845 993 3899 haec
1014 3849 1154 3899 enim
1176 3860 1299 3900 sunt
1321 3846 1878 3900 in-1.Adversus
1896 3867 2045 3916 cum,
2069 3847 2165 3921 φιιί
2186 3864 2280 3898 sua
2305 3863 2482 3897 manu.

392 3919 638 3984 teriora),
666 3923 935 3976 vestienda
966 3937 1091 3978 sunt
1123 3943 1311 3991 carne,
1341 3937 1402 3977 ut
1480 3925 1824 3998 Transposita
1841 3926 1947 3980 lucc
1964 3887 2224 3995 videntur,
2246 3940 2296 3980 et
2311 3926 2486 3998 legen

389 3999 527 4050 vires
570 3997 816 4053 babeam.
859 4003 1048 4075 Neque
1096 4004 1237 4055 enim
1277 4016 1400 4055 sunt
1482 4006 1642 4062 dum.
1676 4007 1929 4061 Adversus
1965 4027 2115 4075 eum,
2150 4008 2243 4081 qui
2276 4024 2486 4060 causam

390 4077 553 4142 vires,
588 4079 690 4129 nisi
730 4077 902 4149 νείμας
938 4101 989 4134 τι
1025 4079 1107 4132 κού
1145 4081 1285 4132 ἔσται.
1319 4074 1401 4137 ἶνις
1477 4087 1817 4161 prestitisset,
1841 4087 2148 4140 constitum
2162 4086 2391 4159 pomer-it
2414 4085 2490 4140 le·-

393 4157 579 4224 ἔχωσιν,
612 4173 672 4211 ut
698 4160 870 4232 Ulyssi
904 4162 1035 4216 dixit
1061 4177 1232 4214 mater
1260 4161 1404 4233 apud
1479 4165 1765 4238 ffuminum,
1783 4183 1942 4238 quam
1960 4165 2224 4217 advenum
2245 4185 2385 4234 eum,
2399 4167 2491 4240 qui

390 4241 1575 4296 infoeo'a.Gno1‹.sua
1600 4261 1764 4295 manu
1789 4243 2116 4314 interfecerit.
2144 4243 2360 4298 Senum.
