3200 5117
767 568 1602 659 DECLAMATQONES.
1652 569 2026 638 CCCXXI.
2322 595 2448 665 ²99

359 698 552 770 niam
573 753 592 786 ,
628 696 812 768 bella
843 696 1195 768 sustuleris
1218 726 1234 785 ;
1261 694 1613 767 sustuleris
1639 695 2046 770 seditiones:
2076 698 2257 769 hanc
2289 725 2450 798 ergo

358 839 643 887 causam
672 812 1001 884 habuisti.
1030 814 1114 883 Et
1139 810 1331 882 aliud
1356 830 1456 882 est
1478 810 1628 881 aliis
1656 824 1674 856 ¹
1693 812 2026 909 pecunia:
2055 813 2110 884 si
2140 815 2227 885 de
2256 815 2453 914 cupi-

360 929 569 1001 ditate
587 925 735 999 sola
753 925 1188 1022 loquendum
1216 923 1391 995 mihi
1413 925 1619 1014 foret,
1643 923 1941 996 dicerem
1958 982 1977 1015 ,
2000 925 2449 1001 hereditatem

362 1043 784 1141 concupisti,
819 1041 1035 1113 homo
1061 1039 1412 1138 locupleS‚
1439 1066 1631 1113 nunc
1665 1040 2113 1113 hereditatem
2158 1067 2299 1114 non
2334 1071 2454 1117 cu-

362 1160 517 1259 pisti
540 1217 559 1250 ,
617 1158 691 1229 id
742 1158 971 1230 solum
1027 1155 1391 1227 habiturus
1413 1213 1432 1246 ,
1490 1156 1681 1255 quod
1727 1156 1977 1228 scelere
2033 1158 2450 1257 acquisisses.

361 1275 558 1366 Quid
600 1274 786 1346 enim
824 1273 974 1375 jam
1019 1292 1085 1343 te
1129 1271 1407 1343 metiri²
1448 1271 1734 1371 incipiS,
1771 1294 1837 1344 et
1871 1273 2158 1372 longam
2203 1274 2455 1346 domus

359 1411 603 1462 nostrae
638 1388 1038 1487 patientiam
1068 1385 1330 1457 calcas?
1354 1386 1608 1484 ecquid
1637 1387 1761 1458 scis
1781 1444 1799 1474 ‚
1836 1386 2006 1484 quid
2034 1387 2271 1486 paullo
2298 1408 2455 1460 ante

358 1502 617 1575 fueris?
643 1528 834 1574 nunc
869 1521 932 1573 te
962 1499 1455 1572 circumfluens
1489 1501 1827 1599 pecunia,
1857 1527 2048 1572 nunc
2085 1502 2213 1574 ista
2251 1527 2456 1574 man—

359 1619 574 1716 cipia,
600 1637 667 1689 et
699 1615 1045 1716 quidquid
1069 1615 1363 1715 quaesisti
1388 1615 1677 1706 scelere,
1703 1615 2060 1689 ditabunt?
2078 1620 2455 1690 Venenum
2525 1677 2532 1682 .

358 1733 549 1803 dicor
581 1731 846 1804 dedisse
878 1731 952 1801 in
983 1757 1178 1803 coena
1209 1757 1405 1803 mea:
1442 1760 1484 1804 o
1508 1730 1607 1802 dii
1641 1732 2106 1805 immortales!
2138 1754 2279 1806 erat
2301 1736 2457 1833 qui-

360 1849 522 1926 dem
557 1847 916 1919 honestius
958 1845 1079 1918 illa
1115 1845 1516 1920 defensione
1548 1849 1964 1947 patrocinari
2004 1869 2220 1922 causae
2254 1873 2448 1922 meae.

360 1968 739 2036 Venenum
786 1962 1034 2063 aliquis
1071 1963 1250 2036 inter
1279 1963 1451 2036 lares
1485 1990 1683 2054 suos,
1716 1965 1899 2038 inter
1933 1992 2121 2038 sacra
2154 1992 2409 2037 mensae
2433 2023 2452 2056 ,

281 2114 291 2123 ·
363 2077 700 2149 coronatis
738 2078 1017 2176 pariter,
1053 2104 1226 2176 quos
1262 2077 1701 2169 colebamus,
1734 2079 1868 2152 diis
1903 2080 2453 2172 immortalibuS,

360 2217 710 2264 venenum
753 2192 1006 2292 aliquis
1049 2192 1286 2264 hilaris
1327 2193 1534 2265 hilari
1577 2193 1820 2266 dedit?
1858 2220 2000 2267 non
2047 2196 2180 2267 hoc
2218 2196 2450 2295 ipsum

360 2305 621 2379 obstitit
643 2307 1003 2380 conatibus
1024 2307 1236 2398 meis,
1260 2307 1449 2407 quod
1473 2335 1619 2380 non
1645 2310 2084 2382 credebatur?
2101 2337 2450 2402 venenum
2471 2359 2476 2363 -

358 2421 606 2521 aliquis
655 2423 1139 2496 circumstante
1190 2423 1461 2495 familia
1490 2482 1509 2513 ,
1558 2426 2007 2523 praesentibus
2057 2426 2451 2499 ministeriis

361 2538 589 2630 daret,
640 2538 1016 2611 foedaturus
1059 2539 1397 2612 continuo
1447 2540 1779 2613 cadavere
1831 2540 2006 2613 illud
2056 2540 2450 2614 convivium

357 2650 608 2724 suum?
634 2655 728 2724 Ut
750 2679 980 2746 severa
1004 2654 1204 2741 nobis
1232 2653 1611 2752 antiquitas
1644 2656 1932 2756 tradidit
1948 2713 1967 2745 ,
1999 2657 2278 2729 infestos
2302 2655 2454 2727 ani-

359 2792 508 2838 mos
545 2769 895 2866 placavere
930 2795 1182 2841 mensae
1212 2796 1228 2839 :
1266 2789 1332 2841 et
1364 2770 1725 2862 homines,
1762 2772 1886 2870 qui
1929 2771 2107 2843 inter
2138 2798 2208 2844 se
2243 2770 2450 2843 armis

360 2899 567 2979 atque
588 2882 991 2955 exercitibus
1012 2876 1461 2956 conflixerant
1475 2942 1494 2975 ,
1516 2886 1645 2957 tuti
1666 2906 1898 2958 tamen
1921 2885 2200 2986 jacuere
2220 2884 2450 2956 media

438 3095 481 3129 ι.
530 3078 604 3129 Et
639 3078 791 3134 aliud
829 3091 903 3135 est
946 3079 1083 3135 aliis.
1129 3082 1203 3133 Et
1246 3081 1364 3134 aliis

359 3154 510 3208 aliud
538 3155 702 3226 deest,
737 3158 856 3212 aliis
887 3160 1145 3232 pecunia,
1178 3159 1360 3212 AErod.

358 3233 433 3284 Et
450 3233 600 3287 aliud
618 3247 718 3302 est,
746 3236 900 3289 aliud
914 3240 1167 3309 pecunia,
1192 3239 1361 3290 Fran-

359 3314 491 3368 cius.
515 3315 737 3368 Sensum
761 3335 877 3369 esso
899 3331 1065 3387 puto,
1088 3334 1201 3368 uon
1221 3314 1362 3368 idem

358 3394 523 3446 videri
556 3396 802 3450 omnibus
835 3399 1147 3469 pecuniam;
1180 3396 1362 3488 cupidi

358 3485 410 3523 et
448 3473 741 3546 locupletes
780 3488 1040 3548 appetunt
1080 3477 1360 3548 pecuniam

360 3567 579 3625 propter
616 3559 936 3627 pecuniam,
978 3559 1103 3631 quia
1147 3561 1361 3612 avaritia

360 3647 439 3685 est
469 3636 794 3691 insatiabilis.
834 3639 957 3690 Non
994 3654 1169 3694 tamen
1207 3640 1359 3692 facile

359 3711 480 3762 ideo
506 3711 572 3764 ad
593 3713 939 3768 homicidium
962 3717 1234 3782 feruntur;
1264 3717 1361 3770 sed

357 3809 650 3876 pauperes,
672 3811 731 3848 ut
754 3796 841 3851 hic
865 3798 1132 3864 medicus,
1155 3798 1276 3852 ideo
1300 3813 1361 3850 ut

356 3872 526 3925 vivere
553 3877 780 3945 possint,
810 3897 947 3950 sepe
974 3879 1179 3932 scelesti
1203 3893 1355 3931 sunt.

355 3969 479 4004 nam
521 3957 801 4010 necessitas
839 3958 905 4010 ad
942 3958 1138 4012 scelera
1181 3959 1356 4011 omnia

354 4031 593 4104 impellit.
619 4037 789 4091 Buta.
807 4038 1097 4091 -Scelere
1117 4036 1360 4109 adaejuiab·

352 4132 439 4168 εει.
487 4116 687 4171 Scelere
730 4121 1134 4193 concupisceres,
1173 4119 1353 4172 AErod.

352 4192 552 4247 Scelere
573 4197 896 4271 concupisces
917 4196 1073 4252 homo
1098 4195 1357 4272 locuples,-

356 4289 454 4340 per
472 4274 731 4340 ironiam,
757 4293 920 4346 marg.

1516 3098 1563 3134 2.
1589 3084 1712 3134 Jam
1738 3095 1786 3134 te
1807 3083 1996 3136 metiri.
2021 3081 2378 3151 Sclmltinffius
2397 3097 2449 3134 et

1441 3162 1629 3211 Franc.
1648 3198 1665 3226 ,
1695 3178 1757 3212 ex
1784 3159 1889 3214 hoc
1920 3174 2058 3212 statu
2084 3175 2136 3212 te
2159 3161 2410 3211 aestimare
2432 3182 2444 3212 :

1439 3249 1610 3303 reete,
1632 3250 1692 3288 ut
1715 3251 1879 3310 puto:
1908 3257 2048 3290 nunc
2073 3257 2134 3289 ex
2158 3238 2372 3308 ingenio
2396 3250 2447 3290 et

1442 3334 1588 3368 more
1613 3316 1986 3388 locupletium,
2015 3320 2102 3388 qui
2125 3330 2340 3387 propter
2356 3316 2446 3371 be·

1442 3394 1722 3448 reditatem
1750 3394 1906 3447 alieni
1936 3394 2307 3468 acquirendam
2337 3415 2443 3448 uon

1439 3471 1733 3526 creduntur
1750 3475 1804 3526 in
1825 3471 2168 3525 homicidium
2195 3469 2373 3526 faciles
2392 3487 2446 3526 et

1438 3556 1597 3626 proni
1627 3573 1774 3621 esse,
1802 3568 1854 3607 te
1883 3556 1958 3608 vis
1984 3556 2256 3620 testimari,
2281 3573 2444 3626 quum

1440 3635 1634 3690 debeas
1648 3636 1888 3688 testimari
1904 3641 1964 3688 ex
1980 3651 2291 3709 paupertate
2311 3654 2444 3706 prae-

1441 3715 1590 3765 terita
1610 3751 1626 3778 ,
1655 3731 1816 3784 quum
1841 3715 2014 3767 scelus
2033 3714 2137 3765 hoc
2164 3712 2444 3765 meditatus

1440 3813 1513 3847 os.
1556 3797 1742 3846 Horat.
1777 3795 1874 3867 Ep.
1911 3799 1965 3860 1,
1991 3813 2051 3864 7,
2079 3795 2148 3864 98
2174 3816 2185 3845 ι
2227 3815 2251 3839 ιι
2272 3793 2444 3844 Metiri

1445 3891 1543 3927 :se
1558 3889 1823 3946 quemque
1843 3895 1941 3928 suo
1959 3874 2196 3940 modulo,
2211 3892 2273 3925 ac
2289 3871 2442 3944 pede,

1445 3975 1670 4008 «verum
1718 3967 1813 4009 est.
1841 3977 1864 4004 ο
1915 3957 2050 4009 Vide
2101 3956 2250 4026 plura
2301 3954 2442 4026 apud

1438 4034 1617 4087 Barth.
1648 4034 1716 4087 ad
1744 4034 1872 4087 Stat.
1905 4033 2076 4087 Theb.
2100 4034 2204 4100 XI,
2234 4033 2362 4101 3475
2390 4046 2444 4086 et

1440 4115 1505 4168 ad
1540 4115 1726 4169 Claud.
1760 4117 2031 4189 Rapt..ll,
2067 4132 2144 4167 12.
2182 4114 2347 4165 Burin.
2371 4142 2442 4153 ·—-

1437 4195 1711 4248 Ditabunt.
1728 4197 2052 4250 Ditavenmae.
2071 4197 2288 4249 Senum.
2309 4198 2440 4248 For-

1436 4290 1517 4338 te,
1542 4277 1793 4332 dicarunt.
