3200 5117
734 537 860 603 328
1229 535 1321 598 M.
1370 532 1618 597 FABII
1664 533 2300 615 QUINTILIANI

729 683 842 733 tus
871 660 1017 761 ejus
1042 659 1247 730 aetatis
1271 678 1371 730 est
1387 714 1406 746 ‚
1434 677 1510 729 ut
1532 645 2015 754 concupiscere
2044 684 2254 730 novos
2276 658 2530 731 liberos
2555 661 2807 759 possit:

730 802 819 846 ne
851 773 1285 846 fraternitatis
1323 771 1610 871 quidem
1646 772 1888 843 eadem
1912 773 2077 872 jura
2101 774 2335 844 futura
2371 796 2596 864 erant,
2633 777 2815 848 inter

731 911 875 961 tam
903 888 1325 961 dissonantes
1359 908 1644 983 tamque
1677 886 2043 959 discordes.
2076 889 2167 959 At
2192 914 2381 960 nunc
2413 889 2806 988 expellitur:

719 1026 798 1077 ·et
829 1005 1163 1103 quoniam
1188 1002 1373 1075 bona
1397 1003 1532 1075 fuit
1553 1028 1843 1074 noverca
1861 1059 1880 1093 ‚
1906 1029 2035 1074 nec
2058 1002 2308 1076 liberos
2332 1003 2653 1078 habitura
2675 1027 2809 1095 est,

732 1145 859 1191 nec
886 1119 1139 1190 virum.

732 1375 1558 1398 mmmm
1561 1373 2520 1397 mmmm
2523 1377 2811 1398 mm

1421 1557 2111 1634 CCCXXVIII.

1439 1785 1793 1857 Discordes
1809 1786 2087 1884 fratres.

735 1990 875 2052 Filii
899 1988 1150 2057 familiae
1172 1987 1296 2048 duo
1321 1986 1728 2047 adolescentes
1746 1986 1962 2047 fratres
1987 1988 2387 2050 dissidebant:
2404 1990 2618 2070 juncta
2640 2003 2813 2051 erant

813 2109 1031 2148 eorum
1061 2085 1362 2147 cubicula.
1392 2086 1683 2164 Quodam
1713 2099 1989 2168 tempore
2022 2087 2230 2148 audito
2264 2087 2536 2148 tumultu
2566 2089 2629 2147 in
2659 2091 2813 2150 inte-

815 2188 972 2245 riore
997 2198 1166 2267 parte
1184 2184 1435 2258 domus,
1456 2186 1624 2245 venit
1648 2197 1817 2266 pater
1836 2187 1903 2244 in
1924 2206 2064 2245 eum
2085 2184 2321 2261 locum,
2346 2187 2413 2246 in
2433 2208 2559 2268 quo
2582 2186 2814 2248 clamor

816 2297 973 2358 erat,
1005 2282 1239 2341 invenit
1275 2283 1539 2342 alterum
1572 2304 1642 2342 ex
1676 2281 1823 2342 filiis
1859 2284 2143 2344 occisum.
2183 2284 2642 2344 Cubicularium
2684 2286 2815 2365 ejus

815 2383 1013 2457 torsit,
1029 2396 1088 2442 et
1109 2381 1332 2442 occidit
1351 2384 1416 2442 in
1437 2383 1787 2442 tormentis:
1809 2382 1961 2463 quid
1980 2384 2369 2464 compererit,
2386 2384 2687 2444 incertum
2705 2396 2813 2444 est.
2894 2369 2901 2378 ’

816 2480 1224 2559 Interrogavit
1255 2479 1432 2539 illum
1453 2478 1620 2538 filius
1645 2477 1796 2559 quid
1825 2482 2243 2562 comperisset:
2279 2501 2409 2541 non
2444 2480 2813 2539 indicantem

817 2577 1126 2636 accusavit
1154 2576 1496 2636 dementiae.
1530 2576 1861 2637 Absolutus
1891 2590 1979 2638 est
2004 2592 2207 2660 pater:
2234 2578 2470 2661 juvenis
2495 2575 2804 2658 parricidii

819 2687 1167 2735 accusatur:
1191 2674 1359 2734 adest
1380 2675 1473 2733 illi
1499 2686 1559 2734 et
1579 2687 1765 2757 pater.

1578 2854 1984 2919 SERM01.

829 3003 948 3066 Rei
977 3024 1258 3088 persona
1285 3019 1436 3067 ante
1473 3005 1697 3069 omnia
1733 3003 2122 3084 infirmatur,
2158 3021 2224 3070 et
2256 3027 2523 3070 necesse
2559 3018 2656 3068 est
2692 3025 2816 3068 nos

741 3107 823 3171 ab
849 3131 923 3171 ea
949 3108 1259 3197 incipere.
1285 3110 1470 3174 Prius
1495 3132 1654 3199 ergo
1678 3112 1995 3176 sumimus
2020 3108 2118 3189 id,
2147 3108 2327 3198 quod
2351 3111 2530 3198 prius
2555 3106 2818 3172 videtur

744 3235 884 3277 esse
929 3216 997 3278 in
1044 3237 1345 3303 persona.
1388 3216 1721 3282 Occidisse
1771 3215 2010 3282 dicitur
2047 3218 2314 3281 fratrem
2333 3266 2348 3297 ,
2392 3215 2520 3280 hoc
2566 3212 2818 3278 etiamsi

744 3340 880 3384 non
903 3343 1253 3406 possumus
1279 3321 1569 3401 efficere,
1596 3324 1757 3389 utin
1781 3346 2002 3388 rerum
2022 3339 2251 3388 natura
2278 3345 2411 3386 non
2438 3343 2579 3386 esse
2603 3317 2821 3383 videa-

741 3438 870 3506 tur,
900 3446 979 3489 eo
1007 3442 1227 3492 tamen
1256 3427 1726 3517 perducemus,
1752 3445 1826 3494 ut
1853 3451 1986 3493 non
2017 3428 2207 3491 facile
2230 3424 2558 3492 credatur.

1430 3618 2123 3684 DECLAMATIO.

839 3776 1185 3878 Objicitur
1212 3803 1326 3849 reo
1351 3777 1689 3850 discordia
1713 3806 1873 3850 cum
1897 3780 2096 3849 fratre
2114 3836 2133 3868 ‚
2166 3798 2231 3849 et
2251 3777 2382 3849 hoc
2412 3774 2826 3876 priusquam

745 3893 829 3963 ad
866 3919 1101 3964 causas
1130 3894 1465 3993 pertineat
1497 3893 1896 3985 occidendi,
1931 3894 2017 3965 ad
2050 3894 2342 3965 crimina
2369 3915 2672 3991 personae
2701 3888 2826 3959 ad-

745 4008 1132 4082 mittimus:
1178 4011 1518 4083 discordia
1565 4038 1729 4083 eum
1775 4012 2000 4082 fratre.
2051 4015 2230 4083 Ante
2274 4008 2511 4081 omnia
2532 4022 2583 4094 ²,
2625 4030 2818 4077 com-

821 4170 865 4204 1.
886 4156 1079 4209 Sermo.
1106 4161 1260 4211 Hunc
1280 4162 1455 4213 omisit
1473 4157 1736 4214 AErodius.
1820 4159 1929 4211 nia.
1967 4160 2211 4212 AErodius
2231 4181 2245 4210 :
2285 4178 2401 4211 cum
2433 4157 2619 4227 fram·
2664 4150 2823 4203 Ηθῑῐᾶ

817 4247 865 4283 2.
883 4232 1147 4287 Discordia
1166 4256 1280 4289 cum
1296 4249 1459 4308 patre.
1480 4238 1619 4293 Ante
1637 4260 1741 4295 om·
1820 4239 1980 4294 dubie
2002 4256 2157 4295 recte.
2183 4240 2347 4307 Dein,
2373 4252 2641 4292 commune
2658 4231 2827 4285 male-
