3200 5117
718 535 838 600 190
1211 512 1305 575 M.
1354 511 1606 575 FABII
1651 510 2290 592 QUINTILIANI

709 777 1053 798 mmm
1060 777 1537 797 mmmm

1477 976 2021 1053 CCXCVII.

1104 1207 1438 1282 Meretrix
1468 1201 1557 1276 ab
1589 1220 1896 1276 amatore
1900 1204 2085 1300 sorti
2117 1221 2387 1278 coecata.

708 1415 834 1493 Qui
867 1431 1295 1473 nxcfficavnmr
1328 1430 1637 1485 amonim,
1669 1431 1789 1469 Aur
1816 1431 2130 1471 uuonan
2163 1422 2509 1486 PnAEnmr¹‚
2535 1431 2654 1471 aur
2685 1432 2792 1472 Ex-

788 1531 1013 1571 ca-:cxn
1035 1529 1158 1568 nux
1178 1528 1286 1567 srr.
1307 1507 1644 1566 Meretricis
1665 1519 1906 1565 amator
1924 1506 2165 1566 fortiter
2177 1506 2350 1567 fecit:
2375 1521 2791 1568 occurrentem

789 1608 906 1666 sibi
933 1607 1315 1666 meretricem
1340 1605 1691 1664 excaecavit:
1720 1605 1874 1685 petit
1896 1603 2002 1663 illa
2016 1649 2032 1678 ‚
2059 1618 2127 1662 ut
2150 1602 2365 1665 eodem
2388 1603 2542 1664 duce
2565 1617 2789 1682 utatur,

788 1706 1051 1765 Recusat
1072 1703 1176 1764 ille
1190 1747 1209 1778 ‚
1237 1715 1297 1763 et
1319 1701 1506 1763 offert
1529 1701 1851 1762 talionem.

1404 1893 2103 1961 DECLAMATIO.

808 2055 879 2127 Si
903 2055 1059 2152 quis
1073 2113 1090 2143 ,
1108 2054 1405 2155 judices,
1431 2053 1583 2152 lege
1603 2053 1923 2126 adversus
1943 2079 2088 2143 eos,
2116 2053 2237 2151 qui
2263 2072 2795 2142 excaecaverunt,

714 2170 813 2240 ita
844 2172 1253 2268 composita,
1288 2192 1370 2241 ut
1394 2190 1513 2241 aut
1546 2169 1874 2241 talionem
1914 2168 2286 2267 patiantur,
2321 2189 2440 2240 aut
2465 2168 2800 2269 aliquate-

713 2309 847 2355 nus
871 2283 1192 2357 solatium
1217 2284 1490 2384 injuriae
1520 2304 1875 2384 praestent,
1905 2283 2096 2355 litem
2126 2310 2265 2356 esse
2290 2284 2559 2374 audiat,
2586 2285 2798 2356 altera

716 2418 904 2498 parte
939 2400 1244 2471 similem
1274 2401 1628 2472 fortunam
1655 2399 1962 2496 exigente
1982 2454 2000 2487 ‚
2031 2398 2240 2469 altera
2260 2399 2605 2471 mitiorem
2634 2399 2798 2499 par-4
2855 2428 2860 2436 ·

713 2531 855 2585 tem
890 2512 1058 2611 legis
1090 2514 1582 2613 amplectente,
1617 2513 1922 2610 profecto
1952 2512 2293 2584 existimet
2324 2512 2503 2584 hanc
2540 2512 2797 2585 mulie-

716 2653 863 2699 rem
899 2628 969 2700 id
995 2628 1341 2726 postulare
1358 2685 1376 2712 ,
1408 2648 1485 2699 ut
1506 2647 1872 2699 excoecetur
1892 2627 1948 2698 is
1965 2685 1984 2717 ,
2020 2627 2140 2726 qui
2169 2627 2298 2699 sibi
2324 2627 2551 2697 oculos
2575 2627 2789 2715 eruit;

716 2741 918 2814 illum
940 2762 1178 2813 autem
1199 2743 1429 2812 virum
1449 2744 1697 2813 fortem
1725 2742 1977 2813 fiducia
2002 2742 2406 2813 meritorum
2432 2763 2591 2839 erga
2612 2763 2794 2812 rem-

717 2854 1069 2953 publicam
1116 2879 1422 2953 sperare‚
1477 2880 1673 2952 posse
1724 2855 1872 2926 fieri
1892 2912 1909 2944 ,
1973 2874 2051 2926 ut
2096 2875 2331 2926 contra
2372 2854 2794 2927 voluntatem

717 2995 996 3069 quoque
1029 2968 1212 3069 ejuS,
1246 2991 1399 3065 quae
1426 2969 1838 3057 vindicatur,
1874 2968 2106 3041 oculos
2131 2968 2493 3041 defendat:
2533 2993 2696 3041 nam
2732 2987 2800 3043 et

714 3082 827 3155 hic
849 3083 1049 3154 dolor
1071 3081 1470 3179 gravissima
1495 3107 1703 3180 passae
1724 3081 2181 3154 convenisset:
2208 3103 2273 3153 et
2291 3081 2465 3154 illud
2487 3083 2798 3157 naturale

717 3218 849 3286 est,
885 3218 961 3269 ut
991 3197 1175 3270 bona
1207 3196 1567 3268 oculorum
1600 3196 1994 3295 intelligant
2026 3195 2274 3285 etiam,
2301 3196 2424 3295 qui
2451 3218 2798 3270 eruerunt.

717 3313 798 3384 Id
849 3341 1056 3384 omne
1109 3313 1451 3386 diversum
1508 3334 1605 3385 est
1645 3343 1659 3386 :
1716 3314 1861 3387 haec
1912 3340 2065 3414 quae
2117 3335 2441 3385 excaecata
2492 3336 2591 3387 est
2615 3374 2634 3408 ‚
2688 3314 2801 3388 cui

717 3445 953 3526 erepta
985 3428 1101 3499 lux
1130 3450 1267 3518 est,
1305 3431 1415 3501 cui
1449 3431 1680 3501 omnis
1702 3432 1837 3502 vita
1867 3430 1940 3500 in
1976 3429 2335 3502 tormentis
2361 3431 2634 3529 agenda
2665 3451 2799 3521 est,

718 3541 1079 3630 miseretur
1113 3545 1476 3642 quondam
1502 3545 1834 3616 amatoris
1868 3543 2020 3615 sui:
2062 3541 2176 3615 ille
2195 3543 2373 3641 ,qui
2409 3544 2794 3632 excaecavit,

714 3657 910 3729 vult
892 3677 1087 3728 lstam
1127 3657 1426 3730 nimium
1449 3658 1826 3730 vindicari:
1865 3656 2076 3754 idque
2111 3659 2167 3729 si
2194 3659 2448 3730 faceret
2473 3657 2802 3756 poeniten-

718 3773 813 3844 tia
829 3791 1231 3872 ,utcunque
1260 3773 1716 3848 consolandus
1750 3771 1949 3844 nobis
1983 3791 2193 3843 esset:
2232 3797 2398 3844 nam
2432 3789 2502 3842 et
2534 3791 2800 3871 potera-

719 3913 876 3966 mus
911 3888 1244 3988 supinari,
1285 3888 1465 3962 hanc
1503 3889 1694 3962 istius
1734 3888 2210 3988 postulationis
2241 3909 2386 3960 esse
2421 3887 2797 3977 rationem,

720 4028 944 4100 quum
965 4005 1392 4076 excaecaverit
1414 4005 1845 4080 meretricem
1860 4062 1877 4095 ‚
1900 4029 2111 4103 quam
2134 4003 2412 4093 amavit,
2433 4017 2625 4074 nunc
2645 4028 2800 4075 ocu·

797 4217 841 4258 ι.
866 4204 1138 4260 Talionem
1157 4207 1394 4278 proebeat.
1419 4209 1604 4277 Forte,
1628 4208 1820 4263 debeat.
1840 4205 1959 4263 vid.
1985 4206 2055 4261 ad
2077 4206 2227 4263 ovid.
2252 4209 2352 4283 Ep.
2372 4207 2492 4275 VH,
2519 4219 2630 4274 ¹77·
