<?xml version="1.0" encoding="UTF-8"?>
<!DOCTYPE html PUBLIC "-//W3C//DTD XHTML 1.0 Transitional//EN"
    "http://www.w3.org/TR/xhtml1/DTD/xhtml1-transitional.dtd">
<html xmlns="http://www.w3.org/1999/xhtml" xml:lang="en" lang="en">
 <head>
  <title>
</title>
<meta http-equiv="Content-Type" content="text/html;charset=utf-8" />
  <meta name='ocr-system' content='tesseract 3.04.00' />
  <meta name='ocr-capabilities' content='ocr_page ocr_carea ocr_par ocr_line ocrx_word'/>
</head>
<body>
  <div class='ocr_page' id='page_1' title='image "./deinstitutioneo00flacgoog_0263.png"; bbox 0 0 3200 5117; ppageno 0'>
   <div class='ocr_carea' id='block_1_1' title="bbox 747 555 2425 692">
    <p class='ocr_par' dir='ltr' id='par_1_1' title="bbox 747 555 2425 692">
     <span class='ocr_line' id='line_1_1' title="bbox 747 555 2425 692; baseline 0.001 -40"><span class='ocrx_word' id='word_1_1' title='bbox 747 555 1594 692; x_wconf 61' lang='lat' dir='ltr'>DECLAMArrtoNEs</span> <span class='ocrx_word' id='word_1_2' title='bbox 1637 583 2026 652; x_wconf 83' lang='lat' dir='ltr'>cccxm.</span> <span class='ocrx_word' id='word_1_3' title='bbox 2308 589 2425 655; x_wconf 78' lang='lat'>261</span> 
     </span>
    </p>
   </div>
   <div class='ocr_carea' id='block_1_2' title="bbox 341 709 2446 3110">
    <p class='ocr_par' dir='ltr' id='par_1_2' title="bbox 341 709 2446 3110">
     <span class='ocr_line' id='line_1_2' title="bbox 345 709 2437 816; baseline -0.002 -27"><span class='ocrx_word' id='word_1_4' title='bbox 345 714 746 789; x_wconf 84' lang='lat' dir='ltr'><strong>defensione</strong></span> <span class='ocrx_word' id='word_1_5' title='bbox 779 712 1071 813; x_wconf 91' lang='lat' dir='ltr'>quidem</span> <span class='ocrx_word' id='word_1_6' title='bbox 1095 737 1375 816; x_wconf 77' lang='lat' dir='ltr'>aequum</span> <span class='ocrx_word' id='word_1_7' title='bbox 1401 731 1540 784; x_wconf 88' lang='lat' dir='ltr'>est:</span> <span class='ocrx_word' id='word_1_8' title='bbox 1576 709 1804 810; x_wconf 79' lang='lat' dir='ltr'>legem</span> <span class='ocrx_word' id='word_1_9' title='bbox 1828 737 1987 786; x_wconf 82' lang='lat' dir='ltr'>vero</span> <span class='ocrx_word' id='word_1_10' title='bbox 2017 733 2285 798; x_wconf 82' lang='lat' dir='ltr'>mutare</span> <span class='ocrx_word' id='word_1_11' title='bbox 2305 771 2332 812; x_wconf 29' lang='lat'>,‚</span> <span class='ocrx_word' id='word_1_12' title='bbox 2356 735 2437 785; x_wconf 91' lang='lat' dir='ltr'>ut</span> 
     </span>
     <span class='ocr_line' id='line_1_3' title="bbox 345 826 2437 928; baseline -0.001 -24"><span class='ocrx_word' id='word_1_13' title='bbox 345 830 651 920; x_wconf 79' lang='lat' dir='ltr'>occidaS,</span> <span class='ocrx_word' id='word_1_14' title='bbox 682 849 751 903; x_wconf 90' lang='lat' dir='ltr'>et</span> <span class='ocrx_word' id='word_1_15' title='bbox 774 826 1141 901; x_wconf 85' lang='lat' dir='ltr'>crudeliter</span> <span class='ocrx_word' id='word_1_16' title='bbox 1163 827 1596 926; x_wconf 86' lang='lat' dir='ltr'>interpretari</span> <span class='ocrx_word' id='word_1_17' title='bbox 1619 826 1736 928; x_wconf 87' lang='lat' dir='ltr'>jus</span> <span class='ocrx_word' id='word_1_18' title='bbox 1753 884 1772 917; x_wconf 89' lang='lat'>,</span> <span class='ocrx_word' id='word_1_19' title='bbox 1803 826 1993 925; x_wconf 88' lang='lat' dir='ltr'>quod</span> <span class='ocrx_word' id='word_1_20' title='bbox 2016 855 2057 899; x_wconf 98' lang='lat' dir='ltr'>a</span> <span class='ocrx_word' id='word_1_21' title='bbox 2081 829 2437 928; x_wconf 72' lang='lat' dir='ltr'>magistra-</span> 
     </span>
     <span class='ocr_line' id='line_1_4' title="bbox 343 931 2438 1045; baseline -0 -27"><span class='ocrx_word' id='word_1_22' title='bbox 343 945 531 1018; x_wconf 90' lang='lat' dir='ltr'>tibus</span> <span class='ocrx_word' id='word_1_23' title='bbox 571 944 908 1045; x_wconf 89' lang='lat' dir='ltr'>scriptum</span> <span class='ocrx_word' id='word_1_24' title='bbox 943 961 1081 1034; x_wconf 90' lang='lat' dir='ltr'>est,</span> <span class='ocrx_word' id='word_1_25' title='bbox 1116 942 1313 1045; x_wconf 89' lang='lat' dir='ltr'>cujus</span> <span class='ocrx_word' id='word_1_26' title='bbox 1345 942 1572 1014; x_wconf 88' lang='lat' dir='ltr'>animi</span> <span class='ocrx_word' id='word_1_27' title='bbox 1604 931 1743 1014; x_wconf 82' lang='lat' dir='ltr'>est?</span> <span class='ocrx_word' id='word_1_28' title='bbox 1773 945 1921 1042; x_wconf 78' lang='lat' dir='ltr'>Ego</span> <span class='ocrx_word' id='word_1_29' title='bbox 1954 941 2182 1041; x_wconf 79' lang='lat' dir='ltr'>legem</span> <span class='ocrx_word' id='word_1_30' title='bbox 2209 943 2438 1017; x_wconf 87' lang='lat' dir='ltr'>habeo</span> 
     </span>
     <span class='ocr_line' id='line_1_5' title="bbox 346 1055 2435 1170; baseline -0 -38"><span class='ocrx_word' id='word_1_31' title='bbox 346 1060 668 1132; x_wconf 87' lang='lat' dir='ltr'>adversus</span> <span class='ocrx_word' id='word_1_32' title='bbox 709 1085 873 1132; x_wconf 92' lang='lat' dir='ltr'>eum</span> <span class='ocrx_word' id='word_1_33' title='bbox 915 1057 1208 1130; x_wconf 88' lang='lat' dir='ltr'>demum</span> <span class='ocrx_word' id='word_1_34' title='bbox 1242 1055 1609 1170; x_wconf 77' lang='lat' dir='ltr'>scriptam,</span> <span class='ocrx_word' id='word_1_35' title='bbox 1645 1056 1766 1155; x_wconf 90' lang='lat' dir='ltr'>qui</span> <span class='ocrx_word' id='word_1_36' title='bbox 1807 1057 2171 1149; x_wconf 86' lang='lat' dir='ltr'>detulerit,</span> <span class='ocrx_word' id='word_1_37' title='bbox 2205 1085 2435 1165; x_wconf 87' lang='lat' dir='ltr'>neque</span> 
     </span>
     <span class='ocr_line' id='line_1_6' title="bbox 343 1171 2436 1273; baseline 0 -24"><span class='ocrx_word' id='word_1_38' title='bbox 343 1176 775 1249; x_wconf 86' lang='lat' dir='ltr'>damnaverit</span> <span class='ocrx_word' id='word_1_39' title='bbox 809 1202 823 1247; x_wconf 91' lang='lat'>:</span> <span class='ocrx_word' id='word_1_40' title='bbox 873 1201 1020 1248; x_wconf 88' lang='lat' dir='ltr'>non</span> <span class='ocrx_word' id='word_1_41' title='bbox 1066 1193 1362 1266; x_wconf 88' lang='lat' dir='ltr'>scrutor,</span> <span class='ocrx_word' id='word_1_42' title='bbox 1405 1172 1583 1272; x_wconf 85' lang='lat' dir='ltr'>quid</span> <span class='ocrx_word' id='word_1_43' title='bbox 1621 1171 1919 1246; x_wconf 84' lang='lat' dir='ltr'>voluerit</span> <span class='ocrx_word' id='word_1_44' title='bbox 1963 1172 2384 1273; x_wconf 76' lang='lat' dir='ltr'><strong>legumlator</strong></span> <span class='ocrx_word' id='word_1_45' title='bbox 2420 1202 2436 1250; x_wconf 68' lang='grc' dir='ltr'><strong>ε</strong></span> 
     </span>
     <span class='ocr_line' id='line_1_7' title="bbox 343 1290 2437 1402; baseline -0.001 -36"><span class='ocrx_word' id='word_1_46' title='bbox 343 1320 573 1393; x_wconf 90' lang='lat' dir='ltr'>neque</span> <span class='ocrx_word' id='word_1_47' title='bbox 612 1293 803 1366; x_wconf 88' lang='lat' dir='ltr'>enim</span> <span class='ocrx_word' id='word_1_48' title='bbox 841 1318 1125 1392; x_wconf 86' lang='lat' dir='ltr'>possum</span> <span class='ocrx_word' id='word_1_49' title='bbox 1154 1318 1170 1363; x_wconf 92' lang='lat'>:</span> <span class='ocrx_word' id='word_1_50' title='bbox 1214 1319 1391 1365; x_wconf 83' lang='lat' dir='ltr'>saeva</span> <span class='ocrx_word' id='word_1_51' title='bbox 1421 1290 1782 1391; x_wconf 78' lang='lat' dir='ltr'>inquisitio</span> <span class='ocrx_word' id='word_1_52' title='bbox 1815 1291 1891 1363; x_wconf 87' lang='lat' dir='ltr'>in</span> <span class='ocrx_word' id='word_1_53' title='bbox 1923 1291 2262 1402; x_wconf 77' lang='lat' dir='ltr'>praeterita</span> <span class='ocrx_word' id='word_1_54' title='bbox 2297 1311 2437 1364; x_wconf 88' lang='lat' dir='ltr'>est:</span> 
     </span>
     <span class='ocr_line' id='line_1_8' title="bbox 343 1404 2443 1506; baseline -0.001 -26"><span class='ocrx_word' id='word_1_55' title='bbox 343 1407 420 1481; x_wconf 87' lang='lat' dir='ltr'>id</span> <span class='ocrx_word' id='word_1_56' title='bbox 465 1407 605 1481; x_wconf 90' lang='lat' dir='ltr'>sive</span> <span class='ocrx_word' id='word_1_57' title='bbox 647 1408 866 1481; x_wconf 87' lang='lat' dir='ltr'>voluit</span> <span class='ocrx_word' id='word_1_58' title='bbox 912 1433 1091 1498; x_wconf 87' lang='lat' dir='ltr'>esse,</span> <span class='ocrx_word' id='word_1_59' title='bbox 1141 1407 1334 1506; x_wconf 89' lang='lat' dir='ltr'>quod</span> <span class='ocrx_word' id='word_1_60' title='bbox 1373 1406 1680 1506; x_wconf 84' lang='lat' dir='ltr'>scripsit,</span> <span class='ocrx_word' id='word_1_61' title='bbox 1729 1407 1871 1479; x_wconf 87' lang='lat' dir='ltr'>sive</span> <span class='ocrx_word' id='word_1_62' title='bbox 1922 1404 2121 1478; x_wconf 87' lang='lat' dir='ltr'>aliud</span> <span class='ocrx_word' id='word_1_63' title='bbox 2171 1404 2443 1504; x_wconf 86' lang='lat' dir='ltr'>aliquid</span> 
     </span>
     <span class='ocr_line' id='line_1_9' title="bbox 346 1521 2441 1623; baseline -0.001 -26"><span class='ocrx_word' id='word_1_64' title='bbox 346 1524 707 1623; x_wconf 82' lang='lat' dir='ltr'>cogitavit,</span> <span class='ocrx_word' id='word_1_65' title='bbox 741 1524 877 1596; x_wconf 90' lang='lat' dir='ltr'>hoc</span> <span class='ocrx_word' id='word_1_66' title='bbox 899 1521 1199 1622; x_wconf 85' lang='lat' dir='ltr'>scripsit,</span> <span class='ocrx_word' id='word_1_67' title='bbox 1228 1523 1362 1596; x_wconf 90' lang='lat' dir='ltr'>hoc</span> <span class='ocrx_word' id='word_1_68' title='bbox 1375 1522 1536 1622; x_wconf 88' lang='lat' dir='ltr'>jure</span> <span class='ocrx_word' id='word_1_69' title='bbox 1558 1523 1859 1594; x_wconf 82' lang='lat' dir='ltr'>viximus</span> <span class='ocrx_word' id='word_1_70' title='bbox 1875 1578 1895 1613; x_wconf 92' lang='lat'>,</span> <span class='ocrx_word' id='word_1_71' title='bbox 1925 1521 2058 1595; x_wconf 90' lang='lat' dir='ltr'>hoc</span> <span class='ocrx_word' id='word_1_72' title='bbox 2081 1522 2441 1621; x_wconf 86' lang='lat' dir='ltr'>spectavit:</span> 
     </span>
     <span class='ocr_line' id='line_1_10' title="bbox 344 1637 2446 1739; baseline 0 -28"><span class='ocrx_word' id='word_1_73' title='bbox 344 1637 527 1711; x_wconf 88' lang='lat' dir='ltr'>nihil</span> <span class='ocrx_word' id='word_1_74' title='bbox 554 1640 789 1711; x_wconf 90' lang='lat' dir='ltr'>minus</span> <span class='ocrx_word' id='word_1_75' title='bbox 815 1639 979 1711; x_wconf 86' lang='lat' dir='ltr'>ferri</span> <span class='ocrx_word' id='word_1_76' title='bbox 1013 1659 1282 1739; x_wconf 84' lang='lat' dir='ltr'>oportet</span> <span class='ocrx_word' id='word_1_77' title='bbox 1314 1638 1393 1711; x_wconf 88' lang='lat' dir='ltr'>in</span> <span class='ocrx_word' id='word_1_78' title='bbox 1421 1638 1694 1712; x_wconf 86' lang='lat' dir='ltr'>civitate</span> <span class='ocrx_word' id='word_1_79' title='bbox 1712 1697 1733 1731; x_wconf 92' lang='lat'>,</span> <span class='ocrx_word' id='word_1_80' title='bbox 1764 1666 1980 1738; x_wconf 86' lang='lat' dir='ltr'>quam</span> <span class='ocrx_word' id='word_1_81' title='bbox 2013 1659 2091 1711; x_wconf 89' lang='lat' dir='ltr'>ut</span> <span class='ocrx_word' id='word_1_82' title='bbox 2117 1638 2227 1710; x_wconf 87' lang='lat' dir='ltr'>lex</span> <span class='ocrx_word' id='word_1_83' title='bbox 2255 1638 2446 1712; x_wconf 86' lang='lat' dir='ltr'>deci-</span> 
     </span>
     <span class='ocr_line' id='line_1_11' title="bbox 344 1752 2438 1852; baseline 0 -27"><span class='ocrx_word' id='word_1_84' title='bbox 344 1752 513 1851; x_wconf 86' lang='lat' dir='ltr'>piat.</span> <span class='ocrx_word' id='word_1_85' title='bbox 548 1755 1002 1826; x_wconf 83' lang='lat' dir='ltr'>Innocentem</span> <span class='ocrx_word' id='word_1_86' title='bbox 1045 1752 1353 1825; x_wconf 87' lang='lat' dir='ltr'>accusavi</span> <span class='ocrx_word' id='word_1_87' title='bbox 1390 1779 1406 1824; x_wconf 91' lang='lat'>:</span> <span class='ocrx_word' id='word_1_88' title='bbox 1452 1753 1613 1826; x_wconf 85' lang='lat' dir='ltr'>satis</span> <span class='ocrx_word' id='word_1_89' title='bbox 1657 1775 1792 1844; x_wconf 87' lang='lat' dir='ltr'>est,</span> <span class='ocrx_word' id='word_1_90' title='bbox 1835 1754 2026 1852; x_wconf 91' lang='lat' dir='ltr'>quod</span> <span class='ocrx_word' id='word_1_91' title='bbox 2069 1752 2438 1832; x_wconf 85' lang='lat' dir='ltr'>damnavi:</span> 
     </span>
     <span class='ocr_line' id='line_1_12' title="bbox 344 1867 2443 1969; baseline 0 -29"><span class='ocrx_word' id='word_1_92' title='bbox 344 1893 578 1965; x_wconf 87' lang='lat' dir='ltr'>neque</span> <span class='ocrx_word' id='word_1_93' title='bbox 599 1867 791 1939; x_wconf 90' lang='lat' dir='ltr'>enim</span> <span class='ocrx_word' id='word_1_94' title='bbox 820 1868 928 1939; x_wconf 85' lang='lat' dir='ltr'>lex</span> <span class='ocrx_word' id='word_1_95' title='bbox 957 1868 1083 1939; x_wconf 77' lang='lat' dir='ltr'>i‘sta</span> <span class='ocrx_word' id='word_1_96' title='bbox 1103 1867 1349 1967; x_wconf 86' lang='lat' dir='ltr'>scripta</span> <span class='ocrx_word' id='word_1_97' title='bbox 1372 1888 1503 1959; x_wconf 87' lang='lat' dir='ltr'>est,</span> <span class='ocrx_word' id='word_1_98' title='bbox 1522 1889 1602 1940; x_wconf 89' lang='lat' dir='ltr'>ut</span> <span class='ocrx_word' id='word_1_99' title='bbox 1622 1868 1746 1969; x_wconf 93' lang='lat' dir='ltr'>qui</span> <span class='ocrx_word' id='word_1_100' title='bbox 1773 1868 2219 1942; x_wconf 86' lang='lat' dir='ltr'>innocentem</span> <span class='ocrx_word' id='word_1_101' title='bbox 2244 1895 2443 1942; x_wconf 90' lang='lat' dir='ltr'>accu-</span> 
     </span>
     <span class='ocr_line' id='line_1_13' title="bbox 346 1982 2442 2092; baseline 0.002 -41"><span class='ocrx_word' id='word_1_102' title='bbox 346 1983 629 2072; x_wconf 82' lang='lat' dir='ltr'>saverit,</span> <span class='ocrx_word' id='word_1_103' title='bbox 665 1982 888 2081; x_wconf 84' lang='lat' dir='ltr'>capite</span> <span class='ocrx_word' id='word_1_104' title='bbox 929 1982 1304 2092; x_wconf 82' lang='lat' dir='ltr'>puniatur3</span> <span class='ocrx_word' id='word_1_105' title='bbox 1344 1982 1463 2055; x_wconf 91' lang='lat' dir='ltr'>sed</span> <span class='ocrx_word' id='word_1_106' title='bbox 1498 2003 1579 2055; x_wconf 93' lang='lat' dir='ltr'>ut</span> <span class='ocrx_word' id='word_1_107' title='bbox 1610 1984 1965 2082; x_wconf 85' lang='lat' dir='ltr'>puniatur,</span> <span class='ocrx_word' id='word_1_108' title='bbox 2001 1984 2124 2084; x_wconf 91' lang='lat' dir='ltr'>qui</span> <span class='ocrx_word' id='word_1_109' title='bbox 2157 2009 2442 2061; x_wconf 87' lang='lat' dir='ltr'>accusa-</span> 
     </span>
     <span class='ocr_line' id='line_1_14' title="bbox 344 2096 2445 2202; baseline 0.003 -33"><span class='ocrx_word' id='word_1_110' title='bbox 344 2097 555 2186; x_wconf 86' lang='lat' dir='ltr'>verit,</span> <span class='ocrx_word' id='word_1_111' title='bbox 598 2124 727 2169; x_wconf 92' lang='lat' dir='ltr'>nec</span> <span class='ocrx_word' id='word_1_112' title='bbox 771 2097 1216 2170; x_wconf 86' lang='lat' dir='ltr'>damnaverit.</span> <span class='ocrx_word' id='word_1_113' title='bbox 1247 2096 1630 2188; x_wconf 88' lang='lat' dir='ltr'>Quomodo</span> <span class='ocrx_word' id='word_1_114' title='bbox 1673 2127 1835 2202; x_wconf 78' lang='lat' dir='ltr'>ergo</span> <span class='ocrx_word' id='word_1_115' title='bbox 1872 2100 2054 2173; x_wconf 89' lang='lat' dir='ltr'>nihil</span> <span class='ocrx_word' id='word_1_116' title='bbox 2089 2100 2445 2199; x_wconf 87' lang='lat' dir='ltr'>prodesset</span> 
     </span>
     <span class='ocr_line' id='line_1_15' title="bbox 344 2212 2441 2313; baseline 0.003 -31"><span class='ocrx_word' id='word_1_117' title='bbox 344 2212 766 2302; x_wconf 86' lang='lat' dir='ltr'>accusatori,</span> <span class='ocrx_word' id='word_1_118' title='bbox 817 2212 873 2284; x_wconf 90' lang='lat' dir='ltr'>si</span> <span class='ocrx_word' id='word_1_119' title='bbox 924 2240 1067 2288; x_wconf 91' lang='lat' dir='ltr'>non</span> <span class='ocrx_word' id='word_1_120' title='bbox 1115 2212 1508 2295; x_wconf 81' lang='lat' dir='ltr'>damnasset</span> <span class='ocrx_word' id='word_1_121' title='bbox 1532 2272 1552 2306; x_wconf 89' lang='lat'>,</span> <span class='ocrx_word' id='word_1_122' title='bbox 1602 2235 1837 2313; x_wconf 90' lang='lat' dir='ltr'>postea</span> <span class='ocrx_word' id='word_1_123' title='bbox 1883 2235 2248 2288; x_wconf 88' lang='lat' dir='ltr'>nocentem</span> <span class='ocrx_word' id='word_1_124' title='bbox 2298 2241 2441 2289; x_wconf 86' lang='lat' dir='ltr'>esse</span> 
     </span>
     <span class='ocr_line' id='line_1_16' title="bbox 343 2330 2440 2429; baseline 0.002 -31"><span class='ocrx_word' id='word_1_125' title='bbox 343 2348 782 2426; x_wconf 89' lang='lat' dir='ltr'>compertum</span> <span class='ocrx_word' id='word_1_126' title='bbox 809 2354 1007 2418; x_wconf 90' lang='lat' dir='ltr'>eum,</span> <span class='ocrx_word' id='word_1_127' title='bbox 1039 2354 1253 2427; x_wconf 90' lang='lat' dir='ltr'>quem</span> <span class='ocrx_word' id='word_1_128' title='bbox 1282 2330 1659 2404; x_wconf 83' lang='lat' dir='ltr'>accusavit:</span> <span class='ocrx_word' id='word_1_129' title='bbox 1687 2330 1780 2408; x_wconf 86' lang='lat' dir='ltr'>ita</span> <span class='ocrx_word' id='word_1_130' title='bbox 1803 2331 1901 2422; x_wconf 91' lang='lat' dir='ltr'>ei,</span> <span class='ocrx_word' id='word_1_131' title='bbox 1933 2331 2057 2429; x_wconf 88' lang='lat' dir='ltr'>qui</span> <span class='ocrx_word' id='word_1_132' title='bbox 2081 2331 2440 2403; x_wconf 87' lang='lat' dir='ltr'>fortunam</span> 
     </span>
     <span class='ocr_line' id='line_1_17' title="bbox 341 2442 2443 2544; baseline 0.002 -31"><span class='ocrx_word' id='word_1_133' title='bbox 341 2442 727 2514; x_wconf 86' lang='lat' dir='ltr'>secundam</span> <span class='ocrx_word' id='word_1_134' title='bbox 749 2442 1000 2543; x_wconf 87' lang='lat' dir='ltr'>judicii</span> <span class='ocrx_word' id='word_1_135' title='bbox 1030 2442 1226 2531; x_wconf 86' lang='lat' dir='ltr'>tulit,</span> <span class='ocrx_word' id='word_1_136' title='bbox 1255 2469 1401 2515; x_wconf 90' lang='lat' dir='ltr'>non</span> <span class='ocrx_word' id='word_1_137' title='bbox 1432 2443 1643 2517; x_wconf 89' lang='lat' dir='ltr'>debet</span> <span class='ocrx_word' id='word_1_138' title='bbox 1668 2472 1915 2518; x_wconf 86' lang='lat' dir='ltr'>nocere</span> <span class='ocrx_word' id='word_1_139' title='bbox 1935 2501 1955 2534; x_wconf 88' lang='lat'>,</span> <span class='ocrx_word' id='word_1_140' title='bbox 1988 2443 2179 2544; x_wconf 91' lang='lat' dir='ltr'>quod</span> <span class='ocrx_word' id='word_1_141' title='bbox 2208 2466 2443 2543; x_wconf 88' lang='lat' dir='ltr'>postea</span> 
     </span>
     <span class='ocr_line' id='line_1_18' title="bbox 343 2553 2440 2668; baseline 0.003 -42"><span class='ocrx_word' id='word_1_142' title='bbox 343 2555 617 2628; x_wconf 89' lang='lat' dir='ltr'>accidit.</span> <span class='ocrx_word' id='word_1_143' title='bbox 666 2559 808 2629; x_wconf 84' lang='lat' dir='ltr'>Lex</span> <span class='ocrx_word' id='word_1_144' title='bbox 858 2556 1068 2630; x_wconf 87' lang='lat' dir='ltr'>talem</span> <span class='ocrx_word' id='word_1_145' title='bbox 1115 2558 1593 2632; x_wconf 86' lang='lat' dir='ltr'>conditionem</span> <span class='ocrx_word' id='word_1_146' title='bbox 1631 2553 1882 2668; x_wconf 88' lang='lat' dir='ltr'>judicii</span> <span class='ocrx_word' id='word_1_147' title='bbox 1922 2559 2126 2650; x_wconf 86' lang='lat' dir='ltr'>facit,</span> <span class='ocrx_word' id='word_1_148' title='bbox 2176 2558 2252 2630; x_wconf 86' lang='lat' dir='ltr'>in</span> <span class='ocrx_word' id='word_1_149' title='bbox 2299 2585 2440 2658; x_wconf 92' lang='lat' dir='ltr'>quo</span> 
     </span>
     <span class='ocr_line' id='line_1_19' title="bbox 345 2670 2441 2772; baseline 0.002 -31"><span class='ocrx_word' id='word_1_150' title='bbox 345 2670 548 2742; x_wconf 86' lang='lat' dir='ltr'>caedis</span> <span class='ocrx_word' id='word_1_151' title='bbox 594 2693 956 2754; x_wconf 85' lang='lat' dir='ltr'>accusatur</span> <span class='ocrx_word' id='word_1_152' title='bbox 996 2699 1187 2762; x_wconf 81' lang='lat' dir='ltr'>reus,</span> <span class='ocrx_word' id='word_1_153' title='bbox 1236 2695 1318 2745; x_wconf 90' lang='lat' dir='ltr'>ut</span> <span class='ocrx_word' id='word_1_154' title='bbox 1362 2675 1599 2772; x_wconf 86' lang='lat' dir='ltr'>utique</span> <span class='ocrx_word' id='word_1_155' title='bbox 1648 2673 1968 2747; x_wconf 86' lang='lat' dir='ltr'>adversus</span> <span class='ocrx_word' id='word_1_156' title='bbox 2010 2672 2231 2746; x_wconf 88' lang='lat' dir='ltr'>alium</span> <span class='ocrx_word' id='word_1_157' title='bbox 2271 2699 2441 2772; x_wconf 90' lang='lat' dir='ltr'>pro-</span> 
     </span>
     <span class='ocr_line' id='line_1_20' title="bbox 342 2775 2439 2888; baseline 0.001 -31"><span class='ocrx_word' id='word_1_158' title='bbox 342 2786 714 2859; x_wconf 87' lang='lat' dir='ltr'>nuncietur</span> <span class='ocrx_word' id='word_1_159' title='bbox 735 2802 751 2831; x_wconf 84' lang='lat'>¹</span> <span class='ocrx_word' id='word_1_160' title='bbox 787 2814 801 2858; x_wconf 91' lang='lat'>:</span> <span class='ocrx_word' id='word_1_161' title='bbox 847 2807 965 2859; x_wconf 89' lang='lat' dir='ltr'>aut</span> <span class='ocrx_word' id='word_1_162' title='bbox 998 2814 1198 2860; x_wconf 88' lang='lat' dir='ltr'>reum</span> <span class='ocrx_word' id='word_1_163' title='bbox 1231 2787 1552 2869; x_wconf 83' lang='lat' dir='ltr'>damnari</span> <span class='ocrx_word' id='word_1_164' title='bbox 1588 2809 1892 2888; x_wconf 87' lang='lat' dir='ltr'>oportet,</span> <span class='ocrx_word' id='word_1_165' title='bbox 1928 2810 2051 2862; x_wconf 89' lang='lat' dir='ltr'>aut</span> <span class='ocrx_word' id='word_1_166' title='bbox 2080 2775 2439 2861; x_wconf 80' lang='lat' dir='ltr'>accusato-</span> 
     </span>
     <span class='ocr_line' id='line_1_21' title="bbox 345 2899 2438 3005; baseline 0.002 -34"><span class='ocrx_word' id='word_1_167' title='bbox 345 2926 533 2972; x_wconf 88' lang='lat' dir='ltr'>rem:</span> <span class='ocrx_word' id='word_1_168' title='bbox 572 2921 646 2973; x_wconf 91' lang='lat' dir='ltr'>tu</span> <span class='ocrx_word' id='word_1_169' title='bbox 681 2899 855 3000; x_wconf 91' lang='lat' dir='ltr'>quid</span> <span class='ocrx_word' id='word_1_170' title='bbox 883 2901 1036 2975; x_wconf 77' lang='lat' dir='ltr'>vis?</span> <span class='ocrx_word' id='word_1_171' title='bbox 1056 2925 1133 2977; x_wconf 90' lang='lat' dir='ltr'>ut</span> <span class='ocrx_word' id='word_1_172' title='bbox 1155 2923 1445 3005; x_wconf 86' lang='lat' dir='ltr'>uterque</span> <span class='ocrx_word' id='word_1_173' title='bbox 1473 2904 1843 2978; x_wconf 86' lang='lat' dir='ltr'>damnatus</span> <span class='ocrx_word' id='word_1_174' title='bbox 1872 2906 1997 2977; x_wconf 91' lang='lat' dir='ltr'>sit:</span> <span class='ocrx_word' id='word_1_175' title='bbox 2030 2931 2119 2976; x_wconf 91' lang='lat' dir='ltr'>an</span> <span class='ocrx_word' id='word_1_176' title='bbox 2150 2923 2228 2975; x_wconf 90' lang='lat' dir='ltr'>ut</span> <span class='ocrx_word' id='word_1_177' title='bbox 2252 2903 2438 2975; x_wconf 88' lang='lat' dir='ltr'>istud</span> 
     </span>
     <span class='ocr_line' id='line_1_22' title="bbox 347 3015 2442 3110; baseline 0.003 -28"><span class='ocrx_word' id='word_1_178' title='bbox 347 3035 607 3084; x_wconf 69' lang='lat' dir='ltr'>verum·</span> <span class='ocrx_word' id='word_1_179' title='bbox 633 3015 784 3110; x_wconf 63' lang='lat' dir='ltr'>siv,</span> <span class='ocrx_word' id='word_1_180' title='bbox 832 3036 911 3090; x_wconf 91' lang='lat' dir='ltr'>ut</span> <span class='ocrx_word' id='word_1_181' title='bbox 956 3015 1325 3094; x_wconf 86' lang='lat' dir='ltr'>damnatus</span> <span class='ocrx_word' id='word_1_182' title='bbox 1374 3020 1461 3092; x_wconf 87' lang='lat' dir='ltr'>sit</span> <span class='ocrx_word' id='word_1_183' title='bbox 1502 3019 1656 3092; x_wconf 79' lang='lat' dir='ltr'>reus</span> <span class='ocrx_word' id='word_1_184' title='bbox 1702 3041 1767 3092; x_wconf 90' lang='lat' dir='ltr'>et</span> <span class='ocrx_word' id='word_1_185' title='bbox 1811 3039 2162 3102; x_wconf 86' lang='lat' dir='ltr'>accusator</span> <span class='ocrx_word' id='word_1_186' title='bbox 2200 3044 2215 3087; x_wconf 73' lang='grc' dir='ltr'><strong>ε</strong></span> <span class='ocrx_word' id='word_1_187' title='bbox 2262 3016 2442 3089; x_wconf 88' lang='lat' dir='ltr'>illud</span> 
     </span>
    </p>
   </div>
   <div class='ocr_carea' id='block_1_3' title="bbox 266 3190 1355 4377">
    <p class='ocr_par' dir='ltr' id='par_1_3' title="bbox 340 3190 1355 4215">
     <span class='ocr_line' id='line_1_23' title="bbox 342 3190 1354 3265; baseline 0.005 -22"><span class='ocrx_word' id='word_1_188' title='bbox 342 3190 541 3244; x_wconf 64' lang='lat' dir='ltr'>mouth.</span> <span class='ocrx_word' id='word_1_189' title='bbox 557 3192 686 3247; x_wconf 71' lang='lat' dir='ltr'>mei</span> <span class='ocrx_word' id='word_1_190' title='bbox 696 3197 821 3261; x_wconf 66' lang='grc' dir='ltr'><em>μηδ’.</em></span> <span class='ocrx_word' id='word_1_191' title='bbox 845 3193 965 3265; x_wconf 57' lang='lat' dir='ltr'>«xpi</span> <span class='ocrx_word' id='word_1_192' title='bbox 981 3194 1091 3249; x_wconf 68' lang='grc' dir='ltr'><strong>’ὅταν</strong></span> <span class='ocrx_word' id='word_1_193' title='bbox 1100 3194 1189 3262; x_wconf 69' lang='grc' dir='ltr'>μὲν</span> <span class='ocrx_word' id='word_1_194' title='bbox 1202 3196 1354 3250; x_wconf 59' lang='lat' dir='ltr'>‘ruffio-</span> 
     </span>
     <span class='ocr_line' id='line_1_24' title="bbox 345 3268 1346 3338; baseline 0.002 -17"><span class='ocrx_word' id='word_1_195' title='bbox 345 3270 396 3321; x_wconf 75' lang='grc' dir='ltr'>θο</span> <span class='ocrx_word' id='word_1_196' title='bbox 409 3268 515 3327; x_wconf 69' lang='grc' dir='ltr'>τοδε</span> <span class='ocrx_word' id='word_1_197' title='bbox 529 3270 702 3338; x_wconf 68' lang='grc' dir='ltr'><strong><em>ιὸμους,</em></strong></span> <span class='ocrx_word' id='word_1_198' title='bbox 720 3273 865 3326; x_wconf 57' lang='lat' dir='ltr'>&amp;rof-&gt;i</span> <span class='ocrx_word' id='word_1_199' title='bbox 876 3270 992 3330; x_wconf 64' lang='grc' dir='ltr'>σανίς</span> <span class='ocrx_word' id='word_1_200' title='bbox 1010 3273 1093 3326; x_wconf 74' lang='lat' dir='ltr'>u&#39;ct</span> <span class='ocrx_word' id='word_1_201' title='bbox 1115 3274 1346 3329; x_wconf 67' lang='lat' dir='ltr'>eun-⁸2⁹7.-</span> 
     </span>
     <span class='ocr_line' id='line_1_25' title="bbox 351 3349 1355 3422; baseline 0.002 -21"><span class='ocrx_word' id='word_1_202' title='bbox 351 3349 593 3407; x_wconf 44' lang='lat' dir='ltr'>&amp;Erudit</span> <span class='ocrx_word' id='word_1_203' title='bbox 608 3354 643 3402; x_wconf 64' lang='lat'>1⁴</span> <span class='ocrx_word' id='word_1_204' title='bbox 641 3350 663 3410; x_wconf 67' lang='grc' dir='ltr'>ὅ</span> <span class='ocrx_word' id='word_1_205' title='bbox 672 3353 839 3416; x_wconf 67' lang='grc' dir='ltr'><strong><em>θῖσθι,</em></strong></span> <span class='ocrx_word' id='word_1_206' title='bbox 855 3352 1107 3421; x_wconf 39' lang='lat' dir='ltr'>quaerimur</span> <span class='ocrx_word' id='word_1_207' title='bbox 1122 3350 1201 3404; x_wconf 65' lang='grc' dir='ltr'>καὶ</span> <span class='ocrx_word' id='word_1_208' title='bbox 1213 3353 1355 3422; x_wconf 61' lang='grc' dir='ltr'><strong><em>χρῖο-</em></strong></span> 
     </span>
     <span class='ocr_line' id='line_1_26' title="bbox 342 3429 1349 3503; baseline 0.005 -23"><span class='ocrx_word' id='word_1_209' title='bbox 342 3429 452 3493; x_wconf 68' lang='lat' dir='ltr'>om,</span> <span class='ocrx_word' id='word_1_210' title='bbox 478 3429 539 3488; x_wconf 61' lang='grc' dir='ltr'>ὥς</span> <span class='ocrx_word' id='word_1_211' title='bbox 565 3429 744 3487; x_wconf 58' lang='lat' dir='ltr'>&amp;in-or</span> <span class='ocrx_word' id='word_1_212' title='bbox 764 3432 920 3496; x_wconf 65' lang='lat'>³⁸37,</span> <span class='ocrx_word' id='word_1_213' title='bbox 939 3456 961 3480; x_wconf 79' lang='grc' dir='ltr'>ιο</span> <span class='ocrx_word' id='word_1_214' title='bbox 990 3433 1159 3503; x_wconf 83' lang='lat' dir='ltr'>inquit</span> <span class='ocrx_word' id='word_1_215' title='bbox 1182 3431 1349 3485; x_wconf 67' lang='lat' dir='ltr'>Plato.</span> 
     </span>
     <span class='ocr_line' id='line_1_27' title="bbox 340 3507 1352 3585; baseline 0.001 -24"><span class='ocrx_word' id='word_1_216' title='bbox 340 3507 522 3564; x_wconf 73' lang='lat' dir='ltr'>AEnon&#39;.</span> <span class='ocrx_word' id='word_1_217' title='bbox 549 3541 621 3555; x_wconf 86' lang='lat'>·-</span> <span class='ocrx_word' id='word_1_218' title='bbox 646 3512 793 3565; x_wconf 84' lang='lat' dir='ltr'>Soeva</span> <span class='ocrx_word' id='word_1_219' title='bbox 829 3513 1095 3584; x_wconf 72' lang='lat' dir='ltr'>inquisitio</span> <span class='ocrx_word' id='word_1_220' title='bbox 1128 3513 1184 3563; x_wconf 83' lang='grc' dir='ltr'>ἰη</span> <span class='ocrx_word' id='word_1_221' title='bbox 1211 3527 1352 3585; x_wconf 79' lang='lat' dir='ltr'>proe-</span> 
     </span>
     <span class='ocr_line' id='line_1_28' title="bbox 342 3589 1351 3662; baseline 0.002 -22"><span class='ocrx_word' id='word_1_222' title='bbox 342 3590 510 3642; x_wconf 74' lang='lat' dir='ltr'>ten&#39;ta.</span> <span class='ocrx_word' id='word_1_223' title='bbox 536 3589 683 3642; x_wconf 80' lang='lat' dir='ltr'>Nihil</span> <span class='ocrx_word' id='word_1_224' title='bbox 706 3590 796 3642; x_wconf 87' lang='lat' dir='ltr'>hic</span> <span class='ocrx_word' id='word_1_225' title='bbox 821 3609 997 3662; x_wconf 89' lang='lat' dir='ltr'>neque</span> <span class='ocrx_word' id='word_1_226' title='bbox 1022 3592 1224 3643; x_wconf 76' lang='lat' dir='ltr'>saevitiae</span> <span class='ocrx_word' id='word_1_227' title='bbox 1251 3608 1351 3642; x_wconf 87' lang='lat' dir='ltr'>ne-</span> 
     </span>
     <span class='ocr_line' id='line_1_29' title="bbox 344 3670 1353 3744; baseline 0 -22"><span class='ocrx_word' id='word_1_228' title='bbox 344 3687 448 3740; x_wconf 86' lang='lat' dir='ltr'>que</span> <span class='ocrx_word' id='word_1_229' title='bbox 469 3670 811 3725; x_wconf 80' lang='lat' dir='ltr'>crudelitatis.</span> <span class='ocrx_word' id='word_1_230' title='bbox 837 3673 1005 3743; x_wconf 77' lang='lat' dir='ltr'>Lege:</span> <span class='ocrx_word' id='word_1_231' title='bbox 1029 3672 1154 3726; x_wconf 79' lang='lat' dir='ltr'>Sera</span> <span class='ocrx_word' id='word_1_232' title='bbox 1179 3671 1353 3744; x_wconf 73' lang='lat' dir='ltr'>inqui-</span> 
     </span>
     <span class='ocr_line' id='line_1_30' title="bbox 343 3748 1353 3823; baseline 0.002 -23"><span class='ocrx_word' id='word_1_233' title='bbox 343 3748 477 3801; x_wconf 74' lang='lat' dir='ltr'>sitio.</span> <span class='ocrx_word' id='word_1_234' title='bbox 512 3750 677 3802; x_wconf 71' lang='lat' dir='ltr'>Gnon.</span> <span class='ocrx_word' id='word_1_235' title='bbox 716 3751 799 3803; x_wconf 82' lang='lat' dir='ltr'>An</span> <span class='ocrx_word' id='word_1_236' title='bbox 834 3769 967 3806; x_wconf 76' lang='lat' dir='ltr'>soeva</span> <span class='ocrx_word' id='word_1_237' title='bbox 1004 3750 1269 3823; x_wconf 72' lang='lat' dir='ltr'>inquisitio</span> <span class='ocrx_word' id='word_1_238' title='bbox 1300 3761 1353 3802; x_wconf 80' lang='lat' dir='ltr'>et</span> 
     </span>
     <span class='ocr_line' id='line_1_31' title="bbox 342 3833 1350 3901; baseline 0.002 -19"><span class='ocrx_word' id='word_1_239' title='bbox 342 3846 421 3882; x_wconf 81' lang='lat' dir='ltr'>res</span> <span class='ocrx_word' id='word_1_240' title='bbox 451 3833 711 3901; x_wconf 70' lang='lat' dir='ltr'>proeteru&#39;ta</span> <span class='ocrx_word' id='word_1_241' title='bbox 738 3845 825 3885; x_wconf 71' lang='lat' dir='ltr'>est.</span> <span class='ocrx_word' id='word_1_242' title='bbox 861 3833 1079 3885; x_wconf 71' lang='lat' dir='ltr'>Senum.</span> <span class='ocrx_word' id='word_1_243' title='bbox 1113 3833 1191 3884; x_wconf 82' lang='lat' dir='ltr'>Ita</span> <span class='ocrx_word' id='word_1_244' title='bbox 1218 3848 1350 3884; x_wconf 78' lang='lat' dir='ltr'>soeva</span> 
     </span>
     <span class='ocr_line' id='line_1_32' title="bbox 341 3908 1349 3980; baseline 0.002 -23"><span class='ocrx_word' id='word_1_245' title='bbox 341 3924 445 3977; x_wconf 84' lang='lat' dir='ltr'>pro</span> <span class='ocrx_word' id='word_1_246' title='bbox 480 3926 622 3975; x_wconf 81' lang='lat' dir='ltr'>sera,</span> <span class='ocrx_word' id='word_1_247' title='bbox 661 3908 998 3980; x_wconf 80' lang='lat' dir='ltr'>apud-ovid.</span> <span class='ocrx_word' id='word_1_248' title='bbox 1032 3910 1212 3959; x_wconf 83' lang='lat' dir='ltr'>Amor.</span> <span class='ocrx_word' id='word_1_249' title='bbox 1246 3909 1349 3975; x_wconf 88' lang='lat'>111,</span> 
     </span>
     <span class='ocr_line' id='line_1_33' title="bbox 341 3986 1350 4062; baseline -0.002 -24"><span class='ocrx_word' id='word_1_250' title='bbox 341 3986 409 4050; x_wconf 85' lang='lat'>6,</span> <span class='ocrx_word' id='word_1_251' title='bbox 448 4002 534 4057; x_wconf 85' lang='lat'>71.</span> <span class='ocrx_word' id='word_1_252' title='bbox 568 4016 639 4026; x_wconf 95' lang='lat'>—</span> <span class='ocrx_word' id='word_1_253' title='bbox 673 3989 789 4042; x_wconf 83' lang='lat' dir='ltr'>Hoc</span> <span class='ocrx_word' id='word_1_254' title='bbox 808 3992 936 4062; x_wconf 82' lang='lat' dir='ltr'>jure</span> <span class='ocrx_word' id='word_1_255' title='bbox 968 3987 1203 4039; x_wconf 73' lang='lat' dir='ltr'>viximus.</span> <span class='ocrx_word' id='word_1_256' title='bbox 1244 3987 1350 4037; x_wconf 90' lang='lat' dir='ltr'>Cur</span> 
     </span>
     <span class='ocr_line' id='line_1_34' title="bbox 341 4065 1346 4133; baseline 0 -17"><span class='ocrx_word' id='word_1_257' title='bbox 341 4082 484 4133; x_wconf 87' lang='lat' dir='ltr'>non,</span> <span class='ocrx_word' id='word_1_258' title='bbox 508 4067 742 4120; x_wconf 76' lang='lat' dir='ltr'>vivimus.</span> <span class='ocrx_word' id='word_1_259' title='bbox 770 4068 936 4121; x_wconf 67' lang='lat' dir='ltr'>Gnou.</span> <span class='ocrx_word' id='word_1_260' title='bbox 967 4068 1158 4131; x_wconf 81' lang='lat' dir='ltr'>Forte,</span> <span class='ocrx_word' id='word_1_261' title='bbox 1183 4065 1346 4117; x_wconf 76' lang='lat' dir='ltr'>vinci·</span> 
     </span>
     <span class='ocr_line' id='line_1_35' title="bbox 340 4143 1122 4215; baseline -0.001 -19"><span class='ocrx_word' id='word_1_262' title='bbox 340 4162 456 4198; x_wconf 74' lang='lat' dir='ltr'>mus</span> <span class='ocrx_word' id='word_1_263' title='bbox 475 4143 560 4197; x_wconf 82' lang='lat' dir='ltr'>vel</span> <span class='ocrx_word' id='word_1_264' title='bbox 583 4145 830 4215; x_wconf 76' lang='lat' dir='ltr'>vicimus,</span> <span class='ocrx_word' id='word_1_265' title='bbox 855 4146 1122 4200; x_wconf 72' lang='lat' dir='ltr'>Erancius.</span> 
     </span>
    </p>

    <p class='ocr_par' dir='ltr' id='par_1_4' title="bbox 266 4221 1354 4377">
     <span class='ocr_line' id='line_1_36' title="bbox 418 4221 1348 4300; baseline -0.001 -23"><span class='ocrx_word' id='word_1_266' title='bbox 418 4243 463 4277; x_wconf 84' lang='lat' dir='ltr'>t.</span> <span class='ocrx_word' id='word_1_267' title='bbox 496 4226 570 4279; x_wconf 80' lang='lat' dir='ltr'>Ut</span> <span class='ocrx_word' id='word_1_268' title='bbox 588 4225 767 4300; x_wconf 75' lang='lat' dir='ltr'>utique</span> <span class='ocrx_word' id='word_1_269' title='bbox 788 4227 1025 4280; x_wconf 78' lang='lat' dir='ltr'>adversus</span> <span class='ocrx_word' id='word_1_270' title='bbox 1041 4221 1207 4276; x_wconf 76' lang='lat' dir='ltr'>alium</span> <span class='ocrx_word' id='word_1_271' title='bbox 1222 4241 1348 4295; x_wconf 77' lang='lat' dir='ltr'>pro-</span> 
     </span>
     <span class='ocr_line' id='line_1_37' title="bbox 266 4306 1354 4377; baseline 0 -21"><span class='ocrx_word' id='word_1_272' title='bbox 266 4325 273 4340; x_wconf 74' lang='lat'>=</span> <span class='ocrx_word' id='word_1_273' title='bbox 344 4307 632 4362; x_wconf 64' lang='lat' dir='ltr'>nunciatur.</span> <span class='ocrx_word' id='word_1_274' title='bbox 656 4306 932 4361; x_wconf 79' lang='lat' dir='ltr'>AErodius:</span> <span class='ocrx_word' id='word_1_275' title='bbox 957 4308 1068 4361; x_wconf 82' lang='lat' dir='ltr'>Nec</span> <span class='ocrx_word' id='word_1_276' title='bbox 1091 4306 1271 4377; x_wconf 78' lang='lat' dir='ltr'>utique</span> <span class='ocrx_word' id='word_1_277' title='bbox 1293 4315 1354 4356; x_wconf 82' lang='lat' dir='ltr'>ut</span> 
     </span>
    </p>
   </div>
   <div class='ocr_carea' id='block_1_4' title="bbox 1428 3195 2446 4283">
    <p class='ocr_par' dir='ltr' id='par_1_5' title="bbox 1429 3195 2446 3722">
     <span class='ocr_line' id='line_1_38' title="bbox 1433 3195 2446 3268; baseline -0.002 -18"><span class='ocrx_word' id='word_1_278' title='bbox 1433 3199 1672 3252; x_wconf 78' lang='lat' dir='ltr'>adversus</span> <span class='ocrx_word' id='word_1_279' title='bbox 1709 3197 1880 3250; x_wconf 74' lang='lat' dir='ltr'>alium</span> <span class='ocrx_word' id='word_1_280' title='bbox 1916 3195 2319 3268; x_wconf 56' lang='lat' dir='ltr'>pronunciata,</span> <span class='ocrx_word' id='word_1_281' title='bbox 2352 3195 2446 3248; x_wconf 71' lang='lat' dir='ltr'>sed</span> 
     </span>
     <span class='ocr_line' id='line_1_39' title="bbox 1432 3271 2438 3341; baseline -0.001 -14"><span class='ocrx_word' id='word_1_282' title='bbox 1432 3287 1530 3328; x_wconf 83' lang='lat' dir='ltr'>aut</span> <span class='ocrx_word' id='word_1_283' title='bbox 1543 3295 1707 3328; x_wconf 82' lang='lat' dir='ltr'>reum.</span> <span class='ocrx_word' id='word_1_284' title='bbox 1718 3274 1863 3328; x_wconf 86' lang='lat' dir='ltr'>Nihil</span> <span class='ocrx_word' id='word_1_285' title='bbox 1877 3273 1964 3326; x_wconf 85' lang='lat' dir='ltr'>bic</span> <span class='ocrx_word' id='word_1_286' title='bbox 1977 3271 2293 3325; x_wconf 85' lang='lat' dir='ltr'>mendosum</span> <span class='ocrx_word' id='word_1_287' title='bbox 2304 3310 2322 3341; x_wconf 85' lang='lat'>‚</span> <span class='ocrx_word' id='word_1_288' title='bbox 2337 3274 2438 3326; x_wconf 79' lang='lat' dir='ltr'>nisi</span> 
     </span>
     <span class='ocr_line' id='line_1_40' title="bbox 1431 3348 2440 3424; baseline -0.002 -18"><span class='ocrx_word' id='word_1_289' title='bbox 1431 3371 1534 3406; x_wconf 77' lang='lat' dir='ltr'>vox</span> <span class='ocrx_word' id='word_1_290' title='bbox 1551 3353 1721 3405; x_wconf 78' lang='lat' dir='ltr'>alium</span> <span class='ocrx_word' id='word_1_291' title='bbox 1738 3374 1754 3404; x_wconf 91' lang='lat'>.·</span> <span class='ocrx_word' id='word_1_292' title='bbox 1777 3370 1876 3424; x_wconf 89' lang='lat' dir='ltr'>pro</span> <span class='ocrx_word' id='word_1_293' title='bbox 1898 3369 2002 3423; x_wconf 82' lang='lat' dir='ltr'>qua</span> <span class='ocrx_word' id='word_1_294' title='bbox 2022 3348 2268 3406; x_wconf 83' lang='lat' dir='ltr'>substitui</span> <span class='ocrx_word' id='word_1_295' title='bbox 2284 3369 2440 3424; x_wconf 85' lang='lat' dir='ltr'>opor-</span> 
     </span>
     <span class='ocr_line' id='line_1_41' title="bbox 1433 3428 2437 3505; baseline 0 -23"><span class='ocrx_word' id='word_1_296' title='bbox 1433 3443 1508 3484; x_wconf 85' lang='lat' dir='ltr'>tet</span> <span class='ocrx_word' id='word_1_297' title='bbox 1530 3430 1760 3505; x_wconf 73' lang='lat' dir='ltr'>aliquem</span> <span class='ocrx_word' id='word_1_298' title='bbox 1772 3470 1791 3498; x_wconf 85' lang='lat'>,</span> <span class='ocrx_word' id='word_1_299' title='bbox 1811 3428 1895 3481; x_wconf 78' lang='lat' dir='ltr'>vel</span> <span class='ocrx_word' id='word_1_300' title='bbox 1912 3428 2156 3482; x_wconf 81' lang='lat' dir='ltr'>alterum.</span> <span class='ocrx_word' id='word_1_301' title='bbox 2181 3430 2437 3484; x_wconf 79' lang='lat' dir='ltr'>Caeterum</span> 
     </span>
     <span class='ocr_line' id='line_1_42' title="bbox 1429 3506 2439 3580; baseline 0 -18"><span class='ocrx_word' id='word_1_302' title='bbox 1429 3507 1513 3562; x_wconf 74' lang='lat' dir='ltr'>his</span> <span class='ocrx_word' id='word_1_303' title='bbox 1531 3509 1706 3562; x_wconf 78' lang='lat' dir='ltr'>verbis</span> <span class='ocrx_word' id='word_1_304' title='bbox 1727 3508 2083 3574; x_wconf 78' lang='lat' dir='ltr'>confirmatur,</span> <span class='ocrx_word' id='word_1_305' title='bbox 2106 3506 2253 3580; x_wconf 87' lang='lat' dir='ltr'>quod</span> <span class='ocrx_word' id='word_1_306' title='bbox 2274 3526 2439 3580; x_wconf 77' lang='lat' dir='ltr'>supra</span> 
     </span>
     <span class='ocr_line' id='line_1_43' title="bbox 1432 3589 2430 3648; baseline -0.005 -4"><span class='ocrx_word' id='word_1_307' title='bbox 1432 3590 1590 3644; x_wconf 81' lang='lat' dir='ltr'>dixit:</span> <span class='ocrx_word' id='word_1_308' title='bbox 1620 3614 1642 3639; x_wconf 80' lang='grc' dir='ltr'>ιι</span> <span class='ocrx_word' id='word_1_309' title='bbox 1660 3592 1760 3642; x_wconf 87' lang='lat' dir='ltr'>Hic</span> <span class='ocrx_word' id='word_1_310' title='bbox 1780 3592 1920 3648; x_wconf 87' lang='lat' dir='ltr'>enim</span> <span class='ocrx_word' id='word_1_311' title='bbox 1937 3589 2269 3644; x_wconf 78' lang='lat' dir='ltr'>indemnatus</span> <span class='ocrx_word' id='word_1_312' title='bbox 2289 3600 2384 3642; x_wconf 88' lang='lat' dir='ltr'>est.</span> <span class='ocrx_word' id='word_1_313' title='bbox 2408 3610 2430 3634; x_wconf 78' lang='grc' dir='ltr'>ιο</span> 
     </span>
     <span class='ocr_line' id='line_1_44' title="bbox 1429 3670 1595 3722; baseline 0 0"><span class='ocrx_word' id='word_1_314' title='bbox 1429 3670 1595 3722; x_wconf 64' lang='lat' dir='ltr'>Goon.</span> 
     </span>
    </p>

    <p class='ocr_par' dir='ltr' id='par_1_6' title="bbox 1428 3741 2444 4283">
     <span class='ocr_line' id='line_1_45' title="bbox 1506 3741 2440 3804; baseline -0.009 -1"><span class='ocrx_word' id='word_1_315' title='bbox 1506 3766 1553 3803; x_wconf 80' lang='lat'>2.</span> <span class='ocrx_word' id='word_1_316' title='bbox 1574 3748 1664 3800; x_wconf 79' lang='lat' dir='ltr'>An</span> <span class='ocrx_word' id='word_1_317' title='bbox 1682 3757 1741 3799; x_wconf 81' lang='lat' dir='ltr'>ut</span> <span class='ocrx_word' id='word_1_318' title='bbox 1763 3747 1899 3802; x_wconf 80' lang='lat' dir='ltr'>istud</span> <span class='ocrx_word' id='word_1_319' title='bbox 1919 3765 2099 3804; x_wconf 78' lang='lat' dir='ltr'>verum</span> <span class='ocrx_word' id='word_1_320' title='bbox 2120 3748 2202 3804; x_wconf 76' lang='lat' dir='ltr'>sit.</span> <span class='ocrx_word' id='word_1_321' title='bbox 2228 3741 2440 3800; x_wconf 63' lang='lat' dir='ltr'>Scribez</span> 
     </span>
     <span class='ocr_line' id='line_1_46' title="bbox 1430 3821 2444 3894; baseline -0.009 -15"><span class='ocrx_word' id='word_1_322' title='bbox 1430 3827 1529 3894; x_wconf 82' lang='lat' dir='ltr'>At,</span> <span class='ocrx_word' id='word_1_323' title='bbox 1553 3836 1614 3877; x_wconf 80' lang='lat' dir='ltr'>ut</span> <span class='ocrx_word' id='word_1_324' title='bbox 1630 3825 1763 3880; x_wconf 71' lang='lat' dir='ltr'>imai</span> <span class='ocrx_word' id='word_1_325' title='bbox 1780 3845 1956 3880; x_wconf 79' lang='lat' dir='ltr'>verum</span> <span class='ocrx_word' id='word_1_326' title='bbox 1977 3826 2069 3891; x_wconf 72' lang='lat' dir='ltr'>sit,</span> <span class='ocrx_word' id='word_1_327' title='bbox 2084 3835 2143 3875; x_wconf 81' lang='lat' dir='ltr'>ut</span> <span class='ocrx_word' id='word_1_328' title='bbox 2159 3821 2444 3880; x_wconf 59' lang='lat' dir='ltr'>damnatus</span> 
     </span>
     <span class='ocr_line' id='line_1_47' title="bbox 1430 3898 2441 3968; baseline -0.009 -10"><span class='ocrx_word' id='word_1_329' title='bbox 1430 3906 1499 3959; x_wconf 74' lang='lat' dir='ltr'>sit</span> <span class='ocrx_word' id='word_1_330' title='bbox 1534 3924 1646 3958; x_wconf 74' lang='lat' dir='ltr'>reus</span> <span class='ocrx_word' id='word_1_331' title='bbox 1679 3916 1731 3957; x_wconf 79' lang='lat' dir='ltr'>et</span> <span class='ocrx_word' id='word_1_332' title='bbox 1764 3915 2057 3968; x_wconf 79' lang='lat' dir='ltr'>accusator,</span> <span class='ocrx_word' id='word_1_333' title='bbox 2094 3898 2236 3952; x_wconf 76' lang='lat' dir='ltr'>illud</span> <span class='ocrx_word' id='word_1_334' title='bbox 2264 3911 2441 3958; x_wconf 74' lang='lat' dir='ltr'>tamen</span> 
     </span>
     <span class='ocr_line' id='line_1_48' title="bbox 1431 3978 2440 4053; baseline -0.006 -19"><span class='ocrx_word' id='word_1_335' title='bbox 1431 3981 1518 4035; x_wconf 77' lang='lat' dir='ltr'>lex</span> <span class='ocrx_word' id='word_1_336' title='bbox 1535 3980 1717 4037; x_wconf 70' lang='lat' dir='ltr'>voluit.</span> <span class='ocrx_word' id='word_1_337' title='bbox 1738 3984 1969 4053; x_wconf 87' lang='lat' dir='ltr'>Nempe,</span> <span class='ocrx_word' id='word_1_338' title='bbox 1985 3993 2044 4031; x_wconf 87' lang='lat' dir='ltr'>ut</span> <span class='ocrx_word' id='word_1_339' title='bbox 2063 3978 2195 4030; x_wconf 84' lang='lat' dir='ltr'>alter</span> <span class='ocrx_word' id='word_1_340' title='bbox 2213 3989 2440 4029; x_wconf 82' lang='lat' dir='ltr'>tautum-</span> 
     </span>
     <span class='ocr_line' id='line_1_49' title="bbox 1428 4058 2434 4114; baseline -0.003 0"><span class='ocrx_word' id='word_1_341' title='bbox 1428 4060 1591 4114; x_wconf 85' lang='lat' dir='ltr'>modo</span> <span class='ocrx_word' id='word_1_342' title='bbox 1616 4060 1970 4114; x_wconf 78' lang='lat' dir='ltr'>damnaretur.</span> <span class='ocrx_word' id='word_1_343' title='bbox 1995 4058 2163 4111; x_wconf 69' lang='lat' dir='ltr'>Gnou.</span> <span class='ocrx_word' id='word_1_344' title='bbox 2186 4058 2264 4110; x_wconf 81' lang='lat' dir='ltr'>At</span> <span class='ocrx_word' id='word_1_345' title='bbox 2282 4067 2342 4110; x_wconf 76' lang='lat' dir='ltr'>ut</span> <span class='ocrx_word' id='word_1_346' title='bbox 2366 4058 2434 4111; x_wconf 70' lang='lat' dir='ltr'>is-</span> 
     </span>
     <span class='ocr_line' id='line_1_50' title="bbox 1428 4140 2434 4197; baseline -0.005 0"><span class='ocrx_word' id='word_1_347' title='bbox 1428 4144 1525 4197; x_wconf 75' lang='lat' dir='ltr'>tud</span> <span class='ocrx_word' id='word_1_348' title='bbox 1550 4163 1595 4195; x_wconf 83' lang='lat' dir='ltr'>v.</span> <span class='ocrx_word' id='word_1_349' title='bbox 1626 4162 1665 4197; x_wconf 81' lang='lat' dir='ltr'>s.</span> <span class='ocrx_word' id='word_1_350' title='bbox 1697 4162 1763 4195; x_wconf 82' lang='lat' dir='ltr'>ne</span> <span class='ocrx_word' id='word_1_351' title='bbox 1789 4144 2065 4196; x_wconf 80' lang='lat' dir='ltr'>damnatus</span> <span class='ocrx_word' id='word_1_352' title='bbox 2090 4161 2126 4194; x_wconf 80' lang='lat' dir='ltr'>s.</span> <span class='ocrx_word' id='word_1_353' title='bbox 2162 4158 2204 4192; x_wconf 87' lang='lat' dir='ltr'>r.</span> <span class='ocrx_word' id='word_1_354' title='bbox 2236 4140 2324 4194; x_wconf 80' lang='lat' dir='ltr'>sed</span> <span class='ocrx_word' id='word_1_355' title='bbox 2351 4159 2434 4193; x_wconf 81' lang='lat' dir='ltr'>ae.</span> 
     </span>
     <span class='ocr_line' id='line_1_51' title="bbox 1429 4219 2436 4283; baseline -0.004 -10"><span class='ocrx_word' id='word_1_356' title='bbox 1429 4222 1463 4273; x_wconf 79' lang='grc' dir='ltr'>ι’.</span> <span class='ocrx_word' id='word_1_357' title='bbox 1492 4233 1526 4274; x_wconf 78' lang='lat' dir='ltr'>t.</span> <span class='ocrx_word' id='word_1_358' title='bbox 1551 4220 1637 4274; x_wconf 77' lang='lat' dir='ltr'>lex</span> <span class='ocrx_word' id='word_1_359' title='bbox 1656 4219 1839 4273; x_wconf 79' lang='lat' dir='ltr'>noluit.</span> <span class='ocrx_word' id='word_1_360' title='bbox 1863 4222 1982 4273; x_wconf 82' lang='lat' dir='ltr'>Hoc</span> <span class='ocrx_word' id='word_1_361' title='bbox 2005 4235 2191 4283; x_wconf 74' lang='lat' dir='ltr'>sensu5</span> <span class='ocrx_word' id='word_1_362' title='bbox 2214 4221 2257 4272; x_wconf 79' lang='lat' dir='ltr'>si</span> <span class='ocrx_word' id='word_1_363' title='bbox 2275 4236 2436 4272; x_wconf 75' lang='lat' dir='ltr'>accu-</span> 
     </span>
    </p>
   </div>
   <div class='ocr_carea' id='block_1_5' title="bbox 1429 4298 2433 4371">
    <p class='ocr_par' dir='ltr' id='par_1_7' title="bbox 1429 4298 2433 4371">
     <span class='ocr_line' id='line_1_52' title="bbox 1429 4298 2433 4371; baseline -0.013 -14"><span class='ocrx_word' id='word_1_364' title='bbox 1429 4316 1572 4357; x_wconf 76' lang='lat' dir='ltr'>sator</span> <span class='ocrx_word' id='word_1_365' title='bbox 1618 4303 1684 4355; x_wconf 77' lang='lat' dir='ltr'>sit</span> <span class='ocrx_word' id='word_1_366' title='bbox 1730 4300 2042 4371; x_wconf 75' lang='lat' dir='ltr'>dammtus,</span> <span class='ocrx_word' id='word_1_367' title='bbox 2084 4298 2276 4355; x_wconf 77' lang='lat' dir='ltr'>deind·</span> <span class='ocrx_word' id='word_1_368' title='bbox 2323 4315 2433 4340; x_wconf 72' lang='lat' dir='ltr'>··-v</span> 
     </span>
    </p>
   </div>
  </div>
 </body>
</html>
