3200 5117
768 586 1608 656 DECLAMATtoNEs.
1653 589 1959 654 ccxc1.
2293 613 2410 678 177

330 744 455 790 ras.
494 714 861 788 Adulteros
906 736 980 787 tu
1024 713 1209 787 dices
1242 715 1555 816 jacentes
1604 712 1678 784 in
1718 715 1977 811 geniali
2018 713 2210 786 toro?
2257 713 2417 786 duri

328 830 725 905 mehercule
755 828 1177 918 viderentur,
1217 828 1274 899 si
1303 827 1437 899 cito
1471 825 1780 899 oblivisci
1812 828 2115 930 conjugii
2150 829 2419 928 potuis·
2529 893 2536 896 .

331 969 501 1022 sent.
543 947 837 1019 Occisus
874 966 975 1018 est
1007 943 1320 1045 juvenis,
1361 943 1535 1015 dum
1574 970 1722 1015 rem
1762 944 1931 1016 facit
1964 944 2131 1017 boni
2163 945 2415 1016 mariti.

330 1066 489 1136 Non
529 1061 971 1151 erubescam,
1009 1057 1312 1160 jndiceS‚
1350 1079 1503 1156 post
1541 1056 2025 1155 gravissimum
2072 1058 2420 1150 dolorem,

335 1178 747 1253 descendere
772 1177 842 1247 in
867 1175 1047 1247 hanc
1072 1199 1353 1273 quoque
1382 1199 1599 1245 causae
1625 1192 1897 1273 partem
1914 1230 1933 1262 ,
1964 1194 2041 1245 ut
2063 1174 2423 1274 objiciam,

338 1291 527 1390 quod
548 1316 831 1363 uxorem
854 1287 1178 1361 occideris
1202 1286 1382 1358 bene
1407 1286 1761 1374 meritam,
1796 1287 2134 1383 quamsic
2159 1291 2422 1362 amasti.

339 1406 452 1479 Sic
501 1405 588 1477 de
638 1400 1038 1475 innocentia
1086 1401 1499 1472 miserorum
1550 1424 1720 1497 ago,
1774 1420 2135 1497 tamquam
2181 1402 2296 1496 liic
2341 1404 2430 1475 de

342 1520 565 1619 capite
603 1538 994 1620 quaeratur:
1040 1543 1186 1587 non
1227 1513 1489 1586 sufficit
1529 1512 1751 1586 dolori
1794 1542 1984 1605 meo,
2020 1516 2210 1614 quod
2253 1511 2433 1591 mihi

342 1635 577 1707 filium
599 1631 959 1721 abstulisti,
977 1631 1097 1731 qui
1124 1623 1250 1702 tibi
1275 1627 1518 1717 assedi,
1537 1628 1657 1727 qui
1683 1628 1770 1701 ad
1790 1629 2244 1730 languentem
2268 1662 2432 1709 cum

338 1748 579 1848 gladio
596 1748 927 1821 sollicitus
945 1744 1210 1817 intravi.
1231 1746 1376 1842 Ego
1393 1744 1671 1815 eosdem
1691 1744 1903 1834 cibos,
1924 1746 2170 1822 eadem
2189 1776 2434 1824 mensa

345 1885 491 1963 qua
519 1883 593 1935 tu
613 1921 632 1953 ,
669 1887 911 1961 capere
941 1886 1086 1931 non
1110 1885 1430 1958 possum,
1466 1885 1594 1931 nec
1625 1859 1817 1931 illam
1849 1886 2144 1935 manum
2167 1862 2431 1959 videre,

348 2005 504 2076 quae
558 1977 832 2048 fumare
890 1972 1066 2045 mihi
1119 1972 1346 2045 adhuc
1397 1972 1523 2045 filii
1568 1975 1709 2068 mei
1759 1978 2097 2075 sanguine
2139 1977 2434 2068 videtur.

344 2096 640 2192 Semper
662 2088 838 2161 mihi
862 2108 1172 2160 armatus
1194 2086 1441 2159 videris
1459 2143 1478 2178 ,
1502 2089 1877 2187 ‘nunquam
1903 2091 2089 2170 solus
2115 2097 2434 2169 occurris,

349 2210 415 2278 lt
436 2225 596 2277 ante
620 2203 854 2275 oculos
877 2201 1209 2274 laceratus
1235 2200 1457 2273 filius:
1488 2202 1677 2276 hunc
1693 2204 1888 2304 juxta
1912 2186 2436 2305 nurus'o‘ptima,

348 2343 576 2393 nurus
603 2317 1250 2420 obsequentissima:
1285 2314 1588 2388 clamare
1612 2316 2078 2407 videntur3Tu
2105 2315 2235 2392 nos
2262 2322 2443 2396 occi-

354 2434 556 2526 disti,
585 2454 660 2507 tu
680 2491 700 2524 ,
732 2434 851 2532 qui
882 2459 1006 2505 nos
1031 2431 1290 2533 injuria
1314 2432 1504 2546 prius
1533 2432 1894 2532 distraxisti
1918 2434 2144 2534 :quid
2167 2462 2441 2512 necesse

359 2569 505 2621 erat
547 2547 804 2620 solvere
860 2546 1390 2626 matrimonium
1408 2545 1453 2636 Ρ,
1487 2547 1859 2650 οξτερῑιιω
1910 2570 2009 2620 est
2057 2549 2447 2628 credulitati

361 2684 491 2737 tuae
510 2677 569 2733 ¹:
602 2687 750 2734 non
779 2661 1096 2750 amabat,
1131 2661 1254 2758 qui
1290 2662 1512 2761 potuit
1542 2662 1875 2734 occidere.

1408 2793 1425 2830 l
1541 2805 1553 2826 ι
1635 2811 1648 2824 ι
1715 2809 1722 2818 ·

367 2870 663 2943 cogitavere.
684 2866 910 2918 amabas
926 2865 1137 2922 videtur
1153 2885 1217 2920 ex
1233 2885 1364 2937 prae-
1400 2909 1408 2922 .
1447 2865 1726 2919 liberm-um
1746 2873 1987 2936 causam)
2015 2870 2242 2936 amabat,
2269 2871 2448 2926 AErod.

262 2943 273 2961 ⁸
367 2946 675 3000 cedentibus
693 2963 950 2999 manasse.
972 2947 1187 2998 Senum.
1213 2945 1267 3000 V
1264 2943 1389 2999 ἰιίερ
1448 2946 1613 3017 quiin
1633 2964 1797 3017 marg.
1819 2945 1887 2998 al.
1897 2948 2103 3020 ferente
2117 2966 2202 2999 me
2216 2957 2474 3020 tantum„

369 3027 539 3078 enim:
567 3024 845 3078 liberorum
864 3044 1018 3078 causa
1035 3025 1269 3088 amaba55
1295 3043 1371 3090 ηις
1448 3025 1810 3098 κάηιιοναιῐε.

373 3103 1095 3177 cogitavemgobrecht.Non
1110 3106 1372 3178 m.feoen-
1529 3122 1573 3157 ι.
1604 3105 1909 3159 credulitati
1941 3119 2057 3160 moe.
2093 3108 2178 3159 An
2210 3111 2376 3161 meae?
2395 3122 2460 3165 ut

378 3194 480 3235 tem
502 3192 703 3236 tantum
723 3194 1030 3258 quaerentem
1049 3184 1217 3254 (vides
1233 3186 1372 3238 enim
1436 3184 1614 3239 verba
1638 3188 1742 3239 sint
1762 3187 1929 3260 patris
1953 3200 2008 3238 et
2030 3187 2216 3241 soceri.
2239 3191 2460 3244 Senum.
