3200 5117
767 535 894 615 254
1261 532 1354 598 Μ.
1403 530 1653 596 FABn
1700 528 2340 613 QUINTILIAM

753 657 874 758 jus
896 677 1253 728 tueamur:
1289 654 1411 727 sed
1446 653 1623 726 illud
1659 653 1903 741 etiam,
1943 678 2089 724 non
2119 652 2357 723 minus
2393 676 2520 749 pro
2551 676 2636 722 eo
2669 676 2846 741 esse,

761 792 1003 843 contra
1020 796 1231 868 quem
1252 768 1572 840 videmur
1607 794 1843 866 agere,
1869 766 1925 839 si
1959 787 2195 838 tamen
2227 764 2521 863 explicet
2555 779 2575 809 ¹
2594 765 2810 838 fidem
2829 821 2848 855 ,

764 884 954 981 quod
998 910 1124 956 nos
1169 882 1683 955 contendimus,
1732 882 1810 953 Id
1853 880 2046 952 enim
2089 879 2296 952 hodie
2344 878 2708 977 quaeritur,
2757 905 2850 951 an

764 1023 994 1069 servus
1015 996 1102 1067 sit
1124 1022 1140 1066 ε
1177 995 1264 1068 de
1286 995 1690 1068 liberalitate
1711 995 1894 1097 ejus,
1914 993 2037 1093 qui
2061 1020 2188 1066 nos
2211 992 2495 1065 heredes
2519 993 2847 1083 instituit,

764 1109 935 1182 nihil
977 1108 1360 1207 querimur.
1401 1111 1645 1182 Servos
1683 1107 2138 1182 manumisit:
2178 1133 2372 1179 nunc
2409 1108 2524 1179 cui
2566 1128 2850 1179 contro-

762 1225 975 1298 versia
1010 1223 1368 1296 movetur?
1406 1250 1581 1296 num
1616 1224 1811 1296 inviti
1851 1249 2007 1311 eos,
2044 1222 2396 1320 tristesque
2435 1221 2509 1293 in
2550 1245 2848 1294 numero

763 1340 1046 1412 civitatis
1070 1338 1536 1437 adspicimus?
1562 1338 1723 1410 Alia
1755 1337 1955 1410 nobis
1992 1337 2161 1409 ratio
2194 1363 2359 1409 cum
2385 1336 2845 1426 debitoribus,

762 1457 898 1529 alia
914 1483 1081 1527 cum
1102 1455 1461 1553 ingenuis:
1488 1481 1720 1553 neque
1738 1480 1867 1526 nos
1889 1454 2099 1552 fugit,
2121 1455 2307 1527 velut
2329 1453 2400 1525 in
2422 1453 2846 1526 contrarium

763 1571 860 1644 ire
894 1570 1125 1643 litem:
1153 1596 1322 1642 nam
1365 1570 1421 1641 si
1456 1570 1616 1668 quis
1645 1595 1724 1642 ex
1760 1568 1962 1641 nobis
1991 1559 2204 1640 istum
2235 1594 2510 1640 servum
2535 1589 2845 1654 vocaret,

768 1685 985 1759 multa
1014 1684 1314 1758 habebat
1340 1685 1684 1783 profecto,
1722 1710 1874 1783 qnae
1914 1709 2039 1783 pro
2079 1710 2150 1755 se
2195 1682 2487 1773 diceret,
2530 1708 2655 1781 per
2694 1707 2843 1782 quae

768 1800 1109 1900 ingenuus
1153 1798 1522 1872 videretur.
1574 1798 1772 1889 Quid
1824 1799 2015 1870 enim
2060 1797 2170 1869 lex
2220 1796 2430 1871 dicit?
2459 1799 2845 1871 ‹Anntc'rtss

764 1935 1008 1988 Donec
1036 1935 1411 2003 sowi-:nm
1440 1933 1778 1986 ssnvm‘r:
1813 1897 2173 2013 mopinot,
2204 1940 2346 1986 non
2368 1933 2632 1985 ssnvns
2658 1927 2840 1986 ²srr:

764 2032 1153 2130 plurimum
1189 2053 1426 2103 autem
1465 2031 1706 2119 refert,
1740 2057 1833 2102 an
1876 2030 2124 2102 servire
2166 2029 2412 2102 merito
2452 2028 2842 2119 ³dicamus;

767 2167 833 2219 et
863 2173 976 2217 eos
1010 2146 1133 2245 qui
1168 2146 1238 2217 in
1275 2146 1527 2245 piratas
1558 2146 1964 2234 inciderint,
1994 2165 2062 2217 et
2084 2171 2198 2218 eos
2222 2144 2344 2244 qui
2374 2145 2462 2216 ab
2490 2145 2679 2217 hoste
2712 2146 2848 2217 sint

766 2260 966 2358 capti.
1016 2260 1097 2330 Id
1143 2260 1333 2359 quod
1384 2260 1706 2360 ingenuis
1745 2281 1993 2334 natura
2041 2259 2267 2350 dedit,
2314 2259 2510 2331 nulla
2549 2260 2846 2331 fortunae

766 2374 1022 2474 injuria
1045 2374 1217 2473 eripi
1238 2395 1489 2472 potest:
1518 2374 1593 2446 id
1614 2374 1928 2473 quamvis
1952 2373 2129 2444 nulli
2149 2400 2292 2446 non
2315 2383 2612 2446 vestrum
2638 2372 2845 2445 existi·

768 2516 884 2561 mo
905 2516 1047 2561 esse
1068 2490 1517 2562 manifestum
1536 2547 1555 2580 ,
1583 2488 2006 2588 quibusdam
2030 2512 2266 2564 tamen
2299 2488 2618 2560 confessis
2648 2515 2845 2584 argu-

768 2604 1018 2675 mentis
1062 2603 1420 2675 ostendere
1463 2604 1644 2676 volo.
1695 2605 1872 2677 Ante
1918 2605 2162 2676 omnia
2207 2630 2435 2675 servus
2480 2601 2590 2672 hic
2632 2600 2844 2672 habet

764 2746 1024 2792 nomen
1041 2718 1095 2809 4,
1136 2740 1235 2791 est
1270 2719 1341 2791 in
1376 2746 1624 2811 censu,
1659 2740 1778 2793 aut
1813 2721 1887 2792 in
1924 2723 2151 2794 tribu:
2186 2746 2485 2820 quorum
2518 2717 2727 2807 nihil,
2764 2737 2844 2787 ut

1842 2884 2140 2939 inculcatur
2173 2884 2467 2939 verborum.
2509 2882 2743 2941 Serviat,
2784 2889 2846 2931 ut

1844 2966 2059 3037 opinor,-
2093 2983 2200 3017 non
2234 2982 2403 3018 servus
2434 2963 2514 3015 sit.
2543 2959 2845 3012 Plurimum

842 2902 884 2936 ι.
911 2884 971 2937 Si
998 2895 1170 2935 tamen
1198 2883 1418 2956 explicet
1429 2882 1617 2957 fidem.
1647 2887 1762 2936 Hoc

763 2980 869 3032 est,
894 2968 939 3019 si
956 2963 1191 3017 debitum
1212 2964 1386 3016 solvit.
1410 2967 1585 3016 AEnon.
1609 2964 1766 3017 Nihil

764 3046 935 3096 minus
951 3064 1007 3117 p.
1033 3062 1077 3094 e.
1102 3062 1145 3094 e.
1170 3062 1213 3095 c.
1240 3061 1289 3115 q.
1314 3044 1548 3095 videmur
1562 3066 1645 3112 ιι,
1665 3044 1766 3096 nisi

763 3137 935 3177 tmnen
967 3123 1189 3196 explicet
1203 3121 1402 3196 fidem,
1426 3144 1587 3197 quam
1623 3124 1766 3197 quod

765 3223 850 3257 vos
867 3202 1173 3258 contenditis
1187 3225 1203 3255 .-
1226 3201 1484 3274 explicare
1488 3200 1658 3275 fidem
1669 3240 1686 3268 ,
1705 3216 1764 3256 nt

759 3285 997 3356 expedire
1021 3302 1242 3348 nomen,
1278 3283 1491 3336 Sueton.
1527 3283 1758 3335 Gratum.

764 3362 979 3414 Senot-1.
1016 3391 1088 3401 —-
1118 3362 1406 3414 Videamur
1436 3360 1599 3413 habet
1636 3361 1761 3414 edit.

762 3440 874 3511 Bip.
892 3457 1013 3490 cum
1035 3438 1197 3492 Hack.
1215 3439 1463 3492 adversus
1481 3440 1652 3490 Burm.
1669 3441 1761 3490 En.

763 3518 990 3569 -Nunc
1004 3517 1088 3568 cui
1105 3517 1464 3570 controversia,
1480 3518 1626 3569 Num
1650 3519 1760 3583 cui,

761 3600 927 3652 Latin.
954 3600 1115 3653 Nunc
1134 3617 1242 3666 em,
1267 3598 1465 3651 Schult.

836 3698 882 3732 2.
908 3679 1109 3731 Serviat
1133 3696 1238 3729 non
1264 3696 1430 3729 servus
1448 3678 1530 3729 sit.
1554 3674 1672 3728 Vid.
1693 3676 1764 3729 ad

761 3764 886 3814 inst.
910 3760 1057 3812 ont.
1083 3757 1175 3810 lib,
1202 3760 1298 3824 111,
1324 3776 1439 3830 etp.
1464 3758 1525 3822 6,
1553 3755 1602 3828 §.
1630 3757 1712 3810 25.

833 3842 883 3894 3.
927 3839 1220 3892 Plurimum
1257 3850 1430 3892 azam
1466 3840 1656 3910 sefer-t,
1691 3858 1764 3892 an

759 3922 940 3974 nervine
954 3921 1138 3973 men'to
1152 3921 1397 3974 dieamus.
1420 3921 1465 3972 A
1480 3939 1638 3974 sensu
1654 3939 1763 3972 non

760 4001 988 4052 alienum
1026 4014 1139 4064 est,
1178 4001 1324 4071 qnod
1362 3999 1577 4073 quidam
1622 4000 1764 4072 apud

764 4080 938 4131 AErod.
963 4079 1461 4132 Pluvia-umentem
1482 4079 1669 4151 resen,
1692 4100 1764 4132 an

759 4161 942 4212 servire
960 4200 978 4226 ‚
1020 4181 1091 4212 cm
1130 4179 1326 4214 sennem
1370 4180 1470 4213 esse
1512 4162 1760 4215 dicamus.

760 4235 960 4290 Ser-vin
987 4240 1170 4292 merito
1198 4241 1436 4293 dicimus.
1473 4240 1575 4293 Sed
1607 4242 1762 4294 nimis

1842 3053 2016 3096 autem
2059 3043 2228 3115 refert.
2271 3041 2405 3095 Satis
2442 3036 2719 3092 commode
2758 3035 2844 3088 hic

1843 3120 2062 3191 intelligi
2085 3134 2247 3191 puto,
2271 3135 2450 3171 utrum
2473 3121 2689 3171 istorum
2717 3114 2844 3168 duo·

1842 3220 1959 3253 rum
1996 3201 2183 3254 dixerit
2218 3200 2318 3253 lex.
2355 3199 2636 3271 Sequentia
2673 3195 2840 3248 deleta

1841 3280 2138 3352 particula,
2177 3292 2236 3330 ut
2278 3277 2385 3330 illi:
2430 3278 2629 3329 Servire
2662 3277 2842 3326 merito

1844 3360 2064 3412 dicimus
2083 3369 2135 3410 et
2155 3377 2254 3412 eos.
2276 3356 2442 3409 Gnou.
2471 3354 2768 3407 Plurimum
2791 3372 2840 3404 a.

1845 3457 1884 3490 r.
1914 3459 1983 3490 an
2011 3440 2193 3491 servire
2223 3437 2513 3490 indicamus
2531 3459 2546 3488 .·
2581 3455 2652 3487 an
2684 3453 2845 3488 servos

1843 3540 1973 3583 esse5
2003 3531 2062 3572 ut
2087 3539 2169 3574 eos
2195 3539 2245 3592 q.
2278 3520 2312 3571 ι’.
2338 3539 2394 3591 p.
2426 3520 2496 3586 ιζ,
2528 3529 2588 3568 ut
2611 3535 2764 3588 eosq.
2790 3536 2838 3566 a.

1844 3601 1895 3653 Ιι.
1924 3618 1962 3653 s.
1992 3600 2148 3671 capti.
2177 3599 2396 3656 Senum.
2429 3595 2729 3649 Plurimum
2750 3612 2841 3644 aa·

1845 3693 1945 3733 tem
1980 3681 2151 3753 refert.
2180 3683 2322 3733 Nam
2349 3678 2533 3732 servire
2561 3696 2632 3727 m.
2662 3678 2709 3728 d.
2741 3688 2840 3726 etc.

1842 3762 1971 3814 Obr.
1999 3793 2071 3803 —
2097 3764 2302 3834 Injun'a
2333 3761 2479 3832 eripi.
2512 3759 2665 3829 En'pi
2698 3757 2843 3829 ipsis,

1842 3843 2025 3896 AErod.
2043 3844 2195 3916 Eripi
2209 3862 2302 3895 nee
2313 3842 2504 3911 surripi
2518 3850 2709 3910 potest,
2730 3839 2840 3889 nliit

1843 3927 1914 3977 ita
1945 3927 2086 3978 enim
2111 3925 2300 3976 Cicero
2325 3923 2420 3974 ult.
2448 3920 2631 3993 parad.
2663 3921 2838 3970 AEnon.

1913 4005 1963 4072 4.
2003 4004 2141 4056 Ante
2175 4004 2352 4056 omnia
2376 4018 2544 4053 servus
2575 3999 2660 4050 hie
2697 3996 2842 4048 habet

1843 4100 2050 4135 nomen.
2094 4083 2247 4145 Hoec,
2285 4094 2339 4133 et
2374 4099 2491 4151 quie
2526 4088 2837 4149 sequuntur,

1843 4165 2059 4215 omnino
2095 4162 2416 4214 conveniunt
2445 4178 2565 4212 cum
2591 4158 2700 4220 his,
2725 4173 2839 4224 qnoe

1842 4239 1910 4292 ab
1955 4241 2144 4296 eodem
2183 4239 2511 4307 Quintiliano
2551 4247 2842 4290 metamur
