3200 5117
720 552 847 618 326
1215 551 1307 614 M.
1354 545 1604 613 FABn
1648 545 2286 632 QUINTILIANI

716 677 905 749 cium
935 672 1059 745 filii
1091 672 1223 744 hoc
1255 697 1663 770 responsum
1696 669 2034 743 dederant
2067 668 2363 742 civitati:
2398 692 2660 768 magua
2689 693 2800 739 ar-

718 790 1104 862 cessebatur
1121 788 1386 860 anima:
1406 786 1650 859 debuit
1668 785 1857 859 duci¹
1883 784 2174 858 honesta
2194 785 2331 856 via:
2351 809 2566 882 quem
2585 782 2799 881 igitur

719 907 951 1006 potius
984 906 1056 977 in
1088 906 1225 976 fine
1249 903 1536 975 actionis
1560 927 1735 975 meae
1764 902 2116 991 invocem,
2143 926 2357 999 quam
2387 898 2592 970 illum
2616 896 2798 969 mihi

721 1023 1081 1123 proprium
1115 1017 1374 1092 deum?

715 1281 1199 1304 mmmm
1205 1274 2069 1300 mmmm
2078 1271 2804 1296 mmmm„

1444 1465 2080 1544 CCCXXVII.

1347 1695 1603 1770 sterilis
1631 1700 1836 1768 trium
1865 1719 2176 1768 noverca.

725 1904 1081 1965 Introducta
1109 1903 1304 1962 tribus
1331 1901 1628 1984 privignis
1643 1914 1684 1976 ¹,
1712 1898 2046 1960 sterilitatis
2073 1896 2591 1962 medicamentum
2618 1898 2808 1959 bibit:

1263 1998 1580 2082 repudiata
1595 2044 1613 2075 ,
1640 1996 1851 2080 injusti
1872 1995 2112 2080 repudii
2139 1996 2284 2078 agit.

1316 2155 1321 2160 ’
1418 2181 2124 2250 DECLAMATto.

827 2348 1041 2439 Quod
1072 2348 1385 2448 primum
1423 2346 1717 2445 pertinet
1748 2345 1838 2417 ad
1875 2346 2218 2446 pudorem
2254 2346 2465 2448 hujus
2496 2349 2816 2440 feminae,

730 2492 875 2536 non
902 2463 1324 2537 adulterium
1350 2462 1693 2565 objicitur,
1721 2488 1863 2533 non
1886 2462 2119 2562 aliqua
2142 2461 2463 2537 adversus
2486 2465 2814 2538 maritum

727 2581 1043 2654 licentia:
1075 2606 1348 2652 necesse
1378 2600 1475 2651 est
1502 2578 1892 2678 plurimum
1918 2580 2064 2680 ejus
2087 2580 2400 2652 moribus
2421 2581 2703 2668 tribuat,
2733 2605 2815 2650 ex

734 2724 877 2797 qua
892 2696 1144 2768 liberos
1164 2695 1421 2793 quaerit.
1454 2694 1711 2766 Omnis
1737 2695 2008 2794 repudii
2030 2722 2234 2770 causa
2260 2696 2331 2768 in
2353 2695 2637 2767 crimine
2662 2719 2811 2764 uno

735 2811 1086 2886 consistit:
1141 2808 1274 2882 hoc
1319 2807 1523 2907 quale
1572 2808 1699 2897 sit,
1761 2830 1993 2908 postea
2042 2810 2470 2882 videbimus:
2523 2807 2812 2879 interim

735 2951 963 2999 unum
999 2944 1129 3015 est,
1161 2922 1235 2994 in
1263 2948 1402 3020 quo
1432 2921 1834 2994 mortalium
1869 2942 2054 2995 tanta
2086 2924 2408 3013 facilitaS,
2442 2949 2564 2994 nec
2597 2922 2682 2994 de
2713 2922 2822 2993 fe-

738 3041 934 3112 mina
977 3037 1261 3138 loquor,
1311 3036 1508 3137 cujus
1551 3035 1898 3108 infirmior
1940 3063 2134 3110 sexus
2175 3058 2320 3129 est,
2368 3037 2487 3111 sed
2538 3037 2614 3109 in
2655 3036 2823 3136 ipsis

739 3156 980 3246 ctiam,
1016 3155 1137 3252 qui
1170 3152 1575 3254 prudentia,
1610 3153 2087 3253 sapientiaque
2117 3153 2396 3252 gloriari
2421 3152 2672 3244 solent,
2696 3151 2824 3224 ha·

739 3268 858 3339 bet
899 3269 1134 3342 locum
1182 3267 1620 3368 poeuitentiae.
1668 3267 1803 3340 Sed
1850 3294 2077 3340 uuum
2121 3268 2207 3340 sit
2250 3294 2415 3340 saue
2455 3294 2697 3367 grave,
2740 3268 2825 3339 sit

744 3383 1100 3454 scelestum
1124 3438 1143 3473 ‚
1182 3403 1252 3455 et
1296 3382 1576 3454 hercule
1598 3439 1618 3470 ,
1656 3381 1981 3453 credibile
2019 3383 2185 3473 erit,
2222 3383 2294 3454 in
2339 3408 2454 3471 ea,
2496 3410 2650 3482 quae
2688 3402 2823 3455 tres

744 3495 1091 3596 privignos
1124 3495 1415 3570 habuit:
1451 3515 1760 3593 exspecto
1798 3523 1878 3568 ex
1914 3495 2025 3569 his
2057 3495 2324 3595 aliquid
2350 3496 2827 3570 novercalibus

823 3729 866 3763 ι.
885 3711 1033 3763 Daci.
1055 3709 1138 3762 Ad
1157 3710 1504 3782 supplicium,
1520 3728 1636 3763 voc.
1656 3727 1746 3761 so·-
1830 3733 1853 3756 ι
1872 3708 2090 3761 domum
2117 3727 2288 3762 meam
2316 3709 2563 3762 inductus
2592 3721 2699 3772 est,
2719 3732 2742 3755 ιι
2776 3719 2829 3759 et

746 3788 1744 3861 lemnietproprio.Vid.Decl.CCCXV.
1826 3791 2022 3862 passim
2056 3791 2111 3840 in
2142 3789 2222 3843 his
2250 3788 2635 3841 Declamatiou.
2666 3789 2829 3839 Recte

820 3867 1186 3922 2.Introducta
1204 3869 1360 3921 tribus
1373 3866 1750 3940 privignis.Le-
1827 3871 1984 3920 etiam
2028 3867 2238 3921 inducta
2275 3867 2559 3941 privignis,
2592 3880 2654 3918 ut
2692 3862 2823 3917 Ptin.

747 3968 841 4021 ge:
879 3947 1104 4000 inducta.
1140 3947 1305 3999 Giton.
1343 3948 1418 3999 lta
1451 3946 1566 3998 Val.
1602 3943 1744 3996 Flac.
1827 3951 2102 4023 Epist.V1‚
2136 3949 2238 4002 33:
2270 3947 2527 4000 «Femina
2552 3943 2822 4019 splendide

748 4028 822 4091 ΙΙ,
854 4025 983 4078 132:
1015 4048 1037 4072 α
1057 4025 1323 4096 Carasque
1346 4027 1473 4077 toris
1496 4023 1749 4076 inducere
1833 4055 1855 4076 a
1875 4044 1996 4083 nata
2028 4030 2341 4085 exheredata
2378 4030 2447 4082 ab
2488 4024 2821 4098 octogenario

756 4128 778 4152 ι
797 4105 1068 4161 Thressas.
1083 4128 1109 4153 ο
1129 4109 1342 4160 Tacitus
1359 4107 1479 4172 ΧΠ,
1498 4125 1552 4159 2:
1576 4128 1599 4152 ι
1616 4106 1752 4157 Lon·
1833 4132 1856 4156 ι
1875 4123 2055 4182 patre,
2078 4112 2215 4162 intra
2240 4109 2486 4163 undecim
2509 4108 2644 4168 dies,
2665 4121 2824 4176 quam

758 4207 780 4231 ι
800 4204 865 4255 ge
905 4188 1098 4239 rectius
1132 4186 1358 4240 Lolliam
1398 4186 1591 4240 induci.
1617 4209 1639 4233 ι
1684 4188 1751 4239 Et
1835 4211 1856 4235 ι
1877 4187 1965 4240 ille
1990 4205 2274 4242 novercam
2299 4190 2379 4252 ei,
2406 4204 2580 4242 amore
2602 4195 2789 4254 captus
2807 4218 2831 4247 2

751 4267 875 4319 infr.
912 4268 1057 4320 Decl.
1095 4268 1442 4323 CCCXLVII:
1493 4291 1515 4316 α
1534 4269 1642 4336 Qui
1683 4265 1751 4320 ad
1836 4266 2170 4322 -iuduxernt,
2192 4289 2215 4315 ι·
2245 4268 2416 4320 Eunu.
