<?xml version="1.0" encoding="UTF-8"?>
<!DOCTYPE html PUBLIC "-//W3C//DTD XHTML 1.0 Transitional//EN"
    "http://www.w3.org/TR/xhtml1/DTD/xhtml1-transitional.dtd">
<html xmlns="http://www.w3.org/1999/xhtml" xml:lang="en" lang="en">
 <head>
  <title>
</title>
<meta http-equiv="Content-Type" content="text/html;charset=utf-8" />
  <meta name='ocr-system' content='tesseract 3.04.00' />
  <meta name='ocr-capabilities' content='ocr_page ocr_carea ocr_par ocr_line ocrx_word'/>
</head>
<body>
  <div class='ocr_page' id='page_1' title='image "./deinstitutioneo00flacgoog_0018.png"; bbox 0 0 3200 5117; ppageno 0'>
   <div class='ocr_carea' id='block_1_1' title="bbox 743 530 2319 612">
    <p class='ocr_par' dir='ltr' id='par_1_1' title="bbox 743 530 2319 612">
     <span class='ocr_line' id='line_1_1' title="bbox 743 530 2319 612; baseline 0.001 -17"><span class='ocrx_word' id='word_1_1' title='bbox 743 554 820 596; x_wconf 87' lang='lat'><strong>10</strong></span> <span class='ocrx_word' id='word_1_2' title='bbox 1241 533 1333 595; x_wconf 88' lang='lat' dir='ltr'><strong>M.</strong></span> <span class='ocrx_word' id='word_1_3' title='bbox 1380 531 1636 595; x_wconf 84' lang='lat' dir='ltr'><strong>FABII</strong></span> <span class='ocrx_word' id='word_1_4' title='bbox 1679 530 2319 612; x_wconf 79' lang='lat' dir='ltr'>QUINTILIANI</span> 
     </span>
    </p>
   </div>
   <div class='ocr_carea' id='block_1_2' title="bbox 737 654 2892 3169">
    <p class='ocr_par' dir='ltr' id='par_1_2' title="bbox 737 654 2892 3169">
     <span class='ocr_line' id='line_1_2' title="bbox 738 654 2819 754; baseline 0.001 -30"><span class='ocrx_word' id='word_1_5' title='bbox 738 654 858 727; x_wconf 92' lang='lat' dir='ltr'><strong>illo</strong></span> <span class='ocrx_word' id='word_1_6' title='bbox 880 675 1215 753; x_wconf 89' lang='lat' dir='ltr'><strong>tempore,</strong></span> <span class='ocrx_word' id='word_1_7' title='bbox 1229 681 1368 751; x_wconf 90' lang='lat' dir='ltr'><strong>quo</strong></span> <span class='ocrx_word' id='word_1_8' title='bbox 1383 680 1545 726; x_wconf 90' lang='lat' dir='ltr'><strong>sane</strong></span> <span class='ocrx_word' id='word_1_9' title='bbox 1564 680 1706 724; x_wconf 89' lang='lat' dir='ltr'><strong>non</strong></span> <span class='ocrx_word' id='word_1_10' title='bbox 1728 654 2046 726; x_wconf 86' lang='lat' dir='ltr'><strong>vacabat¹</strong></span> <span class='ocrx_word' id='word_1_11' title='bbox 2060 712 2078 744; x_wconf 90' lang='lat'><strong>,</strong></span> <span class='ocrx_word' id='word_1_12' title='bbox 2096 656 2149 726; x_wconf 88' lang='lat' dir='ltr'><strong>si</strong></span> <span class='ocrx_word' id='word_1_13' title='bbox 2165 655 2560 754; x_wconf 88' lang='lat' dir='ltr'><strong>protulisset</strong></span> <span class='ocrx_word' id='word_1_14' title='bbox 2573 682 2819 754; x_wconf 86' lang='lat' dir='ltr'><strong>corpus</strong></span> 
     </span>
     <span class='ocr_line' id='line_1_3' title="bbox 737 769 2823 868; baseline -0 -26"><span class='ocrx_word' id='word_1_15' title='bbox 737 796 980 842; x_wconf 90' lang='lat' dir='ltr'><strong>meum</strong></span> <span class='ocrx_word' id='word_1_16' title='bbox 999 827 1017 859; x_wconf 98' lang='lat'><strong>,</strong></span> <span class='ocrx_word' id='word_1_17' title='bbox 1039 770 1229 867; x_wconf 90' lang='lat' dir='ltr'><strong>quod</strong></span> <span class='ocrx_word' id='word_1_18' title='bbox 1251 796 1394 841; x_wconf 91' lang='lat' dir='ltr'><strong>non</strong></span> <span class='ocrx_word' id='word_1_19' title='bbox 1419 769 1649 841; x_wconf 90' lang='lat' dir='ltr'><strong>solum</strong></span> <span class='ocrx_word' id='word_1_20' title='bbox 1681 789 1881 841; x_wconf 89' lang='lat' dir='ltr'><strong>motu</strong></span> <span class='ocrx_word' id='word_1_21' title='bbox 1902 770 2234 868; x_wconf 89' lang='lat' dir='ltr'><strong>corporis,</strong></span> <span class='ocrx_word' id='word_1_22' title='bbox 2259 769 2541 841; x_wconf 71' lang='lat' dir='ltr'><strong>famili&#39;ae</strong></span> <span class='ocrx_word' id='word_1_23' title='bbox 2566 771 2823 844; x_wconf 89' lang='lat' dir='ltr'><strong>concla-</strong></span> 
     </span>
     <span class='ocr_line' id='line_1_4' title="bbox 739 882 2821 983; baseline 0 -29"><span class='ocrx_word' id='word_1_24' title='bbox 739 883 1050 956; x_wconf 89' lang='lat' dir='ltr'><strong>matione</strong></span> <span class='ocrx_word' id='word_1_25' title='bbox 1068 883 1337 956; x_wconf 88' lang='lat' dir='ltr'><strong>excitari</strong></span> <span class='ocrx_word' id='word_1_26' title='bbox 1356 910 1498 956; x_wconf 91' lang='lat' dir='ltr'><strong>non</strong></span> <span class='ocrx_word' id='word_1_27' title='bbox 1516 882 1742 982; x_wconf 88' lang='lat' dir='ltr'><strong>potuit</strong></span> <span class='ocrx_word' id='word_1_28' title='bbox 1757 939 1776 974; x_wconf 85' lang='lat'>‚</span> <span class='ocrx_word' id='word_1_29' title='bbox 1795 882 1913 957; x_wconf 82' lang='lat' dir='ltr'><strong>sed</strong></span> <span class='ocrx_word' id='word_1_30' title='bbox 1932 882 2099 955; x_wconf 91' lang='lat' dir='ltr'><strong>belli</strong></span> <span class='ocrx_word' id='word_1_31' title='bbox 2116 883 2422 955; x_wconf 87' lang='lat' dir='ltr'><strong>tumultu</strong></span> <span class='ocrx_word' id='word_1_32' title='bbox 2438 941 2456 972; x_wconf 87' lang='lat'>‚</span> <span class='ocrx_word' id='word_1_33' title='bbox 2476 905 2541 955; x_wconf 90' lang='lat' dir='ltr'><strong>et</strong></span> <span class='ocrx_word' id='word_1_34' title='bbox 2556 885 2821 983; x_wconf 75' lang='lat' dir='ltr'><strong>fragore</strong></span> 
     </span>
     <span class='ocr_line' id='line_1_5' title="bbox 738 997 2824 1098; baseline 0.001 -29"><span class='ocrx_word' id='word_1_35' title='bbox 738 999 1099 1098; x_wconf 76' lang='lat' dir='ltr'><strong>signorum</strong></span> <span class='ocrx_word' id='word_1_36' title='bbox 1114 1055 1132 1087; x_wconf 89' lang='lat'><strong>,</strong></span> <span class='ocrx_word' id='word_1_37' title='bbox 1155 1019 1225 1071; x_wconf 90' lang='lat' dir='ltr'><strong>et</strong></span> <span class='ocrx_word' id='word_1_38' title='bbox 1244 997 1702 1096; x_wconf 85' lang='lat' dir='ltr'><strong>trepidatione</strong></span> <span class='ocrx_word' id='word_1_39' title='bbox 1722 998 1932 1071; x_wconf 87' lang='lat' dir='ltr'><strong>totius</strong></span> <span class='ocrx_word' id='word_1_40' title='bbox 1959 997 2273 1090; x_wconf 87' lang='lat' dir='ltr'><strong>civitatis,</strong></span> <span class='ocrx_word' id='word_1_41' title='bbox 2298 999 2640 1070; x_wconf 86' lang='lat' dir='ltr'><strong>victurum</strong></span> <span class='ocrx_word' id='word_1_42' title='bbox 2667 1026 2824 1097; x_wconf 91' lang='lat' dir='ltr'><strong>pro-</strong></span> 
     </span>
     <span class='ocr_line' id='line_1_6' title="bbox 738 1111 2892 1211; baseline -0 -27"><span class='ocrx_word' id='word_1_43' title='bbox 738 1114 1073 1186; x_wconf 81' lang='lat' dir='ltr'><strong>mitteres?</strong></span> <span class='ocrx_word' id='word_1_44' title='bbox 1085 1113 1526 1186; x_wconf 85' lang='lat' dir='ltr'><strong>Veneficium</strong></span> <span class='ocrx_word' id='word_1_45' title='bbox 1541 1113 1828 1185; x_wconf 88' lang='lat' dir='ltr'><strong>scientia</strong></span> <span class='ocrx_word' id='word_1_46' title='bbox 1840 1111 2075 1202; x_wconf 89' lang='lat' dir='ltr'><strong>docui,</strong></span> <span class='ocrx_word' id='word_1_47' title='bbox 2089 1113 2504 1185; x_wconf 88' lang='lat' dir='ltr'><strong>veneficium</strong></span> <span class='ocrx_word' id='word_1_48' title='bbox 2516 1112 2824 1211; x_wconf 88' lang='lat' dir='ltr'><strong>periculo</strong></span> <span class='ocrx_word' id='word_1_49' title='bbox 2890 1140 2892 1143; x_wconf 50' lang='lat'><strong>⁴</strong></span> 
     </span>
     <span class='ocr_line' id='line_1_7' title="bbox 741 1226 2828 1301; baseline -0 -3"><span class='ocrx_word' id='word_1_50' title='bbox 741 1226 978 1299; x_wconf 85' lang='lat' dir='ltr'><strong>docui:</strong></span> <span class='ocrx_word' id='word_1_51' title='bbox 996 1228 1151 1301; x_wconf 89' lang='lat' dir='ltr'><strong>volo</strong></span> <span class='ocrx_word' id='word_1_52' title='bbox 1169 1227 1394 1299; x_wconf 83' lang='lat' dir='ltr'><strong>dicere</strong></span> <span class='ocrx_word' id='word_1_53' title='bbox 1410 1248 1481 1300; x_wconf 86' lang='lat' dir='ltr'><strong>et</strong></span> <span class='ocrx_word' id='word_1_54' title='bbox 1495 1227 1580 1298; x_wconf 91' lang='lat' dir='ltr'><strong>de</strong></span> <span class='ocrx_word' id='word_1_55' title='bbox 1596 1228 1857 1299; x_wconf 87' lang='lat' dir='ltr'><strong>animo.</strong></span> <span class='ocrx_word' id='word_1_56' title='bbox 1875 1227 2242 1300; x_wconf 89' lang='lat' dir='ltr'><strong>Potionem</strong></span> <span class='ocrx_word' id='word_1_57' title='bbox 2260 1227 2458 1299; x_wconf 85' lang='lat' dir='ltr'><strong>istam</strong></span> <span class='ocrx_word' id='word_1_58' title='bbox 2475 1228 2585 1298; x_wconf 90' lang='lat' dir='ltr'><strong>cui</strong></span> <span class='ocrx_word' id='word_1_59' title='bbox 2603 1226 2828 1298; x_wconf 89' lang='lat' dir='ltr'><strong>dedis-</strong></span> 
     </span>
     <span class='ocr_line' id='line_1_8' title="bbox 737 1343 2824 1442; baseline 0 -29"><span class='ocrx_word' id='word_1_60' title='bbox 737 1343 814 1433; x_wconf 86' lang='lat' dir='ltr'><strong>ti,</strong></span> <span class='ocrx_word' id='word_1_61' title='bbox 838 1371 979 1440; x_wconf 92' lang='lat' dir='ltr'><strong>quo</strong></span> <span class='ocrx_word' id='word_1_62' title='bbox 998 1364 1311 1442; x_wconf 89' lang='lat' dir='ltr'><strong>tempore</strong></span> <span class='ocrx_word' id='word_1_63' title='bbox 1333 1343 1628 1415; x_wconf 81' lang='lat' dir='ltr'><strong>dedisti?</strong></span> <span class='ocrx_word' id='word_1_64' title='bbox 1645 1343 1957 1442; x_wconf 79' lang='lat' dir='ltr'><strong>privigno</strong></span> <span class='ocrx_word' id='word_1_65' title='bbox 1977 1343 2255 1415; x_wconf 89' lang='lat' dir='ltr'><strong>dedisti:</strong></span> <span class='ocrx_word' id='word_1_66' title='bbox 2279 1344 2335 1416; x_wconf 89' lang='lat' dir='ltr'><strong>si</strong></span> <span class='ocrx_word' id='word_1_67' title='bbox 2359 1343 2496 1415; x_wconf 88' lang='lat' dir='ltr'><strong>alio</strong></span> <span class='ocrx_word' id='word_1_68' title='bbox 2515 1363 2824 1441; x_wconf 89' lang='lat' dir='ltr'><strong>tempore</strong></span> 
     </span>
     <span class='ocr_line' id='line_1_9' title="bbox 740 1458 2830 1558; baseline -0 -29"><span class='ocrx_word' id='word_1_69' title='bbox 740 1458 1072 1549; x_wconf 82' lang='lat' dir='ltr'><strong>dedisses,</strong></span> <span class='ocrx_word' id='word_1_70' title='bbox 1102 1459 1461 1558; x_wconf 86' lang='lat' dir='ltr'><strong>deceptam</strong></span> <span class='ocrx_word' id='word_1_71' title='bbox 1491 1480 1556 1531; x_wconf 89' lang='lat' dir='ltr'><strong>te</strong></span> <span class='ocrx_word' id='word_1_72' title='bbox 1590 1480 1910 1556; x_wconf 88' lang='lat' dir='ltr'><strong>putarem</strong></span> <span class='ocrx_word' id='word_1_73' title='bbox 1929 1514 1947 1548; x_wconf 89' lang='lat'>‚</span> <span class='ocrx_word' id='word_1_74' title='bbox 1978 1485 2168 1531; x_wconf 89' lang='lat' dir='ltr'><strong>nunc</strong></span> <span class='ocrx_word' id='word_1_75' title='bbox 2197 1458 2581 1557; x_wconf 75' lang='lat' dir='ltr'><strong>excogitasti</strong></span> <span class='ocrx_word' id='word_1_76' title='bbox 2616 1459 2830 1557; x_wconf 90' lang='lat' dir='ltr'><strong>potio-</strong></span> 
     </span>
     <span class='ocr_line' id='line_1_10' title="bbox 740 1571 2825 1674; baseline 0 -30"><span class='ocrx_word' id='word_1_77' title='bbox 740 1599 928 1663; x_wconf 87' lang='lat' dir='ltr'><strong>nem,</strong></span> <span class='ocrx_word' id='word_1_78' title='bbox 951 1600 1104 1672; x_wconf 82' lang='lat' dir='ltr'><strong>quae</strong></span> <span class='ocrx_word' id='word_1_79' title='bbox 1121 1600 1235 1644; x_wconf 91' lang='lat' dir='ltr'><strong>me</strong></span> <span class='ocrx_word' id='word_1_80' title='bbox 1261 1573 1412 1671; x_wconf 76' lang='lat' dir='ltr'><strong>lege</strong></span> <span class='ocrx_word' id='word_1_81' title='bbox 1432 1572 1815 1644; x_wconf 86' lang='lat' dir='ltr'><strong>occiderit².</strong></span> <span class='ocrx_word' id='word_1_82' title='bbox 1835 1571 2180 1671; x_wconf 88' lang='lat' dir='ltr'><strong>Equidem</strong></span> <span class='ocrx_word' id='word_1_83' title='bbox 2203 1572 2259 1644; x_wconf 92' lang='lat' dir='ltr'><strong>si</strong></span> <span class='ocrx_word' id='word_1_84' title='bbox 2285 1600 2395 1644; x_wconf 90' lang='lat' dir='ltr'><strong>me</strong></span> <span class='ocrx_word' id='word_1_85' title='bbox 2416 1575 2790 1674; x_wconf 78' lang='lat' dir='ltr'><strong>interroges</strong></span> <span class='ocrx_word' id='word_1_86' title='bbox 2805 1631 2825 1665; x_wconf 85' lang='lat'><strong>,</strong></span> 
     </span>
     <span class='ocr_line' id='line_1_11' title="bbox 740 1686 2828 1787; baseline 0 -27"><span class='ocrx_word' id='word_1_87' title='bbox 740 1687 982 1760; x_wconf 79' lang='lat' dir='ltr'><strong>vixisse</strong></span> <span class='ocrx_word' id='word_1_88' title='bbox 1015 1715 1128 1760; x_wconf 90' lang='lat' dir='ltr'><strong>me</strong></span> <span class='ocrx_word' id='word_1_89' title='bbox 1166 1686 1287 1759; x_wconf 89' lang='lat' dir='ltr'><strong>illo</strong></span> <span class='ocrx_word' id='word_1_90' title='bbox 1324 1708 1634 1786; x_wconf 88' lang='lat' dir='ltr'><strong>tempore</strong></span> <span class='ocrx_word' id='word_1_91' title='bbox 1677 1714 1821 1759; x_wconf 90' lang='lat' dir='ltr'><strong>non</strong></span> <span class='ocrx_word' id='word_1_92' title='bbox 1858 1686 2189 1761; x_wconf 86' lang='lat' dir='ltr'><strong>arbitror:</strong></span> <span class='ocrx_word' id='word_1_93' title='bbox 2235 1689 2407 1787; x_wconf 91' lang='lat' dir='ltr'><strong>quid</strong></span> <span class='ocrx_word' id='word_1_94' title='bbox 2437 1690 2667 1778; x_wconf 89' lang='lat' dir='ltr'><strong>enim,</strong></span> <span class='ocrx_word' id='word_1_95' title='bbox 2702 1716 2828 1787; x_wconf 90' lang='lat' dir='ltr'><strong>pro</strong></span> 
     </span>
     <span class='ocr_line' id='line_1_12' title="bbox 742 1800 2830 1900; baseline 0 -27"><span class='ocrx_word' id='word_1_96' title='bbox 742 1801 840 1873; x_wconf 89' lang='lat' dir='ltr'><strong>dii</strong></span> <span class='ocrx_word' id='word_1_97' title='bbox 872 1800 1334 1874; x_wconf 88' lang='lat' dir='ltr'><strong>immortales!</strong></span> <span class='ocrx_word' id='word_1_98' title='bbox 1367 1802 1585 1873; x_wconf 89' lang='lat' dir='ltr'><strong>autin</strong></span> <span class='ocrx_word' id='word_1_99' title='bbox 1611 1828 1747 1900; x_wconf 88' lang='lat' dir='ltr'><strong>qua</strong></span> <span class='ocrx_word' id='word_1_100' title='bbox 1775 1824 1961 1900; x_wconf 86' lang='lat' dir='ltr'><strong>parte</strong></span> <span class='ocrx_word' id='word_1_101' title='bbox 1990 1823 2250 1874; x_wconf 85' lang='lat' dir='ltr'><strong>naturae</strong></span> <span class='ocrx_word' id='word_1_102' title='bbox 2277 1801 2524 1874; x_wconf 87' lang='lat' dir='ltr'><strong>locavit</strong></span> <span class='ocrx_word' id='word_1_103' title='bbox 2550 1829 2664 1894; x_wconf 80' lang='lat' dir='ltr'><strong>me</strong></span> <span class='ocrx_word' id='word_1_104' title='bbox 2693 1830 2830 1873; x_wconf 92' lang='lat' dir='ltr'><strong>no-</strong></span> 
     </span>
     <span class='ocr_line' id='line_1_13' title="bbox 741 1914 2828 2015; baseline 0 -28"><span class='ocrx_word' id='word_1_105' title='bbox 741 1916 973 1987; x_wconf 84' lang='lat' dir='ltr'><strong>verca?</strong></span> <span class='ocrx_word' id='word_1_106' title='bbox 990 1915 1268 1987; x_wconf 88' lang='lat' dir='ltr'><strong>Bellum</strong></span> <span class='ocrx_word' id='word_1_107' title='bbox 1291 1914 1469 1987; x_wconf 88' lang='lat' dir='ltr'><strong>mihi</strong></span> <span class='ocrx_word' id='word_1_108' title='bbox 1489 1916 1886 1987; x_wconf 87' lang='lat' dir='ltr'><strong>nuntiatum</strong></span> <span class='ocrx_word' id='word_1_109' title='bbox 1900 1937 2030 2006; x_wconf 89' lang='lat' dir='ltr'><strong>est,</strong></span> <span class='ocrx_word' id='word_1_110' title='bbox 2066 1936 2134 1988; x_wconf 92' lang='lat' dir='ltr'><strong>et</strong></span> <span class='ocrx_word' id='word_1_111' title='bbox 2154 1914 2516 1988; x_wconf 89' lang='lat' dir='ltr'><strong>hominem</strong></span> <span class='ocrx_word' id='word_1_112' title='bbox 2530 1974 2548 2006; x_wconf 98' lang='lat'><strong>,</strong></span> <span class='ocrx_word' id='word_1_113' title='bbox 2575 1914 2828 2015; x_wconf 76' lang='lat' dir='ltr'><strong>3quem</strong></span> 
     </span>
     <span class='ocr_line' id='line_1_14' title="bbox 747 2032 2830 2131; baseline 0 -27"><span class='ocrx_word' id='word_1_114' title='bbox 747 2059 888 2104; x_wconf 92' lang='lat' dir='ltr'><strong>non</strong></span> <span class='ocrx_word' id='word_1_115' title='bbox 921 2033 1383 2131; x_wconf 74' lang='lat' dir='ltr'><strong>peregrinatio</strong></span> <span class='ocrx_word' id='word_1_116' title='bbox 1413 2032 1741 2120; x_wconf 80' lang='lat' dir='ltr'><strong>detinuit,</strong></span> <span class='ocrx_word' id='word_1_117' title='bbox 1773 2058 1915 2103; x_wconf 91' lang='lat' dir='ltr'><strong>non</strong></span> <span class='ocrx_word' id='word_1_118' title='bbox 1951 2032 2262 2105; x_wconf 86' lang='lat' dir='ltr'><strong>absentia</strong></span> <span class='ocrx_word' id='word_1_119' title='bbox 2291 2033 2436 2105; x_wconf 87' lang='lat' dir='ltr'><strong>ulla</strong></span> <span class='ocrx_word' id='word_1_120' title='bbox 2457 2060 2498 2103; x_wconf 90' lang='lat' dir='ltr'><strong>a</strong></span> <span class='ocrx_word' id='word_1_121' title='bbox 2520 2032 2830 2131; x_wconf 91' lang='lat' dir='ltr'><strong>periculo</strong></span> 
     </span>
     <span class='ocr_line' id='line_1_15' title="bbox 747 2143 2833 2246; baseline -0.001 -26"><span class='ocrx_word' id='word_1_122' title='bbox 747 2147 1038 2220; x_wconf 86' lang='lat' dir='ltr'><strong>civitatis</strong></span> <span class='ocrx_word' id='word_1_123' title='bbox 1086 2146 1414 2246; x_wconf 78' lang='lat' dir='ltr'><strong>relegavit</strong></span> <span class='ocrx_word' id='word_1_124' title='bbox 1436 2206 1455 2239; x_wconf 91' lang='lat'><strong>,</strong></span> <span class='ocrx_word' id='word_1_125' title='bbox 1506 2145 1677 2244; x_wconf 89' lang='lat' dir='ltr'><strong>quid</strong></span> <span class='ocrx_word' id='word_1_126' title='bbox 1719 2145 1847 2217; x_wconf 90' lang='lat' dir='ltr'><strong>acti</strong></span> <span class='ocrx_word' id='word_1_127' title='bbox 1867 2143 1899 2200; x_wconf 72' lang='grc'>4</span> <span class='ocrx_word' id='word_1_128' title='bbox 1945 2144 2030 2216; x_wconf 89' lang='lat' dir='ltr'><strong>sit</strong></span> <span class='ocrx_word' id='word_1_129' title='bbox 2054 2202 2073 2235; x_wconf 92' lang='lat'><strong>,</strong></span> <span class='ocrx_word' id='word_1_130' title='bbox 2127 2167 2451 2218; x_wconf 90' lang='lat' dir='ltr'><strong>manente</strong></span> <span class='ocrx_word' id='word_1_131' title='bbox 2501 2173 2614 2217; x_wconf 91' lang='lat' dir='ltr'><strong>me</strong></span> <span class='ocrx_word' id='word_1_132' title='bbox 2656 2147 2833 2218; x_wconf 87' lang='lat' dir='ltr'><strong>intra</strong></span> 
     </span>
     <span class='ocr_line' id='line_1_16' title="bbox 748 2260 2831 2359; baseline -0.001 -26"><span class='ocrx_word' id='word_1_133' title='bbox 748 2288 1020 2352; x_wconf 89' lang='lat' dir='ltr'><strong>muros,</strong></span> <span class='ocrx_word' id='word_1_134' title='bbox 1052 2261 1569 2335; x_wconf 87' lang='lat' dir='ltr'><strong>commilitones</strong></span> <span class='ocrx_word' id='word_1_135' title='bbox 1605 2261 1746 2333; x_wconf 89' lang='lat' dir='ltr'><strong>mei</strong></span> <span class='ocrx_word' id='word_1_136' title='bbox 1779 2281 2267 2332; x_wconf 86' lang='lat' dir='ltr'><strong>narraverunt:</strong></span> <span class='ocrx_word' id='word_1_137' title='bbox 2305 2260 2558 2332; x_wconf 89' lang='lat' dir='ltr'><strong>dicitur</strong></span> <span class='ocrx_word' id='word_1_138' title='bbox 2591 2260 2831 2359; x_wconf 77' lang='lat' dir='ltr'><strong>ingens</strong></span> 
     </span>
     <span class='ocr_line' id='line_1_17' title="bbox 746 2375 2831 2475; baseline -0 -28"><span class='ocrx_word' id='word_1_139' title='bbox 746 2376 957 2448; x_wconf 84' lang='lat' dir='ltr'><strong>fuisse</strong></span> <span class='ocrx_word' id='word_1_140' title='bbox 988 2376 1305 2475; x_wconf 78' lang='lat' dir='ltr'><strong>praelium</strong></span> <span class='ocrx_word' id='word_1_141' title='bbox 1325 2433 1344 2465; x_wconf 89' lang='lat'><strong>,</strong></span> <span class='ocrx_word' id='word_1_142' title='bbox 1380 2376 1751 2448; x_wconf 84' lang='lat' dir='ltr'><strong>commissa</strong></span> <span class='ocrx_word' id='word_1_143' title='bbox 1781 2375 2133 2473; x_wconf 81' lang='lat' dir='ltr'><strong>utrimque</strong></span> <span class='ocrx_word' id='word_1_144' title='bbox 2157 2375 2372 2464; x_wconf 87' lang='lat' dir='ltr'><strong>acies,</strong></span> <span class='ocrx_word' id='word_1_145' title='bbox 2408 2375 2624 2447; x_wconf 87' lang='lat' dir='ltr'><strong>dubia</strong></span> <span class='ocrx_word' id='word_1_146' title='bbox 2655 2400 2831 2473; x_wconf 82' lang='lat' dir='ltr'><strong>saepe</strong></span> 
     </span>
     <span class='ocr_line' id='line_1_18' title="bbox 750 2489 2833 2591; baseline 0 -29"><span class='ocrx_word' id='word_1_147' title='bbox 750 2492 1024 2564; x_wconf 82' lang='lat' dir='ltr'><strong>victoria</strong></span> <span class='ocrx_word' id='word_1_148' title='bbox 1042 2549 1061 2583; x_wconf 94' lang='lat'><strong>,</strong></span> <span class='ocrx_word' id='word_1_149' title='bbox 1085 2513 1151 2564; x_wconf 88' lang='lat' dir='ltr'><strong>et</strong></span> <span class='ocrx_word' id='word_1_150' title='bbox 1163 2492 1304 2564; x_wconf 90' lang='lat' dir='ltr'><strong>huc</strong></span> <span class='ocrx_word' id='word_1_151' title='bbox 1319 2511 1527 2589; x_wconf 90' lang='lat' dir='ltr'><strong>atque</strong></span> <span class='ocrx_word' id='word_1_152' title='bbox 1545 2490 1714 2563; x_wconf 89' lang='lat' dir='ltr'><strong>illuc</strong></span> <span class='ocrx_word' id='word_1_153' title='bbox 1729 2515 1881 2591; x_wconf 87' lang='lat' dir='ltr'><strong>spes</strong></span> <span class='ocrx_word' id='word_1_154' title='bbox 1906 2491 2250 2563; x_wconf 86' lang='lat' dir='ltr'><strong>inclinata</strong></span> <span class='ocrx_word' id='word_1_155' title='bbox 2265 2548 2284 2582; x_wconf 94' lang='lat'><strong>,</strong></span> <span class='ocrx_word' id='word_1_156' title='bbox 2309 2517 2532 2589; x_wconf 86' lang='lat' dir='ltr'><strong>quum</strong></span> <span class='ocrx_word' id='word_1_157' title='bbox 2553 2489 2833 2562; x_wconf 85' lang='lat' dir='ltr'><strong>interim</strong></span> 
     </span>
     <span class='ocr_line' id='line_1_19' title="bbox 749 2591 2831 2705; baseline -0.002 -25"><span class='ocrx_word' id='word_1_158' title='bbox 749 2607 989 2695; x_wconf 83' lang='lat' dir='ltr'><strong>miles,</strong></span> <span class='ocrx_word' id='word_1_159' title='bbox 1034 2607 1109 2678; x_wconf 91' lang='lat' dir='ltr'><strong>in</strong></span> <span class='ocrx_word' id='word_1_160' title='bbox 1166 2634 1305 2705; x_wconf 91' lang='lat' dir='ltr'><strong>quo</strong></span> <span class='ocrx_word' id='word_1_161' title='bbox 1348 2606 1738 2705; x_wconf 88' lang='lat' dir='ltr'><strong>plurimum</strong></span> <span class='ocrx_word' id='word_1_162' title='bbox 1782 2607 2095 2694; x_wconf 77' lang='lat' dir='ltr'><strong>fiduciae,</strong></span> <span class='ocrx_word' id='word_1_163' title='bbox 2137 2608 2212 2678; x_wconf 90' lang='lat' dir='ltr'><strong>in</strong></span> <span class='ocrx_word' id='word_1_164' title='bbox 2254 2635 2393 2705; x_wconf 91' lang='lat' dir='ltr'><strong>quo</strong></span> <span class='ocrx_word' id='word_1_165' title='bbox 2445 2591 2831 2678; x_wconf 79' lang='lat' dir='ltr'><strong>maximum</strong></span> 
     </span>
     <span class='ocr_line' id='line_1_20' title="bbox 750 2721 2832 2822; baseline -0.003 -26"><span class='ocrx_word' id='word_1_166' title='bbox 750 2744 1194 2796; x_wconf 87' lang='lat' dir='ltr'><strong>momentum</strong></span> <span class='ocrx_word' id='word_1_167' title='bbox 1238 2723 1603 2796; x_wconf 86' lang='lat' dir='ltr'><strong>videbatur</strong></span> <span class='ocrx_word' id='word_1_168' title='bbox 1626 2780 1646 2812; x_wconf 83' lang='lat'><strong>,</strong></span> <span class='ocrx_word' id='word_1_169' title='bbox 1693 2724 1767 2795; x_wconf 92' lang='lat' dir='ltr'><strong>in</strong></span> <span class='ocrx_word' id='word_1_170' title='bbox 1810 2723 2005 2796; x_wconf 87' lang='lat' dir='ltr'><strong>nulla</strong></span> <span class='ocrx_word' id='word_1_171' title='bbox 2050 2745 2243 2822; x_wconf 87' lang='lat' dir='ltr'><strong>parte</strong></span> <span class='ocrx_word' id='word_1_172' title='bbox 2289 2725 2475 2796; x_wconf 85' lang='lat' dir='ltr'><strong>visus</strong></span> <span class='ocrx_word' id='word_1_173' title='bbox 2530 2721 2832 2796; x_wconf 89' lang='lat' dir='ltr'><strong>auditur.</strong></span> 
     </span>
     <span class='ocr_line' id='line_1_21' title="bbox 752 2838 2836 2939; baseline -0 -29"><span class='ocrx_word' id='word_1_174' title='bbox 752 2839 949 2929; x_wconf 88' lang='lat' dir='ltr'><strong>Quid</strong></span> <span class='ocrx_word' id='word_1_175' title='bbox 1000 2839 1159 2939; x_wconf 90' lang='lat' dir='ltr'><strong>plus</strong></span> <span class='ocrx_word' id='word_1_176' title='bbox 1206 2841 1607 2939; x_wconf 82' lang='lat' dir='ltr'><strong>contingere</strong></span> <span class='ocrx_word' id='word_1_177' title='bbox 1652 2841 1899 2939; x_wconf 63' lang='lat' dir='ltr'><strong>potuit)</strong></span> <span class='ocrx_word' id='word_1_178' title='bbox 1915 2840 2127 2930; x_wconf 87' lang='lat' dir='ltr'><strong>hosti,</strong></span> <span class='ocrx_word' id='word_1_179' title='bbox 2175 2841 2234 2913; x_wconf 88' lang='lat' dir='ltr'><strong>si</strong></span> <span class='ocrx_word' id='word_1_180' title='bbox 2275 2838 2647 2939; x_wconf 84' lang='lat' dir='ltr'><strong>perissem?</strong></span> <span class='ocrx_word' id='word_1_181' title='bbox 2693 2864 2836 2910; x_wconf 91' lang='lat' dir='ltr'><strong>non</strong></span> 
     </span>
     <span class='ocr_line' id='line_1_22' title="bbox 750 2953 2837 3056; baseline -0.001 -30"><span class='ocrx_word' id='word_1_182' title='bbox 750 2953 886 3026; x_wconf 92' lang='lat' dir='ltr'><strong>alio</strong></span> <span class='ocrx_word' id='word_1_183' title='bbox 924 2955 1136 3028; x_wconf 87' lang='lat' dir='ltr'><strong>modo</strong></span> <span class='ocrx_word' id='word_1_184' title='bbox 1178 2956 1413 3030; x_wconf 86' lang='lat' dir='ltr'><strong>audivi</strong></span> <span class='ocrx_word' id='word_1_185' title='bbox 1455 2955 1669 3046; x_wconf 90' lang='lat' dir='ltr'><strong>bella,</strong></span> <span class='ocrx_word' id='word_1_186' title='bbox 1713 2984 1927 3055; x_wconf 88' lang='lat' dir='ltr'><strong>quam</strong></span> <span class='ocrx_word' id='word_1_187' title='bbox 1963 2984 2251 3030; x_wconf 88' lang='lat' dir='ltr'><strong>avorum</strong></span> <span class='ocrx_word' id='word_1_188' title='bbox 2285 2979 2837 3056; x_wconf 86' lang='lat' dir='ltr'><strong>proavorumque</strong></span> 
     </span>
     <span class='ocr_line' id='line_1_23' title="bbox 752 3062 2836 3169; baseline -0.002 -27"><span class='ocrx_word' id='word_1_189' title='bbox 752 3062 1206 3167; x_wconf 83' lang='lat' dir='ltr'><strong>temporibus.</strong></span> <span class='ocrx_word' id='word_1_190' title='bbox 1239 3073 1330 3142; x_wconf 88' lang='lat' dir='ltr'><strong>At</strong></span> <span class='ocrx_word' id='word_1_191' title='bbox 1355 3071 1413 3143; x_wconf 92' lang='lat' dir='ltr'><strong>si</strong></span> <span class='ocrx_word' id='word_1_192' title='bbox 1439 3070 1618 3142; x_wconf 88' lang='lat' dir='ltr'><strong>mihi</strong></span> <span class='ocrx_word' id='word_1_193' title='bbox 1647 3071 1853 3145; x_wconf 87' lang='lat' dir='ltr'><strong>detur</strong></span> <span class='ocrx_word' id='word_1_194' title='bbox 1879 3070 2272 3144; x_wconf 87' lang='lat' dir='ltr'><strong>emendatio</strong></span> <span class='ocrx_word' id='word_1_195' title='bbox 2305 3070 2836 3169; x_wconf 77' lang='lat' dir='ltr'><strong>praeteritorum,</strong></span> 
     </span>
    </p>
   </div>
   <div class='ocr_carea' id='block_1_3' title="bbox 752 3209 2886 4319">
    <p class='ocr_par' dir='ltr' id='par_1_3' title="bbox 752 3209 2886 4319">
     <span class='ocr_line' id='line_1_24' title="bbox 752 3209 2838 3284; baseline -0.001 -21"><span class='ocrx_word' id='word_1_196' title='bbox 752 3209 1001 3263; x_wconf 74' lang='lat' dir='ltr'><strong>subsistat</strong></span> <span class='ocrx_word' id='word_1_197' title='bbox 1049 3213 1183 3264; x_wconf 74' lang='lat' dir='ltr'><strong>citra</strong></span> <span class='ocrx_word' id='word_1_198' title='bbox 1236 3226 1458 3266; x_wconf 82' lang='lat' dir='ltr'><strong>mortem</strong></span> <span class='ocrx_word' id='word_1_199' title='bbox 1479 3250 1497 3278; x_wconf 88' lang='lat'>‚</span> <span class='ocrx_word' id='word_1_200' title='bbox 1542 3228 1760 3284; x_wconf 72' lang='lat' dir='ltr'><strong>sopor-et</strong></span> <span class='ocrx_word' id='word_1_201' title='bbox 1838 3216 1990 3268; x_wconf 78' lang='lat' dir='ltr'><strong>mini.</strong></span> <span class='ocrx_word' id='word_1_202' title='bbox 2011 3215 2143 3267; x_wconf 84' lang='lat' dir='ltr'><strong>Pith.</strong></span> <span class='ocrx_word' id='word_1_203' title='bbox 2169 3212 2313 3265; x_wconf 75' lang='lat' dir='ltr'><strong>Nihil</strong></span> <span class='ocrx_word' id='word_1_204' title='bbox 2335 3226 2530 3264; x_wconf 75' lang='lat' dir='ltr'><strong>temere</strong></span> <span class='ocrx_word' id='word_1_205' title='bbox 2548 3224 2838 3274; x_wconf 84' lang='lat' dir='ltr'><strong>mutarem,</strong></span> 
     </span>
     <span class='ocr_line' id='line_1_25' title="bbox 759 3290 2839 3362; baseline -0.001 -20"><span class='ocrx_word' id='word_1_206' title='bbox 759 3290 1004 3361; x_wconf 85' lang='lat' dir='ltr'><strong>quidem,</strong></span> <span class='ocrx_word' id='word_1_207' title='bbox 1030 3292 1123 3344; x_wconf 86' lang='lat' dir='ltr'><strong>sed</strong></span> <span class='ocrx_word' id='word_1_208' title='bbox 1152 3312 1260 3345; x_wconf 89' lang='lat' dir='ltr'><strong>non</strong></span> <span class='ocrx_word' id='word_1_209' title='bbox 1285 3293 1523 3358; x_wconf 83' lang='lat' dir='ltr'><strong>occidat,</strong></span> <span class='ocrx_word' id='word_1_210' title='bbox 1545 3295 1665 3348; x_wconf 75' lang='lat' dir='ltr'><strong>vide</strong></span> <span class='ocrx_word' id='word_1_211' title='bbox 1691 3294 1761 3347; x_wconf 81' lang='lat' dir='ltr'><strong>ad</strong></span> <span class='ocrx_word' id='word_1_212' title='bbox 1838 3314 1963 3347; x_wconf 87' lang='lat' dir='ltr'><strong>nam</strong></span> <span class='ocrx_word' id='word_1_213' title='bbox 1991 3310 2043 3347; x_wconf 89' lang='lat' dir='ltr'><strong>et</strong></span> <span class='ocrx_word' id='word_1_214' title='bbox 2072 3293 2336 3345; x_wconf 78' lang='lat' dir='ltr'><strong>hominem</strong></span> <span class='ocrx_word' id='word_1_215' title='bbox 2365 3292 2573 3362; x_wconf 79' lang='lat' dir='ltr'><strong>posuit,</strong></span> <span class='ocrx_word' id='word_1_216' title='bbox 2607 3304 2668 3341; x_wconf 86' lang='lat' dir='ltr'><strong>ut</strong></span> <span class='ocrx_word' id='word_1_217' title='bbox 2704 3308 2839 3361; x_wconf 73' lang='lat' dir='ltr'><strong>saepe</strong></span> 
     </span>
     <span class='ocr_line' id='line_1_26' title="bbox 755 3359 2837 3438; baseline 0 -17"><span class='ocrx_word' id='word_1_218' title='bbox 755 3368 902 3421; x_wconf 90' lang='lat' dir='ltr'><strong>Decl.</strong></span> <span class='ocrx_word' id='word_1_219' title='bbox 928 3369 1031 3434; x_wconf 85' lang='lat'><strong>111,</strong></span> <span class='ocrx_word' id='word_1_220' title='bbox 1062 3369 1140 3421; x_wconf 86' lang='lat'><strong>13.</strong></span> <span class='ocrx_word' id='word_1_221' title='bbox 1167 3371 1246 3423; x_wconf 86' lang='lat' dir='ltr'><strong>Ita</strong></span> <span class='ocrx_word' id='word_1_222' title='bbox 1265 3385 1448 3423; x_wconf 84' lang='lat' dir='ltr'><strong>contra</strong></span> <span class='ocrx_word' id='word_1_223' title='bbox 1469 3370 1597 3423; x_wconf 75' lang='lat' dir='ltr'><strong>dixit</strong></span> <span class='ocrx_word' id='word_1_224' title='bbox 1615 3372 1758 3426; x_wconf 83' lang='lat' dir='ltr'><strong>Flor.</strong></span> <span class='ocrx_word' id='word_1_225' title='bbox 1841 3374 1945 3438; x_wconf 80' lang='lat' dir='ltr'><strong>alii,</strong></span> <span class='ocrx_word' id='word_1_226' title='bbox 1966 3375 2201 3427; x_wconf 83' lang='lat' dir='ltr'><strong>referens</strong></span> <span class='ocrx_word' id='word_1_227' title='bbox 2222 3371 2290 3424; x_wconf 82' lang='lat' dir='ltr'><strong>ad</strong></span> <span class='ocrx_word' id='word_1_228' title='bbox 2309 3371 2551 3436; x_wconf 73' lang='lat' dir='ltr'><strong>detinuit,</strong></span> <span class='ocrx_word' id='word_1_229' title='bbox 2567 3359 2641 3423; x_wconf 81' lang='lat' dir='ltr'><strong>ita</strong></span> <span class='ocrx_word' id='word_1_230' title='bbox 2650 3385 2709 3422; x_wconf 86' lang='lat' dir='ltr'><strong>ut</strong></span> <span class='ocrx_word' id='word_1_231' title='bbox 2718 3371 2837 3422; x_wconf 91' lang='lat' dir='ltr'><strong>Ter.</strong></span> 
     </span>
     <span class='ocr_line' id='line_1_27' title="bbox 754 3445 2842 3521; baseline 0.001 -24"><span class='ocrx_word' id='word_1_232' title='bbox 754 3448 801 3498; x_wconf 89' lang='lat'><strong>11</strong></span> <span class='ocrx_word' id='word_1_233' title='bbox 819 3484 836 3511; x_wconf 88' lang='grc'><strong>,</strong></span> <span class='ocrx_word' id='word_1_234' title='bbox 861 3463 891 3515; x_wconf 82' lang='grc'>7</span> <span class='ocrx_word' id='word_1_235' title='bbox 912 3469 924 3498; x_wconf 83' lang='lat'>=</span> <span class='ocrx_word' id='word_1_236' title='bbox 958 3470 979 3492; x_wconf 68' lang='grc' dir='ltr'>α</span> <span class='ocrx_word' id='word_1_237' title='bbox 1000 3445 1233 3500; x_wconf 82' lang='lat' dir='ltr'><strong>Vulnera</strong></span> <span class='ocrx_word' id='word_1_238' title='bbox 1261 3448 1403 3502; x_wconf 83' lang='lat' dir='ltr'><strong>ultra</strong></span> <span class='ocrx_word' id='word_1_239' title='bbox 1424 3463 1649 3501; x_wconf 84' lang='lat' dir='ltr'><strong>mortem</strong></span> <span class='ocrx_word' id='word_1_240' title='bbox 1673 3469 1763 3521; x_wconf 83' lang='lat' dir='ltr'><strong>pa·</strong></span> <span class='ocrx_word' id='word_1_241' title='bbox 1839 3452 1974 3503; x_wconf 88' lang='lat' dir='ltr'><strong>Eun.</strong></span> <span class='ocrx_word' id='word_1_242' title='bbox 1993 3454 2081 3516; x_wconf 87' lang='lat' dir='ltr'><strong>IV,</strong></span> <span class='ocrx_word' id='word_1_243' title='bbox 2102 3453 2165 3503; x_wconf 82' lang='lat'><strong>3:</strong></span> <span class='ocrx_word' id='word_1_244' title='bbox 2189 3449 2543 3502; x_wconf 82' lang='lat' dir='ltr'><strong>«Eunuchum</strong></span> <span class='ocrx_word' id='word_1_245' title='bbox 2568 3468 2726 3521; x_wconf 86' lang='lat' dir='ltr'><strong>quem</strong></span> <span class='ocrx_word' id='word_1_246' title='bbox 2750 3446 2842 3500; x_wconf 76' lang='lat' dir='ltr'><strong>‹le-</strong></span> 
     </span>
     <span class='ocr_line' id='line_1_28' title="bbox 762 3523 2835 3604; baseline 0.001 -27"><span class='ocrx_word' id='word_1_247' title='bbox 762 3547 785 3570; x_wconf 75' lang='grc' dir='ltr'><strong>α</strong></span> <span class='ocrx_word' id='word_1_248' title='bbox 806 3523 1008 3580; x_wconf 74' lang='lat' dir='ltr'><strong>tebant,</strong></span> <span class='ocrx_word' id='word_1_249' title='bbox 1030 3549 1052 3572; x_wconf 71' lang='lat' dir='ltr'>n</span> <span class='ocrx_word' id='word_1_250' title='bbox 1090 3524 1210 3578; x_wconf 83' lang='lat' dir='ltr'><strong>vid.</strong></span> <span class='ocrx_word' id='word_1_251' title='bbox 1246 3527 1492 3580; x_wconf 82' lang='lat' dir='ltr'><strong>Albinov.</strong></span> <span class='ocrx_word' id='word_1_252' title='bbox 1526 3527 1670 3600; x_wconf 78' lang='lat' dir='ltr'><strong>Eleg.</strong></span> <span class='ocrx_word' id='word_1_253' title='bbox 1705 3531 1761 3582; x_wconf 87' lang='lat' dir='ltr'><strong>in</strong></span> <span class='ocrx_word' id='word_1_254' title='bbox 1847 3555 1869 3580; x_wconf 76' lang='grc' dir='ltr'><strong>ιι</strong></span> <span class='ocrx_word' id='word_1_255' title='bbox 1889 3532 2037 3596; x_wconf 83' lang='lat' dir='ltr'><strong>disti,</strong></span> <span class='ocrx_word' id='word_1_256' title='bbox 2062 3532 2218 3584; x_wconf 85' lang='lat' dir='ltr'><strong>nobis</strong></span> <span class='ocrx_word' id='word_1_257' title='bbox 2243 3551 2378 3604; x_wconf 84' lang='lat' dir='ltr'><strong>quas</strong></span> <span class='ocrx_word' id='word_1_258' title='bbox 2402 3531 2582 3584; x_wconf 78' lang='lat' dir='ltr'><strong>turbas</strong></span> <span class='ocrx_word' id='word_1_259' title='bbox 2609 3527 2755 3581; x_wconf 83' lang='lat' dir='ltr'><strong>dedit</strong></span> <span class='ocrx_word' id='word_1_260' title='bbox 2770 3567 2786 3594; x_wconf 90' lang='lat'><strong>,</strong></span> <span class='ocrx_word' id='word_1_261' title='bbox 2813 3553 2835 3575; x_wconf 75' lang='lat' dir='ltr'>n</span> 
     </span>
     <span class='ocr_line' id='line_1_29' title="bbox 756 3585 2886 3678; baseline 0 -22"><span class='ocrx_word' id='word_1_262' title='bbox 756 3585 991 3656; x_wconf 72' lang='lat' dir='ltr'><strong>Drusum</strong></span> <span class='ocrx_word' id='word_1_263' title='bbox 1003 3605 1069 3670; x_wconf 85' lang='lat' dir='ltr'><strong>V,</strong></span> <span class='ocrx_word' id='word_1_264' title='bbox 1085 3603 1170 3657; x_wconf 89' lang='lat'><strong>50.</strong></span> <span class='ocrx_word' id='word_1_265' title='bbox 1188 3606 1354 3658; x_wconf 73' lang='grc' dir='ltr'><strong>Βῦιιιι.</strong></span> <span class='ocrx_word' id='word_1_266' title='bbox 1370 3607 1506 3659; x_wconf 81' lang='lat' dir='ltr'><strong>Edit.</strong></span> <span class='ocrx_word' id='word_1_267' title='bbox 1526 3608 1760 3678; x_wconf 67' lang='lat' dir='ltr'><strong>Bip.aeir-</strong></span> <span class='ocrx_word' id='word_1_268' title='bbox 1842 3610 1935 3662; x_wconf 89' lang='lat' dir='ltr'><strong>ubi</strong></span> <span class='ocrx_word' id='word_1_269' title='bbox 1954 3608 2044 3662; x_wconf 83' lang='lat' dir='ltr'><strong>vid</strong></span> <span class='ocrx_word' id='word_1_270' title='bbox 2068 3612 2263 3663; x_wconf 81' lang='lat' dir='ltr'><strong>Donat.</strong></span> <span class='ocrx_word' id='word_1_271' title='bbox 2279 3607 2450 3676; x_wconf 73' lang='lat' dir='ltr'><strong>Cicer.</strong></span> <span class='ocrx_word' id='word_1_272' title='bbox 2469 3613 2540 3662; x_wconf 84' lang='lat' dir='ltr'><strong>lv</strong></span> <span class='ocrx_word' id='word_1_273' title='bbox 2550 3628 2565 3668; x_wconf 77' lang='grc' dir='ltr'>ς</span> <span class='ocrx_word' id='word_1_274' title='bbox 2586 3606 2656 3660; x_wconf 82' lang='lat' dir='ltr'><strong>ad</strong></span> <span class='ocrx_word' id='word_1_275' title='bbox 2673 3607 2764 3659; x_wconf 82' lang='lat' dir='ltr'><strong>fin.</strong></span> <span class='ocrx_word' id='word_1_276' title='bbox 2785 3608 2840 3658; x_wconf 82' lang='lat'><strong>1:</strong></span> <span class='ocrx_word' id='word_1_277' title='bbox 2875 3602 2886 3614; x_wconf 86' lang='grc'><em>’</em></span> 
     </span>
     <span class='ocr_line' id='line_1_30' title="bbox 756 3685 2837 3762; baseline -0.001 -26"><span class='ocrx_word' id='word_1_278' title='bbox 756 3703 817 3736; x_wconf 80' lang='lat' dir='ltr'><strong>ea</strong></span> <span class='ocrx_word' id='word_1_279' title='bbox 840 3697 1055 3739; x_wconf 83' lang='lat' dir='ltr'><strong>mortem</strong></span> <span class='ocrx_word' id='word_1_280' title='bbox 1067 3707 1086 3746; x_wconf 89' lang='lat'><em>;</em></span> <span class='ocrx_word' id='word_1_281' title='bbox 1110 3705 1218 3737; x_wconf 88' lang='lat' dir='ltr'><strong>non</strong></span> <span class='ocrx_word' id='word_1_282' title='bbox 1242 3686 1444 3738; x_wconf 85' lang='lat' dir='ltr'><strong>meliori</strong></span> <span class='ocrx_word' id='word_1_283' title='bbox 1470 3707 1644 3740; x_wconf 80' lang='lat' dir='ltr'><strong>sensu.</strong></span> <span class='ocrx_word' id='word_1_284' title='bbox 1666 3690 1759 3741; x_wconf 83' lang='lat' dir='ltr'><strong>En.</strong></span> <span class='ocrx_word' id='word_1_285' title='bbox 1848 3712 1869 3736; x_wconf 76' lang='grc' dir='ltr'><strong><em>κ</em></strong></span> <span class='ocrx_word' id='word_1_286' title='bbox 1884 3692 2012 3741; x_wconf 87' lang='lat' dir='ltr'><strong>Rem</strong></span> <span class='ocrx_word' id='word_1_287' title='bbox 2032 3686 2177 3742; x_wconf 77' lang='lat' dir='ltr'><strong>vides</strong></span> <span class='ocrx_word' id='word_1_288' title='bbox 2193 3708 2301 3762; x_wconf 89' lang='lat' dir='ltr'><strong>quo</strong></span> <span class='ocrx_word' id='word_1_289' title='bbox 2319 3687 2479 3741; x_wconf 87' lang='lat' dir='ltr'><strong>modo</strong></span> <span class='ocrx_word' id='word_1_290' title='bbox 2497 3706 2555 3740; x_wconf 86' lang='lat' dir='ltr'><strong>se</strong></span> <span class='ocrx_word' id='word_1_291' title='bbox 2575 3685 2796 3738; x_wconf 58' lang='lat' dir='ltr'><strong>habeam</strong></span> <span class='ocrx_word' id='word_1_292' title='bbox 2814 3709 2837 3732; x_wconf 66' lang='grc' dir='ltr'><em>η</em></span> 
     </span>
     <span class='ocr_line' id='line_1_31' title="bbox 836 3764 2846 3839; baseline -0.002 -20"><span class='ocrx_word' id='word_1_293' title='bbox 836 3785 879 3819; x_wconf 84' lang='grc' dir='ltr'><strong>ι.</strong></span> <span class='ocrx_word' id='word_1_294' title='bbox 910 3767 1025 3837; x_wconf 78' lang='lat' dir='ltr'><strong>Quo</strong></span> <span class='ocrx_word' id='word_1_295' title='bbox 1067 3786 1190 3821; x_wconf 74' lang='lat' dir='ltr'><strong>sane</strong></span> <span class='ocrx_word' id='word_1_296' title='bbox 1224 3786 1330 3818; x_wconf 78' lang='lat' dir='ltr'><strong>non</strong></span> <span class='ocrx_word' id='word_1_297' title='bbox 1374 3770 1605 3821; x_wconf 76' lang='lat' dir='ltr'><strong>vacabat.</strong></span> <span class='ocrx_word' id='word_1_298' title='bbox 1648 3769 1761 3839; x_wconf 80' lang='lat' dir='ltr'><strong>Quo</strong></span> <span class='ocrx_word' id='word_1_299' title='bbox 1841 3768 1932 3821; x_wconf 83' lang='lat' dir='ltr'><strong>uhi</strong></span> <span class='ocrx_word' id='word_1_300' title='bbox 1970 3768 2172 3820; x_wconf 81' lang='lat' dir='ltr'><strong>Manut.</strong></span> <span class='ocrx_word' id='word_1_301' title='bbox 2217 3783 2269 3819; x_wconf 87' lang='lat' dir='ltr'><strong>et</strong></span> <span class='ocrx_word' id='word_1_302' title='bbox 2311 3769 2382 3819; x_wconf 83' lang='lat' dir='ltr'><strong>ita</strong></span> <span class='ocrx_word' id='word_1_303' title='bbox 2424 3764 2610 3818; x_wconf 82' lang='lat' dir='ltr'><strong>millies</strong></span> <span class='ocrx_word' id='word_1_304' title='bbox 2653 3765 2846 3836; x_wconf 86' lang='lat' dir='ltr'><strong>optimi</strong></span> 
     </span>
     <span class='ocr_line' id='line_1_32' title="bbox 756 3843 2844 3919; baseline -0.001 -22"><span class='ocrx_word' id='word_1_305' title='bbox 756 3862 936 3897; x_wconf 81' lang='lat' dir='ltr'><strong>somno</strong></span> <span class='ocrx_word' id='word_1_306' title='bbox 970 3845 1199 3900; x_wconf 74' lang='lat' dir='ltr'><strong>vacabat.</strong></span> <span class='ocrx_word' id='word_1_307' title='bbox 1228 3843 1364 3898; x_wconf 80' lang='lat' dir='ltr'><strong>Obr.</strong></span> <span class='ocrx_word' id='word_1_308' title='bbox 1404 3860 1456 3899; x_wconf 89' lang='lat' dir='ltr'><strong>et</strong></span> <span class='ocrx_word' id='word_1_309' title='bbox 1482 3849 1538 3898; x_wconf 86' lang='lat' dir='ltr'><strong>in</strong></span> <span class='ocrx_word' id='word_1_310' title='bbox 1581 3864 1763 3900; x_wconf 84' lang='lat' dir='ltr'><strong>emen·</strong></span> <span class='ocrx_word' id='word_1_311' title='bbox 1844 3848 2072 3919; x_wconf 84' lang='lat' dir='ltr'><strong>quique:</strong></span> <span class='ocrx_word' id='word_1_312' title='bbox 2093 3846 2212 3899; x_wconf 80' lang='lat' dir='ltr'><strong>vide</strong></span> <span class='ocrx_word' id='word_1_313' title='bbox 2240 3845 2421 3898; x_wconf 83' lang='lat' dir='ltr'><strong>Lamb.</strong></span> <span class='ocrx_word' id='word_1_314' title='bbox 2448 3843 2514 3898; x_wconf 85' lang='lat' dir='ltr'><strong>ad</strong></span> <span class='ocrx_word' id='word_1_315' title='bbox 2543 3845 2727 3896; x_wconf 84' lang='lat' dir='ltr'><strong>Horat.</strong></span> <span class='ocrx_word' id='word_1_316' title='bbox 2754 3846 2844 3906; x_wconf 81' lang='lat' dir='ltr'><strong>IV,</strong></span> 
     </span>
     <span class='ocr_line' id='line_1_33' title="bbox 760 3924 2843 3998; baseline 0 -22"><span class='ocrx_word' id='word_1_317' title='bbox 760 3924 1062 3979; x_wconf 81' lang='lat' dir='ltr'><strong>dationibus</strong></span> <span class='ocrx_word' id='word_1_318' title='bbox 1080 3925 1243 3978; x_wconf 82' lang='lat' dir='ltr'><strong>habet</strong></span> <span class='ocrx_word' id='word_1_319' title='bbox 1266 3927 1528 3979; x_wconf 81' lang='lat' dir='ltr'><strong>vacabam.</strong></span> <span class='ocrx_word' id='word_1_320' title='bbox 1842 3926 1946 3982; x_wconf 85' lang='lat' dir='ltr'><strong>od.</strong></span> <span class='ocrx_word' id='word_1_321' title='bbox 1958 3928 2019 3994; x_wconf 69' lang='lat'><strong>43</strong></span> <span class='ocrx_word' id='word_1_322' title='bbox 2038 3926 2309 3980; x_wconf 76' lang='lat' dir='ltr'><strong>Muncker.</strong></span> <span class='ocrx_word' id='word_1_323' title='bbox 2327 3926 2396 3979; x_wconf 83' lang='lat' dir='ltr'><strong>ad</strong></span> <span class='ocrx_word' id='word_1_324' title='bbox 2410 3926 2597 3998; x_wconf 74' lang='lat' dir='ltr'><strong>Hygia.</strong></span> <span class='ocrx_word' id='word_1_325' title='bbox 2615 3924 2728 3978; x_wconf 85' lang='lat' dir='ltr'><strong>fab.</strong></span> <span class='ocrx_word' id='word_1_326' title='bbox 2744 3924 2843 3991; x_wconf 77' lang='grc'><strong>34,</strong></span> 
     </span>
     <span class='ocr_line' id='line_1_34' title="bbox 835 4005 2654 4079; baseline -0.001 -21"><span class='ocrx_word' id='word_1_327' title='bbox 835 4024 881 4058; x_wconf 81' lang='lat'><strong>2.</strong></span> <span class='ocrx_word' id='word_1_328' title='bbox 905 4007 1035 4079; x_wconf 76' lang='lat' dir='ltr'><strong>Leqe</strong></span> <span class='ocrx_word' id='word_1_329' title='bbox 1057 4008 1315 4061; x_wconf 80' lang='lat' dir='ltr'><strong>occiderit.</strong></span> <span class='ocrx_word' id='word_1_330' title='bbox 1331 4009 1453 4076; x_wconf 87' lang='lat' dir='ltr'><strong>Qua</strong></span> <span class='ocrx_word' id='word_1_331' title='bbox 1468 4011 1764 4078; x_wconf 85' lang='lat' dir='ltr'><strong>puniuntur</strong></span> <span class='ocrx_word' id='word_1_332' title='bbox 1846 4006 1975 4076; x_wconf 68' lang='lat'><strong>249,</strong></span> <span class='ocrx_word' id='word_1_333' title='bbox 2000 4019 2052 4058; x_wconf 91' lang='lat' dir='ltr'><strong>et</strong></span> <span class='ocrx_word' id='word_1_334' title='bbox 2079 4006 2209 4075; x_wconf 73' lang='lat'><strong>2743</strong></span> <span class='ocrx_word' id='word_1_335' title='bbox 2233 4019 2288 4057; x_wconf 86' lang='lat' dir='ltr'><strong>et</strong></span> <span class='ocrx_word' id='word_1_336' title='bbox 2309 4005 2458 4058; x_wconf 79' lang='lat' dir='ltr'><strong>alios.</strong></span> <span class='ocrx_word' id='word_1_337' title='bbox 2485 4008 2654 4058; x_wconf 65' lang='lat' dir='ltr'><strong>Bona.</strong></span> 
     </span>
     <span class='ocr_line' id='line_1_35' title="bbox 761 4082 2840 4155; baseline -0.003 -15"><span class='ocrx_word' id='word_1_338' title='bbox 761 4087 1072 4142; x_wconf 85' lang='lat' dir='ltr'><strong>desertores.</strong></span> <span class='ocrx_word' id='word_1_339' title='bbox 1090 4090 1307 4142; x_wconf 73' lang='lat' dir='ltr'><strong>Senum.</strong></span> <span class='ocrx_word' id='word_1_340' title='bbox 1324 4087 1587 4142; x_wconf 74' lang='lat' dir='ltr'><strong>occideret</strong></span> <span class='ocrx_word' id='word_1_341' title='bbox 1600 4090 1763 4140; x_wconf 80' lang='lat' dir='ltr'><strong>Fran·</strong></span> <span class='ocrx_word' id='word_1_342' title='bbox 1914 4084 1965 4150; x_wconf 78' lang='grc'><strong>4.</strong></span> <span class='ocrx_word' id='word_1_343' title='bbox 1999 4085 2136 4155; x_wconf 74' lang='lat' dir='ltr'><strong>Quid</strong></span> <span class='ocrx_word' id='word_1_344' title='bbox 2169 4085 2289 4137; x_wconf 78' lang='lat' dir='ltr'><strong>acti.</strong></span> <span class='ocrx_word' id='word_1_345' title='bbox 2324 4086 2396 4136; x_wconf 82' lang='lat' dir='ltr'><strong>Ut</strong></span> <span class='ocrx_word' id='word_1_346' title='bbox 2416 4082 2571 4136; x_wconf 77' lang='lat' dir='ltr'><strong>ovid.</strong></span> <span class='ocrx_word' id='word_1_347' title='bbox 2595 4082 2707 4135; x_wconf 82' lang='lat' dir='ltr'><strong>Art.</strong></span> <span class='ocrx_word' id='word_1_348' title='bbox 2740 4100 2840 4134; x_wconf 78' lang='lat' dir='ltr'><strong>am.</strong></span> 
     </span>
     <span class='ocr_line' id='line_1_36' title="bbox 763 4159 2848 4236; baseline -0.003 -16"><span class='ocrx_word' id='word_1_349' title='bbox 763 4168 876 4220; x_wconf 86' lang='lat' dir='ltr'><strong>cius</strong></span> <span class='ocrx_word' id='word_1_350' title='bbox 899 4166 1144 4219; x_wconf 81' lang='lat' dir='ltr'><strong>malebat.</strong></span> <span class='ocrx_word' id='word_1_351' title='bbox 1845 4168 1921 4232; x_wconf 86' lang='lat' dir='ltr'><strong>n,</strong></span> <span class='ocrx_word' id='word_1_352' title='bbox 1949 4167 2083 4236; x_wconf 82' lang='lat'><strong>637:</strong></span> <span class='ocrx_word' id='word_1_353' title='bbox 2116 4189 2138 4212; x_wconf 74' lang='grc' dir='ltr'><strong><em>κ</em></strong></span> <span class='ocrx_word' id='word_1_354' title='bbox 2159 4159 2304 4234; x_wconf 86' lang='lat' dir='ltr'><strong>Quid</strong></span> <span class='ocrx_word' id='word_1_355' title='bbox 2324 4167 2423 4217; x_wconf 82' lang='lat' dir='ltr'><strong>tuti</strong></span> <span class='ocrx_word' id='word_1_356' title='bbox 2451 4177 2718 4236; x_wconf 81' lang='lat' dir='ltr'><strong>superest,</strong></span> <span class='ocrx_word' id='word_1_357' title='bbox 2751 4162 2848 4215; x_wconf 82' lang='lat' dir='ltr'><strong>ubi</strong></span> 
     </span>
     <span class='ocr_line' id='line_1_37' title="bbox 835 4242 2607 4319; baseline -0.003 -19"><span class='ocrx_word' id='word_1_358' title='bbox 835 4245 885 4300; x_wconf 78' lang='grc'><strong>3.</strong></span> <span class='ocrx_word' id='word_1_359' title='bbox 914 4248 1197 4300; x_wconf 79' lang='lat' dir='ltr'><strong>Hominem</strong></span> <span class='ocrx_word' id='word_1_360' title='bbox 1228 4267 1396 4319; x_wconf 80' lang='lat' dir='ltr'><strong>quem.</strong></span> <span class='ocrx_word' id='word_1_361' title='bbox 1428 4246 1610 4298; x_wconf 83' lang='lat' dir='ltr'><strong>Malim</strong></span> <span class='ocrx_word' id='word_1_362' title='bbox 1627 4286 1643 4306; x_wconf 76' lang='grc'><strong>,</strong></span> <span class='ocrx_word' id='word_1_363' title='bbox 1672 4247 1767 4299; x_wconf 75' lang='lat' dir='ltr'><strong>ho·</strong></span> <span class='ocrx_word' id='word_1_364' title='bbox 1852 4268 1873 4290; x_wconf 75' lang='grc' dir='ltr'><strong>α</strong></span> <span class='ocrx_word' id='word_1_365' title='bbox 1899 4248 2125 4298; x_wconf 75' lang='lat' dir='ltr'><strong>nominis</strong></span> <span class='ocrx_word' id='word_1_366' title='bbox 2152 4258 2316 4298; x_wconf 78' lang='lat' dir='ltr'><strong>exstet</strong></span> <span class='ocrx_word' id='word_1_367' title='bbox 2340 4242 2564 4297; x_wconf 81' lang='lat' dir='ltr'><strong>adulter.</strong></span> <span class='ocrx_word' id='word_1_368' title='bbox 2587 4268 2607 4288; x_wconf 67' lang='lat' dir='ltr'>a</span> 
     </span>
    </p>
   </div>
  </div>
 </body>
</html>
