3200 5117
686 527 1515 599 DECLAMATmNES.
1561 521 2004 604 chxxtx.
2265 543 2420 635 147·

306 657 423 758 jus
458 647 872 744 abdicandi,
921 675 1196 752 propter
1235 655 1404 744 hoc,
1457 656 1645 753 quod
1692 656 1798 728 lex
1841 659 2002 732 huic
2047 665 2383 760 permisit.

314 775 595 864 Vereor,
617 797 706 841 ne
726 770 945 842 risum
967 787 1312 840 mereatur
1328 769 1473 841 haec
1494 769 1801 842 defensio
1819 799 2007 865 mea,
2025 795 2386 878 tamquam

314 887 425 960 hic
455 885 866 958 utrumlibet
898 909 1036 956 non
1072 885 1390 984 potuen't.
1421 885 1555 957 Sed
1583 888 1880 984 potuerit
1906 915 2070 962 sane
2099 918 2114 963 ε
2143 897 2387 970 marito

314 1001 421 1074 vel
458 1001 770 1074 occidere
806 999 1235 1091 adulterum,
1268 1000 1373 1071 vel
1410 1022 1686 1100 accepta
1726 1006 2030 1100 pecunia
2050 1007 2390 1084 dimittere

316 1115 523 1188 licet:
562 1141 702 1187 non
742 1134 966 1213 potest
993 1134 1268 1214 propter
1299 1115 1370 1186 id
1399 1114 1593 1188 irasci
1611 1173 1629 1204 ,
1655 1116 1843 1215 quod
1867 1117 2028 1220 jura
2053 1120 2215 1193 huic
2243 1108 2394 1223 per-

321 1229 680 1302 miserunt.
705 1231 1060 1325 Loquatur
1081 1228 1369 1301 maritus
1393 1255 1555 1301 cum
1587 1230 1828 1302 auimo
1847 1245 1866 1275 ¹
1899 1260 2049 1323 suo,
2074 1233 2398 1333 loquatur

320 1372 487 1416 cum
532 1345 784 1417 affectu
828 1370 989 1432 suo,
1040 1369 1206 1415 cum
1262 1343 1537 1442 propria
1587 1345 1810 1415 animi
1855 1347 1965 1417 sui
2012 1370 2275 1423 natura.
2325 1352 2397 1423 Si

320 1481 601 1558 propter
637 1460 771 1532 hoc
808 1459 962 1531 licet
995 1458 1352 1547 abdicare,
1397 1458 1617 1549 istud,
1662 1460 1848 1556 quod
1883 1462 2044 1534 fecit
2073 1465 2356 1537 maritus
2378 1524 2398 1557 ,

322 1559 471 1647 naon
502 1574 703 1650 licet:
736 1576 996 1674 alioqui
1030 1576 1221 1646 enim
1260 1574 1686 1647 tolerabilius
1715 1593 1781 1648 et
1811 1595 1986 1651 certe
2023 1580 2399 1655 humanius

320 1713 515 1798 (ραι,-
536 1687 896 1764 arbitrium
924 1692 1033 1763 vel
1065 1690 1428 1762 occidendi
1461 1691 1787 1784 adulteri,
1824 1693 1931 1767 vel
1962 1718 2238 1796 accepta
2269 1725 2382 1798 pe·

324 1805 531 1879 cunia
562 1803 995 1892 dimittendi,
1023 1804 1371 1875 transferri
1405 1805 1495 1876 ad
1526 1819 1829 1906 patres²z
1861 1810 2196 1906 quoniam
2222 1832 2398 1884 certe

326 1920 542 1995 levius
567 1943 667 1994 est
684 1941 909 1992 vetare
931 1919 1198 2014 aliqua,
1224 1945 1439 2017 quam
1466 1922 1736 2026 punire.
1760 1924 1870 1995 Sic
1896 1924 2398 2018 defenderetur,

323 2037 381 2108 si
414 2038 577 2137 jure
614 2056 847 2107 tecum
891 2052 1159 2133 ageret:
1208 2034 1422 2133 ipsius
1461 2061 1619 2107 vero
1660 2037 1820 2110 facti
1859 2038 1967 2110 vel
2010 2039 2142 2112 hoc
2189 2041 2399 2113 modo

320 2152 670 2224 rationem
690 2149 888 2222 facile
919 2149 1405 2222 reddidissem:
1443 2175 1587 2223 non
1612 2174 1710 2225 est
1737 2154 1920 2226 istud
1947 2175 2144 2253 turpe
2161 2214 2180 2247 ,
2210 2157 2401 2255 quod

324 2266 436 2338 lex
461 2263 813 2364 permittit.
848 2267 1148 2363 Accepta
1179 2264 1522 2362 pecunia³
1554 2267 1924 2362 dimisisti:
1965 2267 2095 2340 nisi
2132 2290 2404 2369 oporte÷

329 2400 461 2467 ret,
517 2404 645 2450 nec
688 2379 942 2450 liceret.
995 2381 1107 2449 An
1156 2405 1317 2452 vero
1368 2403 1620 2479 parum
1668 2384 1882 2455 sancti
1934 2381 2039 2454 illi
2086 2384 2404 2456 videntur

329 2495 533 2568 fuisse
565 2493 896 2594 majores,
931 2493 1032 2565 illi
1058 2495 1538 2568 constitutores
1560 2498 1740 2598 juris
1762 2556 1781 2586 ,
1808 2499 1929 2596 qui
1960 2497 2257 2571 civitates
2289 2498 2404 2569 ad-

332 2612 511 2703 hue,
560 2611 752 2684 velut
797 2611 1089 2709 antiqno
1141 2610 1265 2683 illo
1314 2635 1538 2684 errore
1590 2616 1952 2701 confusas,
2006 2612 2094 2685 ad
2145 2624 2440 2684 certam'

333 2726 598 2799 vivendi
627 2727 929 2798 formam
961 2725 1412 2823 redegerunt?
1444 2724 1578 2798 illis
1607 2749 1748 2798 nnn
1785 2747 1885 2798 est
1913 2726 2136 2798 visum
2171 2727 2364 2797 nefas
2383 2781 2401 2814 ‚

332 2842 637 2941 accipere
678 2841 1096 2940 pecuniam:
1137 2840 1254 2912 sed
1297 2841 1503 2913 etiam
1551 2842 1680 2914 hac
1723 2867 1920 2941 poena
1957 2835 2405 2913 animadverti

334 2978 771 3055 putaverunt,
792 2957 971 3029 sicut
993 2957 1318 3056 pleraque
1337 2957 1581 3029 delicta
1611 2959 2037 3056 puniuntur:
2062 2981 2189 3028 nec
2212 2957 2402 3026 enim

335 3095 603 3169 semper
634 3095 854 3169 usque
881 3070 968 3142 ad
1003 3091 1301 3142 mortem
1340 3064 1769 3169 perveniunt.
1795 3071 2019 3143 Credo
2053 3091 2286 3143 autem
2321 3067 2407 3139 il-

338 3181 529 3271 lum,
562 3185 871 3284 quisquis
911 3185 1045 3258 fuit
1084 3184 1254 3283 legis
1285 3184 1571 3285 hujusce
1605 3186 2036 3273 constitutor,
2072 3185 2190 3253 illa
2225 3184 2405 3255 intra

336 3321 410 3368 se
440 3297 765 3396 cogitasse
800 3325 816 3371 τ
861 3326 1008 3370 non
1049 3299 1375 3370 omnium
1408 3298 1677 3369 animos
1710 3299 2120 3370 maritorum
2156 3297 2402 3371 durare

326 3442 484 3510 Jum
519 3457 629 3491 nou
666 3453 786 3491 sunt
816 3439 902 3491 hic
935 3438 1331 3492 abdicationum
1408 3455 1533 3491 cero
1566 3439 1637 3492 ad
1666 3443 1809 3492 Fam.
1846 3441 1921 3503 ΙΙ,
1955 3453 2016 3506 7:
2054 3440 2292 3491 oeTecum
2323 3440 2403 3490 lo·-

332 3537 538 3585 causn,
563 3537 662 3572 nec
686 3518 1017 3590 hujusmodi,
1045 3535 1104 3574 ut
1129 3539 1161 3574 a
1181 3520 1329 3593 jndi-
1414 3543 1439 3569 ι
1457 3538 1655 3591 quere,
1692 3534 1742 3571 te
1778 3517 1969 3570 adhibe
2007 3521 2058 3571 in
2097 3521 2402 3586 consilium,

332 3601 483 3654 cibus
496 3601 787 3674 approbari
799 3600 1049 3669 debeant,
1061 3605 1169 3656 sive
1188 3603 1330 3655 hune
1414 3621 1436 3646 α
1456 3613 1508 3651 te
1531 3597 1684 3662 audi,
1710 3595 1804 3648 tibi
1827 3595 2151 3668 obtempera.
2173 3621 2195 3645 ι

332 3679 659 3749 inpuberem
672 3683 783 3751 jam
802 3683 1044 3733 maritum
1064 3682 1331 3753 appellare
1482 3697 1528 3732 2.
1549 3677 1830 3730 Arbitrium
1853 3679 2116 3750 transferri
2131 3679 2204 3728 'ad
2216 3687 2402 3749 patres.

334 3758 677 3832 {ssmn‚quia
696 3761 845 3833 quod
864 3761 1203 3826 licuit‚fecit:
1225 3767 1332 3815 sive
1409 3762 1486 3812 Ita
1521 3757 1750 3830 trajicere
1779 3759 1933 3811 ovid.
1967 3759 2090 3810 Met.
2121 3759 2211 3810 Xn
2231 3797 2247 3823 ‚
2271 3775 2401 3824 verz.

328 3837 419 3906 jus
454 3839 628 3890 mariti
660 3853 783 3893 etas
817 3838 1067 3912 impedit,
1101 3843 1225 3912 quia
1256 3842 1335 3891 vi-
1411 3837 1542 3890 ult.:
1592 3859 1615 3882 ιι
1635 3835 1920 3887 Arbitrium
1961 3836 2065 3887 litis
2106 3835 2312 3906 trajecit
2351 3836 2405 3884 in

333 3921 473 3970 rium
491 3922 880 3974 ”emotionem
900 3919 1089 3984 habet,
1111 3921 1252 3992 quod
1273 3923 1336 3973 si·
1418 3938 1441 3962 ⁸
1461 3931 1659 3966 omne!-
1687 3937 1709 3960 ⁸

334 3987 1202 4055 wudultmmmmadulterain
1220 4004 1335 4073 ipsa
1486 3995 1536 4048 3.
1565 3995 1790 4066 Accepta
1819 3993 2059 4065 pecunia.
2093 3993 2206 4043 Hoc
2236 4011 2407 4044 exem-

333 4076 660 4149 turpitudine
672 4078 752 4131 ul
769 4081 816 4134 ἐν
834 4083 952 4149 ὀργφ
974 4079 1213 4136 occidere
1228 4095 1339 4133 non
1416 4073 1565 4145 plum
1591 4088 1672 4126 est
1699 4073 2071 4124 scholasticum
2100 4071 2408 4124 sacramenti

331 4158 613 4227 punient.
639 4161 822 4213 AEuon.
1417 4157 1470 4206 in
1498 4171 1655 4206 causa
1684 4155 1944 4218 criminis,
1973 4165 2031 4203 ut
2059 4166 2111 4203 et
2137 4152 2274 4205 infra
2299 4153 2408 4205 De·-

407 4253 457 4287 1-
480 4238 751 4311 Loquenti·
772 4257 893 4291 eum
918 4239 1112 4291 animo.
1143 4238 1224 4290 sic
1249 4237 1339 4290 ci-
1418 4237 1624 4289 clamat.
1649 4235 1950 4291 CCCLXIII.
1973 4235 2118 4287 Prrn.

2078 4340 2157 4376 10.
