3200 5117
67 1454 72 1489 l

67 1554 69 1589 V

67 1752 70 1786 ι

66 1834 78 1887 ἰ

770 519 1607 589 DECLAMATIONES.
1652 520 1861 584 x111.
2236 522 2359 604 54⁵

266 644 433 720 bilis
465 647 572 719 vis
606 668 739 732 est,
772 646 893 718 ubi
923 646 1011 716 ad
1042 643 1629 717 consuetudinem
1654 642 1860 734 mali,
1895 668 2098 715 causa
2129 670 2369 717 neces-

268 759 490 833 sitatis
535 761 844 858 emergit.
891 758 1261 830 Praemium
1302 771 1828 852 consequetur¹,
1862 744 1985 855 riui
2028 783 2234 830 ausus
2276 779 2375 859 est

268 898 342 949 et
360 878 781 950 confirmare
807 903 1046 948 meum
1070 900 1455 964 venenum,
1482 893 1549 946 et
1567 900 1775 944 suum
1805 872 2200 946 remedium
2222 875 2378 973 pol-

270 990 515 1063 liceri?
543 992 734 1064 Ultio
765 991 1054 1089 quidem
1087 989 1240 1077 illa,
1273 1016 1414 1061 non
1446 988 1771 1085 quaestio:
1799 1009 2133 1086 tyrannus
2163 1017 2379 1063 vene-

263 1130 447 1177 num
488 1104 847 1203 quaesivit?
880 1103 998 1177 sed
1033 1103 1472 1175 vindicavit2.
1506 1104 1575 1174 O
1610 1130 1827 1200 quam
1862 1102 2096 1174 faciles
2127 1127 2381 1201 gerunt

261 1221 759 1319 persuasiones
772 1218 1463 1317 ³,illecebramquein
1476 1219 1903 1291 contrarium
1925 1221 2379 1293 transferunt!

261 1336 360 1408 Ut
392 1337 597 1410 virus
635 1336 952 1434 serpebat
985 1334 1309 1421 interius,
1342 1355 1409 1405 et
1439 1334 1681 1406 artus4
1723 1361 1967 1406 omnes
2007 1333 2213 1434 longa
2235 1363 2384 1434 poe-

267 1476 542 1524 narum
574 1451 905 1523 dilatione
935 1449 1396 1567 languebant.
1427 1449 1842 1521 veneficium
1859 1448 2006 1548 jam
2041 1471 2382 1547 tyrannus

270 1585 685 1663 agnoverat,
704 1563 872 1663 quia
889 1563 1259 1637 instantem
1277 1563 1637 1637 interitum
1653 1563 1994 1635 sentiebat
2012 1592 2026 1635 2
2051 1565 2382 1638 festinans

359 1784 379 1819 ι
393 1807 404 1818 .
427 1767 781 1841 Consequitur.
804 1767 1011 1833 Malim,
1031 1786 1297 1841 conseque·

283 1859 383 1898 tur.
397 1850 551 1900 Prrn.
563 1848 994 1920 Transpositione
1007 1859 1060 1900 et
1075 1867 1296 1919 corrup·

282 1927 431 1978 tione
460 1925 572 1978 haec
600 1925 875 1993 laborant,
903 1941 958 1979 et
987 1939 1208 1997 possunt
1234 1946 1295 1978 ac

283 2002 486 2058 debent
521 2005 625 2058 hoc
659 2005 818 2057 modo
853 2006 1087 2058 ordinari
1121 2024 1181 2058 ac
1216 2024 1297 2058 sa·

287 2088 440 2137 nari:
482 2087 732 2162 Emerqit.
776 2086 920 2139 Ultio
957 2088 1163 2158 quidem
1202 2085 1300 2138 illa

287 2181 399 2216 non
447 2165 680 2239 quoestio.
727 2165 1002 2235 Tyrannus
1047 2183 1298 2217 venenum

288 2259 398 2292 non
428 2244 690 2315 quoesivit,
718 2243 805 2296 sed
835 2243 1131 2294 vindicavit.
1163 2243 1302 2293 Prae-

290 2319 462 2370 mium
489 2331 841 2393 consequetur,
867 2321 962 2393 qui
981 2339 1133 2372 ausus
1153 2330 1223 2373 est
1251 2331 1303 2371 et

290 2415 387 2449 con
380 2395 605 2471 firmare
613 2419 784 2450 meum
799 2417 1074 2462 venenum,
1085 2411 1135 2449 et
1148 2416 1301 2451 suum

288 2480 576 2531 remedium
595 2478 877 2553 polliceri?
919 2480 965 2531 Ο
989 2498 1144 2551 quam
1161 2477 1303 2550 faci-

290 2556 365 2611 les
376 2562 515 2634 ¹qerit
528 2561 904 2633 persuasiones,
921 2558 1155 2611 illecebra
1173 2577 1305 2631 quas

291 2638 350 2688 in
390 2639 711 2692 contrarium
756 2636 1031 2707 transfert!
1065 2636 1303 2705 Cogitavi

290 2732 343 2769 et
380 2717 488 2772 hoc
525 2717 719 2770 modo:
759 2718 805 2769 0
836 2735 995 2790 quam
1021 2715 1192 2789 facile
1217 2734 1303 2768 ce-

287 2800 424 2852 dunt
457 2800 836 2871 persuasiones,
872 2798 1210 2871 illecebraque
1244 2799 1299 2851 in

291 2878 612 2930 contrarium
630 2877 1038 2948 transferuntur!
1054 2890 1228 2946 potest
1250 2889 1303 2928 et

295 2964 518 3007 vertunt.
554 2955 719 3006 Sensu
751 2972 956 3023 semper
983 2952 1204 3005 eodem:
1230 2954 1302 3004 si-

293 3033 576 3104 ffliflcatur
588 3037 726 3087 enim
739 3070 755 3099 ‚
771 3033 1000 3105 primum
1019 3032 1173 3084 facile
1193 3051 1303 3084 me·

295 3112 481 3166 dicum
516 3114 715 3185 praemii
752 3131 846 3183 spe
886 3111 1152 3163 induxisse
1188 3110 1303 3161 ani-

294 3213 446 3247 mum
475 3194 543 3248 ad
570 3212 726 3266 opem
753 3191 1022 3245 ferendam
1047 3204 1304 3262 tyrannm

298 3287 352 3325 et
392 3293 537 3326 nunc
578 3273 760 3326 itidem
804 3270 959 3323 facile
1006 3269 1306 3323 traductum

297 3356 500 3426 praemii
522 3353 701 3406 itidem
723 3351 863 3405 illius
885 3351 1097 3423 majoris
1118 3364 1170 3403 et
1192 3348 1309 3421 glo-

297 3434 535 3485 riosioris
557 3431 829 3497 illecebra,
850 3428 918 3482 ad
936 3448 1042 3501 prae
1062 3448 1117 3482 se
1137 3431 1312 3482 feren-

301 3509 468 3579 dum,
516 3509 663 3583 qnod
708 3524 989 3583 tyranuum
1037 3507 1305 3562 occiderit.

300 3587 523 3643 Senum.

377 3686 426 3721 2.
449 3669 724 3722 Venenum
743 3665 1007 3741 quoesivite
1033 3666 1121 3725 sed
1143 3665 1310 3717 vindi-

301 3752 459 3805 cavit.
493 3752 600 3802 Aut
631 3747 998 3802 scribendum:
1037 3747 1312 3818 Tyrannus

306 3852 560 3886 venenum
581 3850 687 3882 non
708 3829 966 3903 quaesivit,
980 3828 1068 3882 sed
1086 3829 1312 3880 vindica-

309 3913 415 3975 υἷες
433 3924 532 3983 ‘aut
547 3947 564 3975 ‚
594 3909 871 3979 Tyrannus
894 3926 1147 3960 venenum
1172 3925 1313 3980 quoe-

305 3992 463 4044 sivit?
498 3991 565 4043 Se
603 3986 902 4040 vindicavit.
944 3987 1110 4055 Quasi
1150 3999 1320 4052 esset,

1377 1768 1498 1820 dico
1530 1767 1753 1821 debetur
1782 1769 2086 1839 prumiam,
2113 1771 2263 1841 quasi
2293 1769 2381 1823 ille

1375 1853 1576 1921 primus
1595 1868 1861 1902 venenum
1881 1850 2109 1902 dedisset
2129 1865 2386 1922 tyranno,

1378 1933 1467 2002 qui
1490 1933 1599 2001 jam
1629 1931 1908 1983 confessus
1932 1934 2044 1983 erat
2070 1951 2099 1983 a
2124 1950 2206 1984 me
2229 1951 2386 1986 accem

1375 2011 1516 2081 pisse
1542 2028 1597 2061 se
1621 2028 1912 2062 venenum:
1939 2028 2047 2062 non
2073 2013 2211 2062 enim
2237 2029 2388 2082 roga·

1377 2090 1450 2139 vit
1465 2087 1726 2141 medicum
1742 2127 1759 2153 ‚
1776 2110 1841 2142 an
1858 2108 2118 2141 venenum
2135 2090 2232 2141 sibi
2251 2105 2390 2143 esset

1378 2166 1590 2231 datum,
1615 2167 1709 2219 sed
1734 2166 1982 2219 indicavit
2007 2183 2198 2238 sponte
2221 2188 2233 2217 ε
2265 2186 2388 2221 mox

1380 2245 1505 2298 dicit
1517 2285 1533 2311 ‚
1559 2243 1871 2321 amne-ficium.
1890 2256 2145 2316 tyrannus
2164 2266 2387 2321 aqnove-

1382 2335 1477 2376 rat.
1503 2326 1672 2377 Burin.

1452 2402 1499 2456 3.
1532 2404 1578 2455 0
1599 2423 1757 2475 quam
1775 2403 1948 2475 facile
1965 2416 2156 2478 yerunt
2176 2423 2388 2476 persua-

1380 2482 1565 2536 siones.
1595 2483 1782 2547 Forte,
1802 2480 1972 2553 facile
2000 2496 2188 2536 errant.
2218 2486 2383 2539 Gnou.

1384 2562 1605 2614 Secutus
1622 2562 1719 2614 ista
1736 2560 2033 2615 Obrecbtus
2045 2601 2063 2628 ,
2079 2564 2172 2615 sed
2190 2564 2381 2633 legam:

1388 2639 1434 2690 Ο
1445 2639 1605 2713 qua‘m
1612 2639 1804 2710 faciles
1811 2652 2007 2712 qerunt
2014 2642 2386 2714 permasiones!

1382 2717 1531 2786 quod
1549 2716 1778 2782 dictum,
1799 2731 1857 2769 ut
1878 2719 1977 2770 iras
1988 2738 2189 2791 gerere,
2209 2735 2258 2773 et
2274 2721 2388 2772 ani-

1379 2815 1522 2849 mum
1549 2794 1817 2866 infirmum
1833 2816 2034 2871 θωνα»,-
2053 2799 2265 2852 Terent.
2288 2804 2390 2853 He-

1381 2895 1489 2948 cyr.
1518 2876 1584 2926 111
1605 2914 1619 2942 ,
1665 2893 1683 2927 ι
1717 2898 1729 2927 2
1774 2902 1797 2924 ιι
1818 2880 2038 2931 Mixtum
2083 2880 2278 2949 gaudio
2325 2900 2386 2934 ac

1387 2977 1409 3000 σι
1430 2970 1573 3005 metu
1616 2957 1846 3007 animum
1884 2974 2089 3026 gerere;
2112 2980 2133 3003 n
2176 2959 2350 3012 Livius
2371 2999 2387 3026 ,

1381 3031 1604 3093 XXXII,
1632 3047 1650 3081 ι
1668 3049 1686 3081 r
1708 3053 1718 3082 :
1753 3054 1774 3077 σι
1794 3032 2181 3103 Cupiditatem;
2206 3062 2227 3083 ιι
2250 3039 2386 3090 Just.

1381 3111 1543 3176 xvii,
1567 3129 1584 3162 1
1606 3132 1618 3162 :
1642 3136 1663 3158 ιι
1679 3111 1976 3175 Desideria;
1995 3138 2017 3161 ιι
2037 3117 2220 3183 Quint.
2237 3119 2387 3170 Decl.

1386 3193 1463 3242 X:
1484 3214 1505 3237 α
1525 3192 1720 3244 Gerere
1743 3194 1904 3256 rixas;
1926 3218 1947 3241 n
1976 3196 2147 3248 Catul.
2173 3198 2388 3265 LxV11;

1387 3269 1479 3323 ubi
1497 3271 1614 3323 vide
1634 3275 1785 3325 Voss.
1809 3287 1860 3325 et
1882 3276 2067 3328 similia
2088 3277 2270 3341 obvia;
2296 3281 2390 3333 ubi

1386 3369 1489 3421 pro
1515 3349 1701 3403 habere
1724 3353 2037 3406 sumendum
2062 3369 2167 3422 est,
2190 3358 2296 3410 vid.
2321 3358 2391 3413 ad

1386 3430 1583 3483 Phaedr.
1610 3434 1664 3497 1,
1696 3433 1774 3486 13.
1799 3436 1967 3487 Bunu.

1460 3514 1509 3580 4.
1549 3513 1619 3565 Ut
1650 3514 1783 3566 virus
1813 3518 2043 3588 serpebat
2071 3518 2311 3587 interius,
2344 3532 2399 3574 et

1388 3605 1554 3659 artus,
1576 3607 1677 3646 etc.
1705 3597 1960 3649 Connecti
1984 3598 2169 3655 melius
2192 3599 2395 3672 langui-

1390 3672 1455 3725 da
1498 3672 1610 3725 baec
1648 3676 1843 3744 poterit
1883 3680 2051 3728 oratio
2089 3678 2400 3749 hujusmodi

1390 3752 1649 3805 lectione:
1679 3752 1821 3805 Huic
1849 3754 1987 3806 virus
2012 3759 2241 3829 serpebat
2269 3760 2402 3810 inte-

1394 3833 1523 3900 rius,
1547 3845 1598 3883 et
1619 3844 1760 3884 artus
1782 3853 1958 3888 omnes
1982 3855 2083 3887 non
2117 3836 2273 3911 longa
2292 3859 2403 3911 ρω-

1399 3931 1585 3964 narum
1606 3911 1861 3964 dilatione
1880 3913 2229 3988 languebant.-
2258 3937 2405 3971 vene-

1387 3986 1582 4062 ficium
1582 3993 1704 4062 jam
1725 4004 1974 4062 tyrannus
1986 4008 2285 4068 agnoverat,
2305 4013 2409 4051 etc.

310 4073 472 4124 immo
515 4088 571 4121 se
613 4064 915 4118 vindicavit.
956 4064 1123 4118 Gnou.
1163 4067 1322 4116 Forte
1405 4068 1625 4123 senum.
1642 4071 1767 4123 Non
1785 4069 1942 4145 lonya
1959 4092 2263 4128 necesseest
2280 4077 2409 4149 legi,

309 4147 621 4220 legendum,
647 4145 924 4217 Tyrannus
942 4162 1195 4196 venenum
1217 4161 1322 4196 non
1406 4162 1627 4221 propter
1646 4152 1921 4204 instantem
1944 4153 2239 4223 interitum,
2257 4171 2309 4210 et
2327 4158 2414 4210 de-

311 4230 571 4299 quoesivit‚
587 4225 676 4280 sed
692 4224 944 4279 indicavit
951 4245 971 4287 ,-
991 4221 1200 4277 nullum
1219 4243 1328 4277 me-
1407 4227 1532 4283 inde
1542 4229 1821 4302 festinans.

537 4318 588 4370 6.

2099 4324 2167 4375 35
