3200 5117
751 531 1585 602 DECLAMATIONES.
1634 535 2025 602 cccvnl.
2306 544 2420 621 241

353 658 834 757 propinquum
872 678 1176 730 vestrum
1227 656 1627 728 intestatum
1674 657 1905 729 fuisse.
1951 661 2106 732 Hoc
2151 662 2435 760 propius

352 771 761 870 colligamus
782 800 795 842 :
816 791 1145 872 putemus
1169 768 1361 841 enirn
1384 770 1650 840 factum
1675 795 1816 844 esse
1839 798 2062 843 unum
2081 774 2212 845 hoc
2237 795 2433 870 testa·⁵

352 908 711 979 mentum,
748 888 938 985 quod
970 885 1380 958 damnastis:
1414 911 1591 956 num
1626 883 1922 958 dubium
1956 888 2112 978 erit,
2147 890 2314 987 quin
2347 891 2438 962 ad

348 1027 469 1072 vos
498 1002 679 1073 bona
713 1001 1212 1101 pertinuerint,
1242 1021 1600 1098 tamquam
1638 999 1964 1091 intestati,
2001 1002 2068 1074 id
2095 1025 2226 1094 est,
2257 1007 2435 1103 quin

353 1114 449 1185 ita
473 1114 758 1188 heredes
780 1116 1000 1188 futuri
1037 1114 1338 1205 fueritis,
1370 1136 1737 1212 tamquam
1768 1114 1885 1186 ille
1914 1117 2205 1188 omnino
2234 1138 2439 1190 testa-

354 1252 680 1303 mentum
697 1259 839 1304 non
855 1230 1165 1305 fecisset?
1187 1227 1376 1329 quod
1403 1228 1457 1299 si
1477 1229 1609 1299 hoc
1625 1255 1749 1327 pro
1770 1255 1912 1301 non
1937 1231 2115 1303 facto
2147 1251 2275 1321 est,
2310 1257 2435 1303 nec

356 1368 848 1421 testamentum
899 1346 1187 1444 quidem
1234 1344 1451 1416 videri
1508 1365 1751 1443 potest.
1804 1345 2184 1444 Fingamus
2229 1347 2439 1421 fuisse

355 1461 687 1534 ultimum
710 1481 1234 1535 testamentum:
1262 1459 1544 1558 quando
1561 1458 1972 1556 quaerimus?
1992 1483 2162 1561 puto
2176 1518 2195 1550 ,
2217 1490 2446 1561 quum

359 1603 464 1649 res
507 1578 580 1648 in
627 1577 744 1649 lite
786 1598 922 1666 est,
955 1601 1178 1674 quum
1221 1574 1293 1645 in
1328 1573 1832 1672 disputatione:
1865 1600 1991 1646 nec
2027 1579 2320 1675 pertinet
2352 1580 2443 1651 ad

357 1717 484 1762 nos
523 1691 710 1790 quod
743 1691 953 1764 fuerit
979 1688 1353 1778 ultimum,
1392 1687 1512 1759 sed
1551 1689 1738 1785 quod
1773 1688 1877 1760 sit.
1917 1689 1986 1761 Si
2018 1690 2135 1791 jus
2164 1694 2439 1791 utrique

294 1841 313 1854 =
356 1825 771 1877 testamento
792 1822 1148 1892 constaret,
1167 1801 1600 1874 fuissetillud
1623 1802 1976 1894 ultimum,
1998 1806 2186 1903 quod
2207 1827 2444 1905 postea

356 1921 618 1992 factum
642 1940 774 1991 est:
798 1918 918 1990 illo
936 1944 1094 1990 vero
1120 1917 1391 1989 sublato
1423 1918 1666 2017 incipit
1692 1918 2016 1992 ultimum
2043 1948 2219 2012 esse,
2250 1925 2441 2022 quod

359 2036 675 2107 relictum
711 2055 841 2124 est,
878 2055 955 2104 ut
995 2034 1071 2106 in
1110 2033 1545 2106 contentione
1580 2050 1886 2125 cursus¹‚
1931 2038 2051 2135 qui
2090 2040 2443 2137 proximus

360 2151 449 2220 ab
494 2148 741 2221 ultimo
786 2148 1031 2239 fuerit,
1080 2149 1133 2220 si
1177 2149 1451 2222 desistat
1483 2147 1806 2240 ultimus»,
1849 2151 1921 2222 in
1961 2178 2220 2224 nomen
2254 2153 2444 2227 illius

358 2263 735 2362 locumque
762 2263 1106 2336 succedit:
1140 2289 1302 2360 ergo
1334 2284 1412 2335 ut
1436 2289 1579 2334 non
1607 2263 1816 2335 fuerit
1842 2264 2168 2337 ultimum
2200 2294 2441 2340 meum

358 2377 739 2475 aliquando
772 2397 1294 2467 testamentum,
1330 2403 1519 2449 nunc
1554 2377 1887 2450 ultimum
1932 2400 2064 2470 est;
2110 2402 2175 2451 et
2209 2408 2323 2453 vos
2365 2382 2438 2454 id

358 2512 851 2564 testamentum
866 2491 1140 2582 fecistis,
1165 2490 1567 2565 damnando
1593 2491 1687 2585 id,
1710 2492 1897 2590 quod
1921 2515 2155 2592 postea
2174 2497 2440 2568 factum

361 2629 520 2680 erat.
1490 2643 1497 2648 ·

1215 2721 1257 2787 S
1273 2724 1325 2786 E
1341 2724 1397 2785 R
1409 2724 1482 2786 M
1496 2722 1573 2788 Ο.

452 2867 594 2931 H'oc
621 2864 705 2931 ad
729 2862 929 2930 verba
951 2864 1143 2951 legis,
1173 2861 1338 2927 illud
1365 2861 1449 2927 ad
1474 2865 1900 2928 voluntatem.

1047 3036 1743 3102 DECLAMATIO.

461 3187 654 3276 Quid
682 3208 1007 3285 putamus
1035 3205 1401 3282 sequutam
1433 3210 1574 3254 esse
1603 3183 1828 3280 legem
1847 3239 1867 3271 ,
1900 3209 2049 3280 quae
2076 3183 2300 3256 valere
2323 3214 2437 3258 vo-

365 3302 501 3374 luit
528 3300 855 3373 ultimum
880 3297 1408 3373 testamentum?
1430 3296 1640 3366 Plura
1664 3296 1882 3366 valere
1915 3323 2053 3366 non
2086 3319 2431 3395 poterant:

364 3439 433 3492 et
482 3419 555 3490 in
610 3440 748 3489 tam
796 3415 1115 3488 mutabili
1168 3433 1415 3485 natura
1470 3410 1945 3483 humanorum
2001 3416 2395 3488 animorum
2417 3475 2437 3509 ,

362 3535 643 3609 diversis
676 3533 1084 3618 heredibuS‚
1119 3530 1353 3603 media
1385 3529 1473 3600 lis
1504 3527 2016 3625 relinquebatur
2044 3557 2059 3610 ;
2091 3533 2437 3629 optimum

361 3651 721 3723 videbatur
754 3677 932 3738 esse,
968 3670 1045 3720 ut
1076 3648 1391 3747 proxima
1430 3670 1722 3741 quaeque
1754 3643 2071 3718 voluntas
2113 3648 2388 3718 duraret
2419 3673 2436 3718 ι

363 3764 494 3835 hac
514 3791 671 3836 vero
698 3763 995 3852 sublata,
1019 3789 1290 3835 necesse
1315 3773 1452 3833 est²
1480 3785 1634 3830 eam
1660 3758 1939 3847 durare,
1966 3787 2118 3858 quae
2146 3761 2291 3831 sola
2313 3757 2434 3832 est.

441 3932 485 3967 ι.
520 3915 591 3968 Ut
613 3915 897 3969 intentione
921 3934 1109 3969 cursus.
1144 3914 1356 3968 Scribe:
1429 3911 1614 3983 fuerit.
1648 3912 1900 3962 Francius
1933 3912 2087 3960 etiam
2117 3909 2355 3978 legebat,
2382 3923 2441 3964 ut

363 4004 420 4045 ut
447 3992 503 4044 in
531 3995 856 4047 contentione
881 4013 1064 4046 cumas.
1090 3992 1253 4045 Gnon.
1284 3995 1361 4043 Ita
1442 4012 1548 4045 non
1564 3992 1684 4062 fuit
1695 4014 1713 4052 ,·
1737 4004 1789 4043 et
1813 3992 1883 4043 sic
1909 4009 2073 4057 nunc,
2098 4003 2229 4056 etc.‚
2251 4002 2337 4043 est.
2372 3992 2440 4043 Ut

364 4086 417 4124 et
457 4071 813 4144 Schultingius
849 4088 902 4126 et
938 4072 1066 4126 Obr.
1111 4086 1164 4125 et
1201 4084 1357 4123 recte.
1441 4073 1612 4122 omisit
1637 4069 1816 4122 AErod.

364 4152 431 4202 Ut
484 4173 507 4198 ι
526 4169 686 4204 cursu
730 4151 1082 4216 contendere,
1103 4174 1125 4197 a·
1169 4150 1358 4202 sustin.
1514 4165 1561 4199 α.
1588 4149 1798 4200 Necesse
1829 4157 1902 4201 est
1933 4165 2063 4199 eam.
2097 4149 2219 4200 Haec
2253 4154 2438 4204 merito

363 4227 603 4286 xxxvl]
618 4268 636 4296 ‚
674 4230 741 4300 4,
775 4247 794 4283 ι
813 4269 830 4299 ,
855 4245 907 4282 et
940 4230 1042 4283 alii.
1064 4257 1136 4270 —-
1167 4228 1235 4282 Ut
1259 4247 1368 4281 non
1444 4228 1670 4281 restituit
1686 4226 1769 4282 ed.
1789 4228 1994 4299 Bipont.
2018 4245 2118 4299 pro
2137 4246 2329 4284 necesse
2345 4250 2443 4286 esse

574 4317 627 4374 6.
2102 4315 2162 4367 16
