3200 5117
743 542 1577 609 DECLAMATIONES.
1625 545 2082 614 cccxxln.
2328 547 2452 615 313

377 665 550 764 plis3
599 690 743 736 non
783 666 1088 765 profecto
1129 665 1653 780 acciperemus:
1705 664 1917 763 pluris
1958 668 2154 741 nobis
2200 667 2453 768 pietas,

377 778 596 877 pluris
642 778 842 850 nobis
886 776 1161 876 opinio,
1209 757 1425 876 pluris
1471 776 1839 876 disciplina
1880 780 2159 854 civitatis
2199 782 2453 856 fuisset.

375 893 671 965 Moritur
703 892 902 965 miles
928 892 1348 964 Alexandri.
1397 891 1515 964 sed
1560 891 1907 992 templum
1940 889 2086 966 sine
2126 897 2455 989 numine,

380 1006 529 1078 sine
569 1006 944 1107 religione:
981 1006 1099 1079 sed
1143 1007 1487 1107 templum
1525 1006 1758 1080 adhuc
1800 1028 1900 1079 est
1940 1008 2115 1081 inter
2148 1013 2459 1108 praesidia

379 1119 684 1193 hostium
725 1148 740 1193 :
791 1122 909 1193 sed
958 1147 1103 1194 non
1149 1121 1244 1193 ire
1293 1121 1509 1212 mihi,
1560 1148 1704 1193 non
1754 1123 2011 1210 colere,
2060 1149 2203 1195 non
2237 1152 2455 1223 agno-

378 1261 767 1325 scere,.non
790 1261 989 1333 agere
1013 1234 1257 1333 gratias
1283 1235 1464 1307 licet.
1482 1238 1627 1307 Vos
1652 1261 1855 1335 porro
1883 1262 2005 1307 cur
2031 1237 2254 1335 perire
2278 1263 2461 1309 exer-

377 1349 596 1421 citum
637 1348 1052 1440 Alexandri,
1100 1376 1221 1421 cur
1263 1374 1695 1448 perseverare
1743 1349 1941 1421 istam
1993 1349 2460 1448 pestilentiam

375 1464 628 1538 vultis?
677 1491 934 1564 nempe
982 1490 1070 1535 ne
1117 1462 1389 1535 bellum
1436 1462 1774 1536 haberetis
1815 1491 1830 1536 :
1880 1462 2147 1537 habetis
2192 1493 2457 1564 pacem.

377 1580 807 1654 Beneficium
836 1580 1151 1669 dedistis;
1182 1607 1265 1650 ex
1290 1579 1433 1669 illo,
1461 1607 1674 1679 quem
1698 1581 2176 1680 gravissimum
2194 1583 2461 1655 hostem

377 1696 798 1767 timebamus
820 1752 839 1785 ,
899 1695 1241 1767 habemus
1300 1695 1856 1793 potentissimum
1915 1696 2250 1769 amicum.
2308 1698 2461 1770 Sint

379 1837 542 1884 sane
583 1811 955 1911 pertinacia
996 1810 1173 1882 odia.
1220 1809 1607 1883 Alexander
1652 1839 1974 1914 responso
2007 1803 2455 1887 satisfecerat:

381 1926 568 2024 quod
612 1926 699 1997 ad
743 1926 975 2024 ipsum
1015 1925 1382 2025 pertinuit,
1416 1928 1763 2027 templum
1798 1928 2178 2001 restituerat
2212 1956 2226 1998 :
2272 1929 2459 2028 quod

379 2040 466 2112 ad
495 2040 871 2113 secundam
905 2066 1185 2139 quoque
1214 2059 1480 2139 partem
1510 2041 1818 2139 responsi
1846 2040 2258 2141 pertinebat,
2288 2042 2460 2113 fece-

381 2177 482 2228 rat
512 2177 909 2255 potestatem
941 2154 1340 2247 dedicandi,
1372 2156 1765 2229 mercedem
1797 2177 2130 2256 quantam
2162 2158 2459 2231 maxime

380 2270 524 2343 dari
548 2285 564 2315 ¹
605 2292 906 2371 poterat,
941 2271 1338 2369 reipublicae
1371 2270 1587 2343 dedit.
1618 2273 1798 2343 Tam
1841 2272 2128 2373 injustos
2155 2299 2270 2344 vos
2310 2300 2459 2345 cre-

377 2387 535 2459 ditis
569 2387 730 2460 deos
759 2386 1224 2478 immortales,
1268 2407 1350 2459 ut
1380 2413 1525 2459 non
1555 2387 1819 2460 fuerint
1847 2388 2234 2487 cogitaturi,
2264 2390 2459 2491 cujus

378 2500 584 2602 culpa
633 2501 976 2601 templum
1022 2499 1330 2574 vacaret?
1384 2528 1590 2592 nam,
1645 2521 1724 2573 ut
1773 2502 1952 2591 dixi,
2017 2502 2071 2573 si
2130 2503 2459 2600 pestilen-

378 2615 547 2686 tiam
582 2616 770 2688 finiri
812 2616 907 2688 dii
944 2615 1367 2688 immortales
1404 2616 1823 2708 noluissent,
1859 2636 1976 2687 aut
2003 2616 2282 2687 nullum
2316 2644 2460 2690 res-

378 2757 718 2830 ponsum,
753 2753 876 2804 aut
906 2730 1101 2803 aliud
1138 2751 1315 2804 certe
1344 2729 1730 2803 dedissent:
1762 2732 2232 2803 demonstrata
2269 2729 2465 2803 satis·

377 2845 580 2917 factio
609 2845 776 2918 etin
803 2847 937 2917 hoc
963 2844 1171 2937 valet,
1204 2866 1287 2918 ut
1310 2846 1717 2947 accipienda
1740 2845 1847 2919 sit.
1869 2849 2152 2935 Vereor,
2167 2845 2461 2945 judices,

382 2985 472 3030 ne
507 2961 679 3059 quid
722 2961 1002 3061 fingere,
1022 2989 1101 3035 ex
1134 2962 1529 3035 necessitate
1561 2962 1847 3061 periculi
1879 2963 2144 3051 videar,
2178 2989 2459 3035 verum-

381 3094 619 3146 tamen
660 3102 774 3148 me
808 3075 1159 3176 religionis
1188 3102 1358 3147 meae
1393 3075 1850 3166 dissimulare,
1881 3102 2032 3174 quae
2066 3075 2463 3168 acciderunt

381 3217 524 3264 non
571 3192 738 3266 sinit
779 3193 967 3265 ratio.
1011 3190 1481 3265 Alexandrum
1520 3190 1710 3291 apud
1753 3219 1868 3264 me
1894 3192 2188 3264 valuisse
2230 3192 2457 3264 solum

380 3306 636 3405 putatis
658 3365 678 3400 ,
720 3327 840 3380 aut
869 3307 1089 3380 ullam
1134 3304 1569 3380 mercedem?
1615 3332 1743 3404 ego
1785 3305 1988 3377 illum
2035 3332 2457 3379 recessurum

378 3420 756 3516 putabam,
809 3420 1075 3492 etiamsi
1124 3446 1266 3492 non
1318 3418 1825 3518 pacisceretur:
1877 3417 2084 3508 deus,
2128 3418 2299 3493 deus
2343 3419 2459 3491 ille

380 3531 624 3628 (testor
664 3534 891 3632 ipsum
934 3554 999 3605 et
1038 3532 1544 3631 praesentissimi
1579 3530 2072 3605 conscientiam
2109 3533 2458 3628 numinis)

384 3645 500 3718 ille
528 3646 788 3746 adegit,
824 3648 943 3721 ille
969 3649 1208 3749 jussit,
1242 3648 1358 3721 ille
1391 3649 1463 3720 in
1498 3647 1622 3719 has
1650 3661 1926 3746 preces²
1960 3648 2189 3721 misit:
2221 3671 2458 3719 secun-

384 3759 558 3832 dum
585 3761 718 3835 hoc
751 3763 1272 3862 quodammodo
1303 3763 1437 3835 fuit
1469 3789 1900 3861 responsum.

459 3938 505 3973 1.
536 3923 794 3992 Quantam
828 3926 1057 3979 maxime
1085 3925 1217 3978 dari.
1246 3926 1385 3980 Scri-
1536 3940 1583 3975 ο.
1605 3924 1670 3975 In
1694 3924 1785 3976 has
1802 3942 1988 3997 preces.
2013 3925 2126 3988 An,
2145 3931 2340 3995 partes,
2364 3938 2458 3988 an,

381 3999 542 4052 bend.
563 4013 814 4075 quantam
839 4006 1124 4057 maximam
1147 4002 1269 4055 dare
1286 4021 1381 4075 po·
1413 4009 1418 4017 '
1455 4020 1654 4075 preces,
1679 4021 1793 4073 quae
1811 4005 1864 4054 in
1889 4000 2222 4053 dedicatione
2245 3999 2457 4053 fiebant.

384 4089 529 4130 terat.
566 4080 730 4134 Grion.
757 4080 876 4134 vid.
912 4081 980 4134 ad
1011 4083 1119 4134 Liv.
1155 4080 1259 4148 IX,
1295 4081 1378 4149 24.
1460 4082 1679 4134 Senum.
1694 4083 1828 4134 Hinc
1839 4081 2028 4153 aliquis
2040 4080 2302 4152 vulgatam
2318 4080 2458 4151 apud

387 4160 596 4229 Quanta
633 4163 866 4214 maxima
900 4161 1050 4225 dari,
1087 4159 1377 4233 Schulting.
1460 4161 1613 4215 ovid.
1636 4164 1798 4233 Epist.
1826 4164 1914 4228 IV,
1938 4163 2035 4231 37·
2066 4162 2318 4233 «ignotas
2341 4163 2461 4213 mit-

385 4251 437 4288 et
457 4237 589 4292 ohr.
1466 4253 1593 4293 «tor
1617 4241 1671 4293 in
1696 4253 1865 4307 artes,
1885 4240 2255 4294 »defendet-et.
