3200 5117
824 539 953 622 456
1324 537 1416 600 M.
1464 533 1714 600 mnu
1760 534 2400 620 QUINTILIANI

820 657 1179 750 aliquando
1200 658 1483 725 infantes
1500 675 1514 705 ¹
1540 659 2018 747 exposuissent.
2037 661 2176 724 Hac
2197 682 2269 724 re
2283 659 2563 726 validius
2579 661 2923 726 offensum

822 788 1083 832 senem:
1107 766 1329 855 itaque
1349 763 1611 832 dedisse
1632 788 1900 855 operam
1916 814 1933 843 ,
1955 783 2029 830 ut
2046 789 2117 830 se
2141 767 2538 855 pulsandum
2560 766 2921 856 praeheret:

824 870 1179 961 deceptum
1204 887 1384 937 certe
1415 871 1500 937 ab
1529 896 1610 938 eo
1643 873 1838 937 etiam
1866 890 2165 962 tempore
2199 873 2342 962 ipso
2371 873 2689 964 juvenem
2708 923 2728 952 ,
2760 873 2924 938 inci-

822 976 999 1043 disse
1027 979 1097 1043 in
1126 1000 1279 1042 eum
1297 1028 1315 1060 ,
1347 1000 1548 1069 quem
1573 979 1847 1043 minime
1872 995 2303 1067 provocatum
2328 978 2562 1069 injuria
2589 978 2816 1043 vellet.
2846 981 2922 1042 At

819 1087 1009 1153 illum
1043 1087 1387 1153 confestim
1422 1104 1758 1177 tamquam
1797 1088 1881 1153 de
1909 1088 2125 1151 alieno
2164 1109 2302 1151 non
2339 1085 2743 1151 deliberasse
2784 1108 2922 1150 san-

819 1193 1021 1282 guine
1044 1216 1067 1257 .-
1106 1210 1172 1256 et
1212 1193 1367 1283 quia
1407 1191 1786 1258 redditurus
1835 1208 2007 1258 esset
2053 1193 2425 1279 expositum
2446 1241 2463 1270 ,
2517 1191 2916 1257 debilitasse.

820 1301 1015 1364 Certe
1041 1321 1194 1363 eum
1213 1298 1359 1386 lege
1379 1299 1582 1385 patris
1608 1321 1832 1378 usum,
1850 1298 1966 1388 qui
1988 1298 2213 1376 sciret,
2238 1321 2362 1363 nec
2383 1320 2452 1362 se
2476 1313 2740 1385 patrem
2756 1347 2774 1375 ,
2801 1320 2917 1361 nec

820 1405 1001 1472 hunc
1025 1406 1257 1471 filium.
1287 1405 1797 1486 Adolescentem
1820 1422 2042 1471 autem
2061 1455 2079 1484 ‚
2106 1406 2263 1495 quia
2287 1403 2586 1470 nondum
2612 1426 2916 1493 perspec-

821 1528 965 1578 tum
992 1511 1106 1576 illo
1128 1527 1428 1598 tempore
1453 1528 1710 1601 patrem
1733 1511 2067 1590 habuerit,
2094 1529 2272 1577 certe
2297 1513 2451 1602 quia
2471 1511 2764 1600 probare
2788 1534 2912 1576 non

821 1617 1142 1707 potuerit,
1168 1618 1484 1684 tacuisse:
1514 1641 1692 1683 nunc
1714 1635 1943 1706 petere
1975 1618 2310 1683 talionem.

1622 2057 2111 2135 CCCLIX.

1357 2288 1468 2358 Lis
1494 2284 1851 2385 publicani
1880 2288 1961 2358 de
1992 2286 2375 2360 unionibus

829 2489 1090 2553 Pmu
1131 2511 1564 2553 tustanum-ra
1607 2511 1912 2566 mutum,
1960 2512 2158 2552 omncs
2198 2513 2309 2553 nes
2353 2504 2903 2567 'Qvannaozsmau

800 2575 809 2580 ’
907 2611 1248 2651 nonnemo
1276 2609 1575 2650 onem-r.
1605 2591 1959 2650 Punucmo
1983 2610 2277 2651 sonuum
2305 2610 2534 2652 menn.
2563 2591 2736 2665 Quot>
2760 2609 2899 2662 oms

906 2707 1231 2749 mornssns
1262 2708 1381 2747 non
1409 2708 1665 2763 ruem-r,
1693 2709 1943 2750 pennu.
1969 2691 2329 2751 Mammam
2356 2709 2437 2751 m:
2463 2708 2660 2750 ucen-
2691 2708 2895 2747 Αττικ-

904 2806 1075 2846 onnss.
1112 2784 1400 2846 Matrona
1436 2787 1552 2845 iter
1584 2785 1846 2862 faciem,
1875 2809 2070 2870 quum
2103 2789 2177 2848 ad
2215 2789 2577 2873 publicanos
2605 2787 2896 2860 venisset,

904 2884 1167 2943 uniones
1184 2878 1418 2942 habens
1438 2902 1605 2956 cece,
1627 2883 1691 2942 in
1714 2884 1917 2944 sinum
1939 2884 2209 2945 abdidit:
2234 2884 2347 2948 hos
2369 2907 2564 2968 quum
2581 2886 2902 2968 requireret

900 2977 1301 3062 publicanus,
1323 2979 1608 3039 matrona
1629 2981 1940 3040 scrutandi
1969 2996 2327 3063 potestatem
2353 2983 2527 3058 fecit,
2547 2981 2903 3065 publicanus

906 3076 1112 3164 noluit
1139 3077 1416 3138 scrutari.
1434 3077 1766 3138 Translatis
1795 3099 2053 3139 manum
2080 3081 2319 3161 injecit,
2344 3094 2404 3141 et
2428 3103 2574 3142 suos
2595 3080 2763 3140 dicit.

1689 3246 2049 3314 SERMO.

913 3387 1324 3470 Quaestiones
1352 3403 1533 3467 sunt,
1558 3412 1643 3454 an
1670 3389 2102 3455 instrumenta
2128 3390 2378 3457 itineris
2398 3390 2612 3456 videri
2633 3390 2905 3455 uniones

902 3543 919 3577 1
935 3567 945 3578 .
968 3526 1220 3598 Infantes.
1241 3529 1510 3600 Infantem
1526 3568 1544 3595 ‚
1566 3530 1827 3583 AErod.—

824 3608 967 3660 Certe
992 3608 1057 3658 ab
1083 3625 1159 3658 eo.
1194 3610 1398 3660 Certum
1433 3610 1628 3674 habeo,
1655 3629 1819 3682 marg.

820 3684 999 3737 AErod.
1023 3716 1096 3726 —
1116 3687 1395 3757 Deceptum
1406 3691 1674 3759 juvenem.
1704 3692 1821 3742 Haec

818 3766 872 3815 in
890 3763 981 3815 tati
1000 3783 1053 3815 re
1070 3766 1304 3834 praecipit
1318 3765 1536 3832 Fabius,
1551 3771 1642 3831 vl,
1665 3786 1708 3834 t,
1733 3768 1818 3821 16:

826 3863 849 3889 α
870 3844 1135 3895 Pulsaturn
1175 3846 1468 3915 querimur3
1507 3845 1575 3897 de
1617 3866 1671 3898 re
1713 3848 1823 3917 pri-

826 3946 851 3972 κ
869 3942 1009 3975 mum
1036 3927 1150 3995 ipsa
1174 3924 1484 3990 dicendum,
1510 3939 1622 3979 tum
1645 3929 1686 3978 si
1715 3947 1823 3981 nou

826 4022 848 4046 α
869 4021 1070 4067 errore,
1090 4016 1188 4055 etc.
1213 4023 1401 4076 nempe
1421 4005 1614 4057 invidia
1636 4008 1823 4058 crescit

825 4102 848 4125 ι
869 4099 930 4130 ex
945 4080 1026 4132 his
1038 4120 1055 4143 ,
1070 4095 1171 4133 etc.
1193 4106 1214 4129 n
1238 4086 1327 4135 Eo.
1344 4113 1414 4122 -—
1429 4084 1680 4155 Tempore
1696 4087 1821 4158 ipso.

817 4160 991 4231 Ipsum
1018 4164 1266 4213 Francius
1290 4163 1499 4216 {volebat
1523 4186 1534 4214 :
1566 4166 1658 4216 sed
1692 4179 1823 4218 tem-

811 4257 939 4310 pore
950 4239 1055 4311 ipso
1068 4239 1133 4292 de
1148 4242 1375 4295 tenebris
1386 4244 1630 4322 capiebat
1640 4245 1824 4298 Schul-

1905 3535 2128 3603 tingius‚
2153 3533 2345 3604 quibus
2370 3535 2422 3585 in
2453 3552 2684 3585 errorem
2711 3531 2905 3596 deduc-

1905 3626 1990 3664 tus
2015 3626 2141 3665 erat.
2169 3615 2238 3664 Ut
2260 3611 2405 3664 Decl.
2431 3613 2744 3677 ccclxiv,
2773 3632 2796 3656 α
2816 3610 2904 3663 be·

1911 3714 1932 3738 α
1954 3695 2141 3745 neficio
2167 3693 2418 3763 temporis
2438 3717 2461 3740 u
2491 3691 2646 3743 coedis
2671 3706 2905 3743 auctores

1905 3769 2032 3823 dixit
2049 3772 2226 3823 latere.
2238 3770 2637 3843 —Leyepatn‘s.
2653 3772 2788 3822 Eum
2807 3787 2906 3820 non

1906 3851 2016 3926 lege
2043 3855 2230 3923 patris,
2261 3852 2436 3903 AErod.
2465 3879 2538 3892 -—
2565 3852 2903 3924 perspectum.

1905 3932 2234 4002 Prospectum
2249 3972 2266 3997 ,
2288 3932 2412 3983 edit.
2431 3930 2558 3984 aliae.
2581 3931 2902 4002 Prosecutus,

1905 4029 2069 4080 marg.
2101 4010 2280 4063 AErod.

1976 4106 2021 4139 2.
2052 4091 2522 4164 Quaquesimam.
2550 4089 2630 4140 De
2659 4087 2763 4138 hoc
2787 4103 2906 4136 vec-

1904 4167 2048 4235 tigali
2071 4169 2272 4236 egimus
2297 4170 2349 4218 in
2376 4169 2590 4220 Dissert.
2617 4165 2686 4219 dc
2704 4165 2902 4233 vectig-

1902 4247 2088 4317 populi
2111 4249 2332 4300 romani.
2359 4265 2474 4319 cap.
2498 4247 2563 4296 V.
