3200 5117
835 497 959 561 568
1415 494 1946 557 CALPURNII
1996 495 2337 557 FLACCI

829 618 968 691 fuit
993 616 1243 718 judex:
1271 617 1486 690 faciat
1519 618 1670 690 vitae
1710 619 1966 707 finem,
2003 620 2126 716 qui
2167 618 2513 717 originem
2548 617 2727 688 fecit
2758 643 2776 685 :
2814 642 2963 686 non

829 735 918 806 de
951 754 1172 805 morte
1210 760 1372 806 cum
1418 755 1644 833 patre,
1675 734 1795 806 sed
1835 734 1920 806 de
1964 736 2202 807 mortis
2244 761 2495 832 genere
2518 749 2535 778 ¹
2570 733 2956 804 dissentio.

829 849 1110 948 Eripere
1143 849 1245 922 vis
1276 849 1524 940 vitam,
1567 877 1780 947 quam
1819 851 2102 923 dedisti:
2134 877 2277 923 non
2312 850 2739 936 inficiabor;
2780 847 2959 945 quid

833 990 956 1062 per
996 963 1290 1036 alterum
1335 964 1551 1062 petis?
1586 964 1747 1066 jus»,
1792 966 1980 1065 quod
2024 965 2151 1037 tibi
2197 965 2541 1055 vindic-w,
2588 964 2953 1062 experire;

834 1105 1041 1151 nemo
1073 1100 1138 1151 te
1172 1077 1496 1177 prohibet
1523 1107 1537 1150 :
1569 1080 1845 1169 occide,
1880 1080 1933 1150 si
1969 1100 2195 1180 potes3
2231 1080 2602 1170 confitere,
2641 1104 2805 1149 non
2844 1104 2954 1175 po—

833 1215 952 1267 tes.
983 1197 1209 1267 Nemo
1233 1222 1549 1294 unquam
1586 1196 2065 1294 magistratum
2099 1195 2261 1267 fecit
2292 1194 2638 1266 vicarium
2663 1252 2684 1285 ,
2714 1219 2859 1263 nec
2885 1193 2951 1261 in

832 1309 969 1383 alio
997 1310 1351 1401 militavit,
1386 1338 1514 1384 nec
1546 1338 1739 1384 sacra
1760 1311 2105 1411 gentilitia
2134 1312 2499 1385 insertiva²
2538 1310 2775 1409 stirpe
2814 1336 2952 1381 cor-

913 1535 954 1567 ι.
995 1518 1098 1570 Sed
1132 1518 1193 1569 de
1228 1500 1412 1570 mortis
1437 1520 1604 1590 patris
1635 1538 1839 1593 genere.
1922 1539 2073 1584 eum,
2093 1538 2155 1570 ex
2177 1537 2280 1589 quo
2306 1517 2417 1569 boec
2442 1518 2820 1586 excerpserit,
2844 1533 2947 1566 een-

833 1601 1001 1667 Legu,
1022 1598 1108 1651 sed
1122 1598 1186 1648 de
1199 1599 1375 1650 mortis
1383 1618 1568 1671 qenere
1576 1640 1594 1667 ,
1612 1614 1663 1652 et
1680 1600 1839 1672 paulo

830 1690 991 1749 post,
1030 1678 1161 1748 quid
1189 1695 1288 1748 per
1323 1676 1549 1729 alterum
1588 1679 1725 1750 petis
1756 1682 1843 1751 jus

833 1757 974 1828 quod
1005 1756 1095 1807 tibi
1123 1755 1384 1807 vindicas?
1409 1757 1555 1807 Ριτιι.
1589 1756 1727 1808 Illud
1747 1777 1842 1830 pa·

834 1835 924 1887 tris
959 1834 1375 1897 exturbandum3
1415 1834 1560 1905 quod
1597 1837 1839 1887 iteratum

835 1932 894 1965 ex
935 1914 998 1966 iis
1018 1952 1035 1980 ,
1078 1931 1190 1984 quae
1236 1912 1572 1965 antecedunt.
1621 1915 1838 1967 Senum.

835 2023 905 2031 ——-
947 1991 1085 2061 Quid
1120 2010 1217 2064 per
1249 1991 1474 2043 alterum
1512 1993 1683 2065 petis?
1709 1996 1839 2065 jus,

836 2071 977 2144 quod
1005 2071 1098 2123 tibi
1129 2070 1390 2136 vindicas,
1423 2071 1667 2141 experire.
1700 2071 1841 2123 Male

836 2147 1086 2201 Pithoeus.
1103 2147 1320 2200 Nullum
1335 2150 1423 2219 jus
1445 2146 1658 2219 petebat
1674 2161 1838 2218 pater.

836 2230 1008 2279 Vitam
1026 2226 1258 2297 petebat,
1275 2240 1548 2297 tamquam
1565 2225 1840 2279 creditum.

839 2304 965 2356 Inde
999 2303 1167 2371 illud,
1201 2323 1306 2356 non
1339 2302 1623 2376 inficialbr.
1664 2306 1731 2355 At
1751 2308 1846 2377 jus

839 2384 1060 2456 experiri
1071 2386 1347 2456 proprium
1363 2398 1415 2435 et
1430 2383 1847 2457 signatum‚dixi-

839 2483 957 2516 mus
984 2466 1038 2514 in
1065 2463 1552 2520 Observationibus.
1580 2466 1746 2517 Gnos.
1775 2494 1848 2503 —-

839 2545 962 2596 Non
979 2552 1139 2613 potes.
1161 2542 1222 2594 Si
1239 2560 1343 2594 non
1361 2554 1532 2614 potes,
1555 2540 1807 2596 Obrecht.

914 2642 961 2675 2.
983 2623 1139 2675 Sacra
1156 2620 1419 2694 gentilitia
1445 2623 1702 2676 insertiva.
1720 2623 1848 2674 Scri-

841 2703 944 2754 be:
985 2701 1207 2753 insitiva.
1255 2700 1457 2754 Deinde
1488 2722 1500 2749 :
1545 2702 1676 2754 Vita
1714 2703 1848 2754 mihi

842 2779 978 2847 tolli,
994 2778 1080 2832 sed
1093 2798 1255 2829 manu
1267 2766 1657 2849 paternidebet.
1677 2782 1842 2832 Giton.

841 2861 1023 2911 Forte:
1047 2857 1152 2909 vita
1166 2856 1299 2907 mihi
1318 2854 1540 2923 tollitur,
1559 2859 1648 2913 sed
1663 2877 1849 2912 manus

837 2949 1058 3010 paterna
1076 2938 1297 2989 debetur.
1309 2938 1547 2991 —Sacra
1563 2957 1661 3010 qen
1670 2938 1842 2990 mitia.

843 3020 924 3070 De
941 3019 1100 3070 sacris
1116 3016 1383 3087 gentilitiis
1403 3030 1845 3069 commentatores

844 3098 913 3149 ad
951 3097 1120 3148 Plant.
1163 3098 1254 3162 lv,
1299 3114 1316 3147 ι
1336 3134 1353 3160 ,
1395 3099 1443 3151 8.
1500 3120 1522 3143 ιι
1541 3099 1848 3149 Insertivam

849 3197 871 3219 ι
891 3177 1155 3245 stirpem‚»
1172 3172 1432 3226 adulterio
1449 3188 1749 3246 susceptam
1764 3195 1847 3227 ex-

843 3272 1004 3323 pono,
1028 3257 1149 3322 Quo
1170 3273 1254 3305 me
1275 3253 1425 3305 ducit
1442 3254 1713 3329 Phocarum,
1734 3254 1842 3307 fab.

845 3332 1002 3382 XLIII
1023 3369 1041 3396 ‚
1083 3332 1164 3383 his
1199 3332 1404 3385 verbis:
1451 3356 1473 3379 α
1566 3335 1845 3403 conjugem

849 3428 1005 3461 nesse
1029 3411 1324 3463 adulteram
1347 3414 1411 3463 Et
1433 3411 1668 3464 insitivos
1690 3413 1846 3483 signi·

847 3488 1042 3540 «fic-ri
1075 3488 1332 3541 liberos.
1370 3491 1505 3540 Nam
1542 3508 1701 3542 sensu
1738 3504 1846 3541 tur-

843 3573 991 3640 piore
1006 3567 1370 3638 accipiendum
1386 3588 1450 3621 ex
1463 3572 1577 3640 ipso
1596 3570 1721 3621 satis
1740 3567 1845 3621 hoc

841 3650 963 3702 loco
992 3661 1153 3721 patet.
1184 3650 1514 3718 Coeteroqnin
1542 3662 1594 3700 et
1622 3647 1845 3699 honeste

839 3728 907 3780 de
932 3727 1194 3798 adoptivis
1222 3725 1325 3777 dici
1351 3744 1509 3796 posse
1542 3727 1718 3778 nullus
1747 3726 1846 3779 du-

841 3807 984 3858 bito·
973 3807 1238 3859 :-maxime
1267 3823 1430 3875 quum
1457 3805 1625 3875 legam
1658 3808 1711 3857 in
1741 3808 1846 3857 vita

842 3887 1036 3939 'riberii
1070 3884 1215 3958 apud
1250 3885 1585 3950 Suetonium,
1619 3903 1737 3954 cap.
1772 3884 1841 3935 3:

849 3990 870 4012 ιι
891 3969 1119 4017 Insertus
1165 3978 1244 4015 est
1287 3966 1551 4016 Liviorum
1599 3962 1805 4014 familia
1824 3999 1842 4027 ,

848 4068 870 4089 «ι
892 4042 1145 4112 adoptato
1178 4046 1232 4094 in
1262 4061 1376 4094 eam
1405 4056 1643 4095 materno
1672 4060 1787 4093 avo.
1813 4064 1835 4088 a

841 4123 894 4176 Si
931 4124 1048 4191 quis
1081 4140 1202 4173 vero
1242 4142 1323 4174 me
1359 4124 1674 4193 interroget,
1712 4120 1842 4194 qnid

841 4197 1079 4254 hocloco
1101 4199 1198 4251 sibi
1215 4200 1343 4251 veile
1362 4199 1707 4273 Calpurnium
1718 4240 1735 4268 ,
1750 4216 1843 4255 aut

1922 1619 2096 1662 seam;
2122 1601 2305 1671 paucis
2329 1597 2500 1662 dabo,
2527 1595 2685 1666 quod
2712 1593 2853 1645 mihi
2878 1613 2947 1645 ra-

1920 1679 1996 1729 tio
2027 1690 2078 1729 et
2108 1678 2395 1729 auctoritas
2419 1687 2663 1726 veterum
2696 1674 2947 1743 suggerit.

1919 1758 2099 1826 Quum
2123 1760 2280 1827 igitur
2305 1754 2435 1806 nihil
2464 1755 2622 1824 prius
2654 1770 2849 1823 neque
2870 1769 2950 1801 sn-

1923 1836 2118 1908 tiquius
2146 1835 2389 1886 duxerint
2416 1834 2469 1883 in
2504 1830 2765 1893 familiis,
2800 1848 2950 1900 quan

1923 1934 2070 1968 sacra
2086 1914 2370 1986 gentilitia,
2391 1930 2561 1983 eaque
2583 1929 2716 1962 cum
2740 1908 2953 1962 familiis

1920 1996 2118 2048 fuerint
2141 1993 2606 2064 conjunctissima,
2630 2005 2693 2041 ut
2715 1992 2813 2060 qui
2833 1990 2955 2041 Sue-

1923 2078 2072 2126 tonio
2115 2076 2169 2126 in
2208 2072 2352 2124 Julio
2392 2071 2460 2123 83
2483 2092 2496 2122 :
2542 2095 2565 2116 ι
2588 2072 2654 2121 ln
2694 2068 2955 2119 familia-1

1930 2170 2271 2225 “nomenque
2297 2149 2586 2223 adoptatus
2612 2171 2637 2192 ι
2670 2148 2895 2210 dicitnr,
2911 2150 2953 2198 is

1925 2231 2165 2303 exemplo
2203 2230 2458 2295 aliorum,
2503 2252 2526 2273 ιι
2546 2230 2603 2278 in
2642 2241 2871 2297 gentem
2902 2242 2953 2277 et

1930 2329 2118 2363 «sacra
2141 2311 2412 2374 transisse,
2435 2330 2457 2353 ιο
2483 2326 2595 2358 non
2620 2309 2741 2358 sine
2762 2325 2955 2357 recon-

1924 2390 2126 2443 ditioris
2149 2390 2377 2441 scientim
2402 2388 2582 2458 speeie
2608 2390 2789 2457 possit
2812 2386 2949 2436 dici:

1926 2481 1979 2518 et
2003 2470 2057 2518 ἱη
2078 2468 2229 2518 sacris
2245 2469 2551 2518 constitutus
2566 2464 2666 2530 sit,
2691 2466 2955 2515 constitn-

1928 2561 2010 2598 tus
2038 2548 2093 2598 in
2121 2544 2344 2611 familia,
2368 2547 2475 2597 sive
2506 2562 2612 2594 non
2638 2545 2955 2612 emancipa-

1928 2638 2011 2677 tus
2032 2624 2068 2675 l.
2093 2643 2110 2677 ι
2129 2625 2248 2690 1,(3.
2267 2642 2461 2676 comm.
2482 2623 2790 2675 desuetas.
2812 2620 2849 2671 1.
2868 2622 2943 2685 6,

1927 2703 1986 2756 C.
2008 2702 2075 2755 de
2093 2702 2247 2754 bonis
2269 2722 2383 2776 quse
2404 2702 2497 2754 lib.
2513 2703 2785 2771 Quumque
2810 2698 2938 2751 haec

1927 2785 2041 2855 ipsa
2076 2801 2223 2834 sacra
2258 2800 2362 2834 una
2397 2800 2519 2833 cnm
2546 2778 2836 2830 hereditate
2865 2778 2943 2829 ad

1928 2861 2193 2934 proximos
2216 2860 2283 2915 de
2304 2860 2503 2913 familia
2528 2859 2951 2911 transferrentur

1928 2953 1979 2992 et
1999 2942 2349 3012 pertinerent:
2376 2938 2610 3008 denique
2631 2955 2801 3008 quum
2823 2955 2948 3005 gen-

1904 3019 2077 3072 ‘cilinia
2098 3019 2207 3072 haec
2224 3034 2280 3072 et
2298 3016 2575 3069 familiari·
2594 3032 2753 3068 sacra
2772 3030 2947 3081 caste,

1926 3111 1987 3151 ut
2022 3102 2236 3165 omnia,
2273 3111 2446 3151 essent
2481 3097 2724 3149 curanda
2765 3111 2821 3147 et
2857 3115 2949 3148 eo-

1925 3178 2115 3241 lenda;
2142 3197 2204 3231 ex
2232 3180 2344 3231 istis
2375 3178 2609 3228 auctoris
2641 3175 2757 3227 hnc
2786 3174 2943 3226 verba

1926 3275 2165 3310 manasse
2187 3257 2524 3308 manifestum
2547 3268 2658 3320 est,
2686 3273 2840 3306 nemo
2860 3274 2947 3305 sn·

1924 3353 2011 3387 cra
2048 3334 2312 3408 gentilitia
2352 3335 2595 3386 ιἠκήίυιι
2633 3335 2801 3405 stirpe
2835 3352 2948 3385 cor*-

1927 3414 2086 3486 rupit.
2104 3412 2181 3464 ‚m
2214 3426 2327 3464 est:
2367 3413 2538 3464 Nemo
2576 3412 2665 3464 vel
2700 3414 2823 3483 ipse
2856 3431 2947 3465 su-

1924 3504 2163 3563 pet-stes,
2209 3490 2397 3543 morbo
2443 3491 2615 3543 aliave
2652 3490 2947 3561 impeditas

1926 3572 2165 3636 ratione
2182 3588 2337 3627 saera
2348 3572 2465 3621 ista
2490 3571 2762 3621 insen-tiva
2792 3574 2946 3642 stirpi

1927 3647 2335 3702 administranda
2354 3650 2662 3703 commisit:
2692 3668 2803 3703 nee
2832 3671 2945 3704 mo—

1926 3730 2065 3781 riens
2088 3746 2150 3780 ea
2176 3728 2248 3780 ad
2270 3722 2337 3780 id
2354 3747 2521 3798 genus
2544 3728 2755 3781 liberos
2786 3733 2936 3802 perti-

1926 3827 2051 3860 nere
2076 3807 2261 3861 voluit.
2288 3809 2504 3878 Quippe
2534 3826 2707 3878 quum
2740 3828 2849 3862 nec
2875 3809 2940 3861 de

1925 3886 2123 3938 familia
2147 3888 2251 3939 sint
2272 3889 2318 3955 S.
2348 3886 2440 3938 ult.
2471 3889 2645 3939 instit.
2675 3901 2733 3940 et
2762 3909 2860 3942 nec
2882 3892 2935 3940 in

1920 3963 2096 4029 bona,
2135 3964 2451 4035 quibuscum
2490 3968 2792 4035 conjuncta
2828 3967 2933 4019 loec

1923 4061 2095 4110 sacra,
2121 4044 2403 4097 succedere
2428 4047 2659 4114 possint.
2688 4049 2936 4098 Protei-en

1923 4123 2107 4194 (quod
2122 4118 2343 4177 maxime
2365 4125 2469 4176 huc
2490 4124 2655 4195 facit)
2682 4129 2729 4178 si
2749 4127 2831 4179 his
2846 4144 2939 4178 ne·

1922 4204 2056 4258 fario
2084 4205 2371 4258 concubitu
2400 4205 2668 4276 susceptis
2694 4208 2941 4259 conmit-
