3200 5117
734 564 1567 632 DECLAMATIONES.
1615 567 2072 634 CCLXVIII.
2329 593 2438 637 101

365 709 738 791 quaeratur,
768 717 922 791 quae
946 690 1277 790 professio
1300 716 1381 763 ex
1400 690 1645 762 nostris
1664 693 2178 788 speciosissima,
2205 721 2448 794 quam-

366 832 587 905 quam
620 807 718 880 sic
750 832 1031 905 quoque
1062 805 1407 878 vincerem
1427 860 1446 894 ,
1484 804 1606 876 sed
1636 831 1790 903 quae
1818 807 2067 881 civitati
2103 810 2190 880 sit
2217 808 2448 880 utilis-

366 917 585 991 sima:
625 919 808 991 nihil
838 939 936 992 est
961 945 1155 1018 ergo,
1190 919 1381 1019 quod
1414 918 1697 1017 ingenia
1715 918 2014 1018 jactent,
2048 921 2228 993 nihil
2259 922 2450 1020 quod

366 1061 449 1106 ex
470 1035 712 1109 animo
742 1062 868 1107 suo
902 1056 1174 1108 tantum
1208 1037 1527 1108 referantL
1557 1035 1911 1126 Quaeritur
1937 1038 2090 1135 quis
2119 1038 2449 1123 omnibus

366 1148 623 1247 prosit:
660 1149 743 1222 sit
772 1148 1211 1249 philosophia
1238 1176 1342 1242 res
1369 1175 1689 1238 summa3
1720 1148 2090 1249 adpaucos
2118 1154 2446 1252 pertinet:

366 1264 453 1335 sit
496 1263 889 1363 eloquentia
931 1291 1036 1336 res
1080 1263 1544 1353 admirabilis;
1591 1290 1737 1335 non
1778 1263 2096 1363 pluribus
2136 1265 2412 1364 prodest
2431 1322 2451 1354 ,

367 1404 589 1476 quam
618 1400 860 1452 nocet:
897 1380 1042 1451 sola
1069 1399 1169 1452 est
1191 1379 1574 1469 medicina,
1606 1406 1749 1476 qua
1776 1405 1951 1478 opus
1983 1381 2071 1453 sit
2097 1382 2450 1454 omnibus.

364 1495 458 1566 Et
484 1514 750 1593 patrem
779 1520 1060 1593 quoque
1088 1514 1401 1567 nostrum
1427 1492 1501 1565 id
1521 1493 1812 1566 voluisse
1830 1551 1849 1584 ,
1880 1515 1960 1566 ut
1988 1494 2199 1584 hanc,
2235 1522 2453 1594 quam

366 1607 443 1679 in
462 1608 901 1681 contentione
922 1609 1279 1706 reliquisse
1296 1608 1591 1697 videtur,
1614 1629 1875 1708 partem
1890 1664 1909 1697 ,
1927 1609 2454 1708 quodammodo

366 1722 623 1795 civitati
655 1724 883 1813 daret,
926 1724 1380 1796 manifestum
1420 1743 1522 1795 est
1556 1750 1571 1792 ε
1616 1749 1760 1795 non
1794 1723 1929 1795 sibi
1961 1722 2408 1797 utilissimum
2429 1785 2448 1818 ,

368 1863 513 1909 non
534 1839 775 1911 amicis
795 1837 1239 1911 utilissimum
1258 1893 1278 1926 ,
1304 1864 1447 1910 non
1471 1837 1556 1909 de
1585 1859 1773 1937 patre
1795 1839 2058 1938 optime
2078 1840 2409 1930 meritum
2426 1898 2446 1933 ,

366 1953 647 2051 proprie
686 1951 861 2049 quid
893 1952 1069 2023 ferre
1105 1977 1185 2022 ex
1216 1971 1623 2024 testamento
1651 1979 1775 2025 suo
1801 1953 2060 2042 voluit;
2095 1955 2216 2050 qui
2243 1954 2454 2027 fuerit

368 2066 558 2138 utilis
585 2064 834 2168 civitati
858 2092 872 2133 :
906 2090 1066 2163 ergo
1089 2085 1158 2136 et
1180 2064 1531 2162 aequaliter
1553 2065 1646 2137 ad
1669 2093 1909 2139 omnes
1931 2067 2282 2140 medicina
2304 2067 2451 2141 sola

360 2180 703 2279 pertinet,
733 2198 800 2251 et
819 2177 1018 2251 nulla
1042 2200 1182 2251 tam
1211 2180 1595 2252 necessaria
1622 2200 1722 2252 est
1748 2181 1939 2252 omni
1966 2182 2200 2281 generi
2229 2182 2448 2256 homi-

362 2321 583 2383 num,
623 2319 837 2391 quam
871 2293 1240 2363 medicina.
1274 2294 1573 2389 Reliqua
1613 2296 2053 2366 conferamus
2088 2323 2103 2364 :
2152 2323 2233 2368 ac
2271 2296 2448 2370 mihi

367 2410 683 2510 primum
704 2407 1056 2507 agendum
1085 2428 1184 2480 est
1209 2433 1373 2479 cum
1394 2408 1600 2479 fratre
1625 2408 2038 2507 philosopho
2055 2466 2074 2499 ,
2101 2410 2299 2509 cujus
2323 2439 2450 2510 ego

367 2526 441 2598 in
486 2524 826 2599 hodierna
871 2524 1308 2598 contentione
1351 2525 1782 2625 propositum
1829 2526 2062 2598 mirari
2104 2528 2268 2599 satis
2304 2551 2452 2600 non

371 2666 692 2739 possum:
737 2639 918 2712 nihil
954 2641 1148 2713 enim
1189 2640 1458 2713 videtur
1495 2639 1750 2712 habere
1791 2640 2246 2741 philosophia
2270 2669 2453 2744 prae-

368 2755 692 2845 stantius»,
727 2782 945 2852 quam
985 2754 1175 2854 quod
1216 2754 1509 2828 modicis
1551 2776 1872 2829 contenta
1905 2777 2042 2844 est,
2078 2756 2451 2855 ampliores

370 2893 533 2966 opes
573 2895 718 2940 non
760 2868 1098 2941 desiderat
1133 2895 1149 2940 ε
1195 2896 1361 2941 nam
1398 2870 1454 2942 si
1495 2870 1900 2970 cupiditates
1933 2870 2246 2960 easdem,
2279 2899 2450 2971 quas

370 2981 589 3054 caeteri
612 2982 878 3056 habent
895 2998 943 3072 ¹,
967 3009 1110 3055 non
1134 2983 1369 3075 video,
1398 2983 1582 3082 quid.
1598 2985 1830 3083 prosit.
1859 2987 2104 3083 Neque
2129 3012 2244 3057 me
2276 3012 2453 3085 prae-

372 3097 555 3188 terit,
587 3097 898 3198 judices,
941 3126 1155 3197 quam
1190 3100 1413 3172 multa
1442 3100 1579 3171 dici
1612 3100 1932 3173 adversus
1970 3100 2153 3172 hane
2184 3102 2460 3200 profes-

374 3209 641 3283 sionem
680 3213 766 3285 ab
799 3213 910 3286 his
944 3214 1244 3304 soleant,
1278 3240 1581 3313 quorum
1621 3213 2003 3286 libertatem
2037 3216 2459 3315 nonimpe-

371 3324 583 3397 diunt
598 3352 895 3423 personae
915 3357 931 3400 z
956 3330 1216 3429 quippe
1235 3329 1364 3401 hos
1383 3328 1490 3400 illi
1510 3348 1581 3400 et
1594 3354 1804 3401 vanos
1817 3348 2068 3400 vocant
2079 3351 2150 3402 et
2167 3331 2447 3423 otiosos,

368 3459 440 3512 et
470 3439 543 3511 in
578 3440 922 3515 ambitum
957 3444 1186 3543 ipsum
1211 3502 1230 3534 ,
1266 3464 1505 3517 contra
1537 3470 1753 3542 quem
1792 3443 2464 3518 maxime'disserere

364 3554 713 3646 videntur,
747 3556 1121 3656 alligatos&
1150 3558 1335 3631 Mihi
1367 3584 1532 3630 cum
1564 3558 1769 3629 fratre
1802 3558 2084 3657 quaestio
2119 3582 2219 3632 est
2248 3588 2263 3630 :
2303 3559 2454 3631 haec

367 3695 528 3768 ergo
573 3669 830 3744 leviora
874 3672 1119 3745 dixisse
1164 3673 1324 3746 satis
1366 3693 1505 3763 est,
1554 3671 2069 3773 philosophiam
2116 3700 2261 3744 non
2309 3696 2447 3742 esse

367 3788 844 3861 necessariam.
868 3791 1015 3887 Ego
1035 3809 1269 3860 autem
1284 3785 1556 3896 mores³
1579 3788 1767 3859 nasci
1792 3807 1992 3886 puto,
2013 3808 2082 3859 et
2098 3786 2449 3885 propriam

445 3962 490 3997 1.
519 3946 697 3998 Coeteri
713 3946 918 4003 habent.
941 3952 1081 4020 Lege
1098 3972 1119 4001 ι
1136 3969 1262 4022 quas
1278 3967 1370 4003 coe-
1446 3948 1683 4001 Deciani.
1717 3950 1768 4014 1,
1790 3948 1826 4000 6
1851 3948 1923 4000 ad
1948 3963 2218 3998 merorem
2239 3943 2448 4017 alligat.

364 4028 493 4091 teri,
520 4026 688 4080 habet.
1520 4027 1571 4080 3.
1605 4028 1723 4101 qu
1752 4038 1926 4086 autem
1955 4041 2134 4076 mores.
2167 4024 2281 4097 Ego
2308 4024 2449 4075 enim

456 4122 504 4156 2.
555 4103 830 4181 Alligatus.
882 4109 1125 4185 Illt'qatos
1174 4109 1369 4162 mavult
1449 4125 1519 4157 m.
1543 4104 1725 4157 AErod.
1749 4104 1872 4156 Haec
1893 4121 1957 4155 ex
1980 4102 2277 4155 Stoicorum
2301 4102 2458 4155 disci-

364 4181 756 4256 Sehultingius3
799 4187 894 4240 sed
935 4190 1010 4240 sic
1047 4186 1263 4260 alligari
1301 4187 1373 4240 ad
1446 4186 1594 4258 plina
1625 4184 1849 4239 illustrat
1881 4186 2023 4257 Lips.
2061 4183 2130 4238 ad
2164 4185 2344 4239 Senec.
2379 4184 2450 4237 de

367 4279 470 4312 mm
511 4283 648 4336 sape
690 4265 890 4320 Fabius
935 4266 1080 4321 dixit.
1117 4263 1249 4320 Vide
1303 4265 1371 4318 ad
1448 4269 1575 4320 Otio
1596 4266 1881 4339 Sapientis,
1907 4285 1953 4318 c.
1980 4266 2065 4333 ⁴¹·
