3200 5117
325 1744 507 1812 esse,
548 1729 663 1800 cui
690 1731 909 1804 vitam
953 1737 1247 1812 debeas:
1294 1743 1483 1818 hunc
1516 1777 1691 1845 esse,
1735 1761 1856 1857 qui
1889 1784 1954 1835 te
1987 1793 2067 1839 ex
2095 1775 2416 1868 periculis

321 1843 687 1932 servaverit
715 1847 944 1918 maris.
992 1851 1274 1939 Quanta
1312 1858 1426 1929 illa
1459 1869 1862 1958 gratulatio?
1907 1904 2166 1977 quanta
2202 1893 2413 1985 patris
2467 1899 2474 1906 ’

318 1946 465 2024 laus
503 1954 683 2027 fuit?
723 1985 936 2053 quam
969 1964 1131 2036 felix
1168 1968 1463 2046 domus?
1504 1980 1682 2055 nihil
1713 1987 1944 2064 deerat
1968 2000 2408 2093 gratulationi

312 2086 610 2156 nostrae,
654 2070 710 2140 si
768 2097 997 2172 raptor
1042 2081 1300 2156 fuisset.
1348 2090 1476 2161 His
1525 2099 1834 2175 moribus
1875 2109 2050 2201 suiS,
2095 2140 2174 2186 ac
2218 2138 2407 2193 tanta

310 2176 631 2254 bonitate
675 2189 1002 2265 meruisse
1048 2196 1232 2269 visus
1276 2224 1377 2275 est
1412 2229 1640 2304 pater,
1690 2219 1983 2313 quinon
2031 2228 2402 2308 falleretur.

308 2295 806 2374 Indicaverunt
852 2304 1356 2407 integritatem:
1403 2345 1545 2418 quo
1578 2352 2023 2424 speraverunt
2050 2340 2401 2440 futurum,

307 2429 381 2480 ut
406 2410 643 2510 magis
675 2441 1110 2515 amarentur,
1147 2430 1471 2507 incidunt
1507 2438 1576 2508 in
1620 2444 1985 2538 offensam.
2035 2453 2182 2524 Nisi
2227 2459 2401 2533 forte

305 2522 607 2600 invicem
634 2529 980 2628 ludimur,
1017 2560 1083 2612 et
1106 2569 1234 2617 nos
1259 2571 1457 2646 pater
1483 2576 1733 2628 mutuo
1757 2565 2123 2639 mendacio
2151 2591 2397 2646 tentat:

302 2664 519 2734 quare
553 2669 697 2717 non
731 2651 975 2724 omnia
1006 2657 1234 2731 statim
1270 2662 1673 2763 simpliciter
1708 2674 2119 2772 dixerimus,
2155 2687 2394 2761 mina-

299 2773 428 2828 tur.
480 2758 595 2830 Dii
639 2762 897 2839 faciant
919 2825 938 2857 ,
974 2791 1055 2842 ut
1099 2773 1220 2846 iste
1254 2778 1344 2849 sit
1380 2807 1693 2878 eventus,
1729 2793 1848 2889 qui
1884 2795 2115 2870 adhuc
2154 2801 2226 2873 in
2265 2804 2393 2879 hac

301 2868 512 2944 domo
540 2881 866 2954 omnium
898 2889 1363 2984 periculorum
1387 2899 1542 2972 fuit.
1588 2907 1834 2980 Nostra
1867 2933 2120 2987 tamen.
2142 2944 2388 3016 quate-

298 3011 431 3059 nus
469 2991 694 3067 forma
720 2998 968 3098 judicii
1001 3009 1450 3105 proponitur,
1491 3017 1717 3114 agitur
1750 3024 2188 3103 defendentis
2218 3035 2385 3106 imi-

301 3101 485 3173 tatio.
538 3108 717 3181 Nam
769 3112 826 3184 si
870 3135 934 3187 te
979 3144 1257 3218 prorsus
1306 3124 1499 3200 irasci
1559 3134 2073 3231 existimarem,
2124 3147 2384 3242 optime

296 3232 518 3307 pater,
561 3219 676 3294 illa
719 3224 1064 3321 dicerem,
1109 3233 1325 3307 filiam
1359 3238 1677 3313 abdicas:
1724 3250 2044 3323 nondum
2081 3255 2379 3336 defendo

292 3327 592 3424 factum,
640 3337 811 3411 nihil
846 3343 930 3415 de
973 3345 1097 3419 isto
1133 3350 1423 3425 crimine
1458 3355 1743 3455 loquor:
1783 3365 1937 3437 satis
1970 3388 2197 3443 tutum
2234 3403 2377 3449 esse

285 3464 515 3540 potest
536 3452 725 3548 apud
753 3452 1041 3553 judices.
1079 3463 1379 3538 Fulmen
1414 3468 1595 3541 istud
1626 3494 1902 3568 patrum
1931 3483 2253 3558 adversus
2276 3490 2375 3561 fe-

286 3560 539 3635 rociam
599 3566 1065 3647 adolescentiae
1112 3578 1352 3651 datum
1410 3604 1558 3654 est:
1610 3587 1927 3665 adversus
1979 3598 2154 3670 filios
2181 3656 2200 3688 ,
2249 3602 2370 3698 qui

360 3711 405 3745 ι.
431 3698 628 3772 Rapere
655 3702 837 3758 voluit.
873 3709 989 3761 Hoc
1021 3709 1090 3762 ad
1120 3712 1282 3765 filiam
1366 3729 1507 3767 certe
1524 3718 2237 3799 criminiignoscitis‚inquit:
2256 3750 2374 3803 rap-

280 3773 480 3845 refero,
500 3798 613 3852 qun
632 3784 803 3837 voluit
819 3806 1108 3859 pauperem
1130 3813 1281 3866 rape·
1360 3809 1446 3849 tus
1485 3800 1639 3850 etiam
1677 3820 1784 3854 non
1816 3809 2163 3859 committitur
2197 3812 2251 3860 in
2277 3829 2372 3863 vo-

276 3872 337 3907 re
350 3894 367 3920 ‚
393 3856 447 3909 id
469 3874 577 3922 est,
598 3877 657 3917 ut
678 3885 886 3939 pauper
912 3889 1030 3924 eam
1052 3891 1276 3945 raperet.
1358 3875 1575 3943 lentem,
1587 3883 1686 3933 etsi
1700 3880 1884 3936 demus
1901 3899 2122 3956 raptam.
2137 3890 2214 3940 Ita
2227 3894 2367 3945 enim

273 3933 444 4003 Igitur
466 3955 522 3990 se
542 3957 744 4014 raptam
766 3948 1146 4019 proclamavit:
1178 3974 1274 4009 nec
1356 3975 1676 4032 usurpatum
1697 3977 1804 4029 est,
1828 3979 1887 4016 ut
1910 3984 1974 4017 ex
1997 3966 2099 4019 hoc
2123 3967 2243 4021 loco
2269 3989 2364 4044 ap-

270 4008 362 4064 hic
387 4031 511 4070 sane
533 4023 833 4093 negandum
859 4029 1199 4099 existimavit,
1222 4049 1275 4088 et
1354 4055 1534 4112 paret,
1560 4056 1615 4094 et
1638 4063 1699 4096 ex
1725 4043 1814 4096 lib.
1842 4048 1864 4097 1
1888 4045 1952 4096 de
1977 4048 2129 4119 Rapt.
2157 4053 2282 4121 virg.
2305 4055 2362 4108 in

270 4088 366 4159 (⁰1
388 4098 581 4169 Supra)
605 4113 878 4176 tamquam
902 4126 1013 4160 non
1035 4108 1274 4164 intellec·
1354 4122 1411 4173 C.
1430 4120 1636 4176 Theod.
1660 4143 1751 4177 seu
1770 4141 1958 4198 postea
1977 4132 2161 4183 merito
2184 4151 2362 4187 emen-

270 4184 382 4225 tum
402 4195 514 4229 non
537 4182 769 4252 perdidit
784 4185 1116 4248 beneficium.
1138 4193 1272 4247 Huic
1354 4196 1554 4255 datum.
1583 4204 1761 4257 AEnoo.
