3200 5117
769 574 1600 642 DECLAMATIONES.
1649 576 2162 646 chxxxvl.
2389 577 2505 667 167

426 726 541 774 me
567 720 927 800 praeterea,
948 721 1014 772 et
1040 720 1315 801 propter
1344 719 1411 771 te
1437 699 1766 773 sollicitus
1794 702 1893 773 fui
1919 729 1934 773 t
1966 700 2156 801 quod
2187 722 2334 774 erat
2356 728 2513 801 gra-

424 814 827 906 vissimum,
865 841 1134 888 necesse
1174 814 1390 887 habui
1430 837 1690 914 rogare.
1733 815 1803 886 Si
1838 817 2120 914 rapuisti
2154 818 2380 890 fratris
2409 817 2511 889 tui

427 955 795 1028 sponsam,
835 957 973 1003 non
1011 930 1267 1004 sufficit
1304 929 1624 1003 severitas
1646 987 1665 1020 ‚
1698 956 1843 1004 non
1875 958 2032 1003 sum
2066 933 2467 1007 ¹iracundus
2487 991 2509 1024 ‚

429 1069 573 1115 non
606 1066 708 1117 est
734 1044 878 1118 haec
898 1045 1197 1146 vulgaris
1224 1043 1444 1117 libido
1462 1102 1480 1136 ,
1503 1045 1625 1118 sed
1646 1045 1964 1117 incestus.
1984 1048 2097 1117 Tu
2123 1074 2513 1147 expugnare

429 1157 827 1232 absentem²
847 1161 1127 1234 fratrem
1148 1186 1356 1234 ausus
1376 1187 1470 1252 es,
1488 1181 1558 1233 et
1569 1161 1815 1253 fecisti,
1832 1181 1909 1233 ut
1925 1162 2273 1235 videretur
2287 1164 2516 1263 puella

430 1301 674 1373 parum
694 1276 940 1375 pudice
958 1277 1226 1350 fecisse:
1249 1276 1420 1374 quid
1442 1275 1848 1375 respondes?
1869 1276 2039 1374 quid
2057 1277 2266 1350 dicis?
2283 1277 2519 1351 Solent

430 1388 552 1460 ista
577 1389 671 1462 sic
692 1390 1009 1481 defendi,
1028 1391 1304 1492 juvenis
1328 1391 1579 1481 erravi,
1607 1411 1674 1463 et
1696 1417 1930 1464 amore
1953 1390 2186 1491 lapsus
2209 1417 2397 1463 sum:
2419 1391 2518 1464 vis

431 1504 644 1603 igitur
664 1506 1064 1606 ignoscam?
1094 1509 1274 1581 nibil
1304 1528 1404 1581 est
1430 1508 1742 1608 gravius,
1780 1507 2179 1607 impositam
2205 1507 2520 1582 severita-

429 1635 572 1691 tem
600 1621 952 1719 personae3
982 1622 1274 1696 detrahi.
1315 1624 1424 1695 Do
1452 1622 1627 1695 vitiis
1654 1622 1965 1695 veniam:
2007 1622 2219 1695 habes
2255 1643 2519 1722 patrem

429 1731 662 1807 lenem
687 1793 706 1826 ‚
754 1738 993 1810 mitem
1025 1768 1043 1824 ;
1086 1736 1460 1812 sceleribus
1502 1736 1787 1838 ignosco
1825 1764 1842 1810 t
1886 1735 2099 1810 redde
2140 1738 2473 1828 rationem
2499 1794 2521 1829 ,

430 1877 555 1921 cur
582 1877 771 1924 nunc
800 1872 874 1924 tu
908 1851 1237 1924 occideris
1271 1853 1588 1925 fratrem:
1630 1851 1820 1952 quod
1855 1873 2132 1925 tantum
2157 1852 2375 1926 scelus
2404 1852 2520 1926 in-

428 1965 649 2037 veniri
667 1987 914 2066 potest,
935 1966 1125 2066 quod
1147 1967 1508 2066 parricidio
1525 1951 2033 2055 vindicandum
2052 1967 2179 2041 sit?
2196 1967 2338 2040 Ubi
2357 1989 2521 2041 sunt

432 2077 556 2150 illa
597 2101 970 2180 praecepta,
1014 2079 1268 2181 quibus
1309 2080 1687 2153 monebam
1710 2138 1728 2170 ,
1776 2102 1858 2153 ut
1897 2082 2268 2155 concordes
2301 2101 2525 2154 essent

430 2193 760 2266 fratres4?
794 2221 1042 2295 parum
1077 2216 1175 2267 est
1201 2194 1466 2286 dicere,
1501 2195 1780 2269 voluistl
1814 2197 2167 2269 occidere:
2201 2196 2521 2295 potuisti?

434 2334 582 2380 non
616 2308 896 2411 diriguit
930 2309 1170 2384 mens?
1201 2338 1346 2386 non
1377 2311 1608 2384 soluta
1637 2311 1910 2384 dextera
1942 2311 2081 2385 est?
2113 2338 2256 2384 non
2290 2313 2527 2384 obstu-

433 2424 644 2523 puisti
674 2427 958 2525 propius
990 2426 1236 2499 scelere
1270 2426 1595 2500 admoto?
1623 2427 1762 2500 Sed
1786 2454 1924 2526 qua
1948 2439 2152 2500 causa
2176 2426 2525 2501 occidisti?

433 2539 801 2613 violaverat
832 2540 1401 2614 matrimonium:
1436 2541 1692 2644 adjice,
1726 2542 1955 2633 frater,
1994 2568 2139 2614 non
2172 2539 2527 2641 continge-

436 2652 577 2726 ret⁵
611 2654 736 2726 tibi
772 2654 868 2726 sic
903 2681 1105 2754 agere
1146 2655 1350 2754 quasi
1386 2655 1678 2730 marito:
1716 2676 1792 2728 tu
1830 2657 2024 2727 enim
2056 2654 2363 2753 profecto
2396 2680 2527 2726 no-

437 2794 595 2840 cens
611 2825 630 2858 ,
657 2768 778 2868 qui
801 2796 1126 2868 sponsam
1152 2768 1531 2859 abduxisti,
1562 2770 1664 2842 sic
1688 2790 2068 2843 amantem.
2093 2770 2298 2841 Nunc
2323 2767 2527 2841 intel-

435 2881 607 2982 ligo,
642 2907 976 2984 quantam
994 2884 1337 2988 ‚injuriam
1367 2883 1653 2959 fecerim
1676 2884 1955 2986 puellae,
1989 2909 2142 2985 quae
2173 2903 2404 2957 coacta
2427 2905 2528 2956 est

438 3016 504 3068 te
544 2998 797 3073 habere
844 3001 1174 3073 maritum
1199 3056 1219 3090 ‚
1268 3026 1494 3099 quum
1543 3000 1759 3072 altero
1808 3025 2034 3072 carere
2084 3023 2231 3070 non
2277 3020 2521 3098 posset.

440 3112 679 3186 Acrius
714 3113 1185 3190 incalescunt⁶
1214 3116 1407 3214 ignes
1442 3114 1775 3213 legitimi,
1812 3113 2053 3210 utiquc
2091 3138 2315 3209 quum
2352 3112 2525 3186 inci-

444 3223 691 3299 derunt
728 3229 800 3301 in
839 3230 1043 3303 rudes
1082 3228 1354 3302 animos
1369 3241 1423 3299 7.
1459 3225 1994 3326 Deprehendisti
2030 3224 2105 3296 in
2143 3224 2523 3301 adulterio:

520 3418 563 3454 ¹.
592 3404 717 3460 Non
740 3424 851 3459 sum
878 3408 1167 3461 iracumdus.
1191 3408 1306 3473 Δ»,
1330 3423 1440 3458 non
1599 3404 1652 3458 5.
1690 3404 1814 3458 Non
1850 3404 2182 3476 confinqmt.
2217 3405 2304 3458 An
2326 3442 2344 3474 ‚
2384 3425 2526 3461 non-

438 3501 642 3536 summa
667 3486 972 3540 iracundia?
993 3486 1213 3539 Senum.
1518 3483 1645 3537 dum
1655 3520 1673 3548 ‚
1697 3501 1794 3548 an,
1815 3499 1880 3532 ne
1894 3483 2247 3556 contingeret?
2266 3485 2486 3540 Scuuvr.

509 3579 557 3614 2.
579 3563 871 3618 Absentem.
906 3566 1023 3616 Hoc
1052 3563 1273 3618 verbum
1302 3560 1441 3617 male
1588 3560 1642 3614 6.
1667 3559 1847 3612 Acrius
1869 3560 2201 3615 incalescunt.
2230 3563 2521 3616 Declamat.

436 3644 707 3704 intertum.
731 3649 816 3700 An
834 3646 1245 3701 dulescentum?
1266 3664 1335 3698 an
1357 3663 1442 3697 ao·
1518 3639 1747 3693 CCXCl:
1769 3637 2032 3707 «Major-es
2045 3637 2353 3693 habetvires
2368 3643 2526 3711 ignis,

440 3726 704 3779 cubantem
719 3729 747 3778 p
767 3747 835 3780 a„
859 3727 1255 3804 amplectentem
1269 3729 1295 3778 p
1319 3727 1437 3780 Sca,
1525 3738 1548 3764 a
1571 3719 1663 3789 qui
1676 3714 1919 3788 legitimis
1932 3716 2137 3770 facibus
2151 3717 2473 3770 accenditur.
2495 3740 2518 3765 a

511 3800 563 3853 3.
593 3803 895 3876 Impositum
925 3805 1242 3861 severitatem
1271 3823 1445 3877 perso-
1520 3797 1746 3851 SCHUU'·

440 3896 539 3932 πε.
556 3881 939 3953 Conjmebam·
962 3883 1103 3938 ηιἹιίΙ
1117 3895 1193 3937 est
1205 3883 1440 3955 quoius,
1593 3892 1645 3946 7.
1677 3874 1848 3928 Budess
1875 3874 2092 3927 animos.
2112 3874 2353 3943 virginet
2385 3891 2526 3928 non·-

440 3975 599 4030 quam
636 3958 930 4034 impositam
965 3962 1246 4016 severitatis
1269 3977 1444 4032 perso-
1520 3957 1650 4011 dum
1664 3974 1897 4010 amorem
1913 3953 2524 4026 expertu.Vid.ad1nst.

440 4057 567 4089 nam
590 4039 869 4096 detrahere.
895 4044 1130 4097 Gnonov.
1520 4038 1668 4091 Orat.
1686 4037 1777 4089 lib.
1794 4038 1837 4104 1,
1853 4053 1900 4103 1,
1915 4034 2010 4098 36;
2027 4036 2263 4107 Propert.
2275 4036 2452 4105 111‚13‚
2468 4039 2522 4093 5:

510 4116 562 4182 4.
593 4118 662 4170 Ut
678 4123 949 4175 concordes
965 4132 1126 4174 essent
1136 4120 1345 4193 fratres.
1361 4120 1447 4189 Yi-
1528 4139 1553 4164 α
1570 4115 1666 4169 Illa
1685 4113 1845 4168 rudes
1863 4115 2066 4165 animos
2084 4131 2185 4185 per
2201 4127 2385 4169 noctes
2402 4135 2529 4171 con-

438 4192 599 4248 dem
638 4198 838 4251 fni-00:
881 4210 941 4251 ut
974 4198 1251 4252 concordes
1284 4198 1449 4251 essetis
1530 4199 1683 4250 eseia
1721 4198 1919 4268 primas
1959 4193 2185 4262 habuit,
2219 4192 2326 4250 heu
2365 4196 2527 4253 nullis

440 4275 639 4340 frutus.
662 4280 833 4334 Gnon.
856 4281 925 4332 Et
944 4281 1017 4333 ita
1035 4279 1409 4348 Schultinfliue.
1531 4300 1556 4325 α
1574 4293 1732 4351 capta
1753 4279 1986 4351 Lycinna
2007 4275 2162 4331 duno.
2183 4299 2207 4327 a
2234 4279 2402 4334 Dum.
