3200 5117
768 591 895 658 270
1269 565 1362 630 M.
1411 565 1661 630 mnu
1705 565 2340 649 QUINTILIANI

764 696 841 765 in
869 690 1108 765 obvios
1136 708 1555 778 occurreret,
1590 685 1931 778 dicerem3
1956 683 2265 760 Ultionis
2291 687 2620 787 quaeritur
2645 711 2862 763 mate-

765 808 885 879 ria.
920 805 1127 877 Nunc
1148 829 1277 877 vox
1304 830 1446 875 una
1463 861 1484 894 ,
1507 829 1637 877 vox
1661 802 1906 875 eadem
1939 803 2029 874 ad
2051 802 2326 903 judices
2343 860 2363 894 ,
2401 824 2469 876 et
2493 830 2619 903 per
2647 823 2861 879 totam

766 921 1111 995 civitatem
1154 947 1170 991 :
1218 921 1383 992 Eoo
1430 937 1567 1006 TE,
1612 937 1880 1008 PATER,
1929 936 2200 990 occ1n1.
2251 915 2572 991 Invenire
2614 919 2858 1012 liceat,

765 1036 940 1136 quid
979 1034 1245 1106 factum
1286 1032 1413 1105 sit:
1458 1058 1605 1104 non
1644 1051 1745 1104 est
1783 1030 2176 1105 dementia:
2219 1033 2383 1105 EGO
2416 1051 2548 1123 TE,
2589 1053 2860 1123 PATER,

766 1170 1037 1224 occlm.
1081 1151 1236 1221 Hoc
1277 1147 1531 1242 si¹tvos
1573 1149 1881 1219 furorem
1919 1146 2216 1237 vocatiS‚
2259 1147 2451 1219 idem
2494 1176 2651 1248 pars
2691 1150 2863 1222 dixit

754 1264 1086 1368 judicum
1116 1291 1131 1336 ε
1162 1263 1344 1335 nihil
1370 1262 1747 1354 variatum,
1780 1261 1963 1334 nihil
2001 1288 2082 1333 ex
2112 1289 2307 1334 more
2342 1263 2646 1337 aliorum
2678 1265 2863 1337 insa-

765 1381 1123 1454 nientium
1163 1398 1515 1451 mutatum
1553 1397 1653 1449 est
1688 1405 1704 1450 τ
1739 1381 1887 1476 Ego
1928 1398 2031 1471 te,
2075 1400 2298 1478 pater,
2339 1379 2557 1452 occidi
2592 1408 2606 1453 :
2654 1380 2862 1481 longa

766 1493 1102 1568 confessio
1137 1513 1272 1564 est:
1309 1491 1596 1591 repetita
1631 1492 1833 1564 toties
1867 1493 2207 1565 confessio
2238 1511 2359 1565 est.
2393 1494 2670 1593 Ecquid
2700 1521 2863 1568 con-

768 1611 990 1711 cipitis
1024 1608 1275 1681 animis
1302 1608 1688 1705 imaginem
1722 1606 1958 1698 illam,
1991 1623 2148 1706 quae‘
2175 1609 2310 1680 hoc
2339 1609 2605 1708 coegit?
2640 1611 2862 1683 stabat

770 1726 1078 1825 profecto
1120 1741 1283 1794 ante
1323 1718 1559 1792 oculos
1596 1719 1969 1811 laceratu5‚
2015 1741 2083 1793 et
2113 1720 2345 1794 adhuc
2373 1743 2702 1797 cruentus
2734 1753 2859 1825 pa·
2921 1713 2930 1740 ⁸

767 1862 905 1913 ter:
929 1836 1335 1913 ostendebat
1360 1836 1581 1908 effusa
1591 1836 1853 1928 vitalia,
1874 1856 2062 1910 totus
2081 1836 2198 1910 ille
2218 1860 2376 1911 ante
2397 1839 2633 1912 oculos
2646 1839 2858 1932 locuS,

768 1977 998 2028 totum
1034 1954 1258 2026 scelus
1286 1972 1523 2025 mente
1562 1973 1632 2025 et
1663 1953 2078 2052 cogitatione
2116 1952 2524 2053 perflexum.
2555 1957 2715 2028 Non
2746 1983 2861 2056 po-

767 2089 902 2145 test
938 2068 1130 2161 fieri,
1173 2089 1256 2142 ut
1290 2094 1418 2169 per
1448 2068 1878 2141 dementiam
1904 2068 2223 2142 videatur
2253 2070 2448 2143 toties
2477 2073 2858 2164 confessus,

774 2187 898 2287 qui
926 2211 1299 2286 nunquam
1316 2186 1640 2285 ,negaviu
1676 2184 1774 2257 ite
1798 2211 2021 2276 nunc,
2049 2206 2116 2259 et
2137 2185 2420 2286 paribus
2441 2185 2788 2261 absolvite.

2035 2476 2863 2500 mmmmm-w

1593 2685 2036 2761 CCCXV.

1396 2922 1618 2993 Fortis
1642 2937 1844 3021 pater
1866 2922 2233 2995 desertoris.

774 3133 898 3194 Vin
922 3151 1135 3193 ron-ris
1159 3151 1558 3194 nnszn'rouu
1576 3152 1692 3192 Stu
1716 3153 1892 3194 nunu
1915 3155 2189 3196 ocemu.
2213 3111 2451 3196 Eodem
2470 3133 2713 3219 praelio‚
2734 3155 2858 3218 quo

853 3241 1026 3312 pater
1046 3228 1295 3290 fortiter
1316 3228 1489 3307 fecit,
1513 3229 1785 3313 ejusdem
1808 3229 1974 3292 filius
1992 3232 2277 3293 deseruit.
2307 3232 2467 3293 Petit
2489 3233 2728 3314 praemii
2750 3252 2860 3292 no-
2926 3221 2932 3232 ’

856 3328 1051 3403 mine,
1072 3341 1145 3388 ut
1168 3348 1313 3389 eum
1335 3347 1472 3389 non
1494 3330 1623 3412 ipse
1648 3328 1908 3390 occidat·

1467 3527 2163 3595 DECLAMATIO.

875 3682 1093 3754 Fortis
1120 3684 1485 3784 praemium
1513 3686 1709 3787 petit.

852 3905 896 3939 ι.
923 3883 1039 3939 Hoc
1063 3888 1121 3942 si.
1151 3885 1269 3943 Hoc
1289 3891 1360 3944 sic
1383 3908 1469 3944 vos
1482 3889 1538 3963 f
1567 3912 1616 3943 v.
1641 3891 1778 3946 idem
1857 3891 2003 3945 Leid.
2045 3894 2357 3967 Pet-pensum
2379 3932 2398 3959 ,
2437 3893 2691 3945 Latinius.
2732 3891 2863 3944 Pen-

775 3965 931 4031 dixit,
952 3984 1055 4038 par
1058 3963 1321 4040 judicium
1330 4008 1349 4036 ,
1374 3965 1551 4021 AErod.
1575 4000 1649 4011 --
1674 3967 1780 4021 To·
1857 3985 2106 4043 spectum,
2117 3970 2859 4044 Schultingius.Complexum‚

778 4057 887 4097 tum
907 4046 1067 4100 scelus
1083 4060 1253 4102 mente
1270 4061 1321 4101 et
1336 4051 1649 4124 coqitatione
1667 4069 1782 4124 per·
1857 4053 2126 4104 Francius,
2163 4052 2428 4129 Bqflexum
2450 4088 2470 4118 ,
2507 4048 2758 4104 Obrecht.
2792 4075 2860 4085 --

773 4122 1004 4195 plexum.
1039 4124 1142 4178 Alii
1174 4125 1320 4199 apud
1352 4126 1625 4179 AErodium
1657 4146 1781 4202 per-
1857 4128 2092 4183 Pan-ibus.
2117 4134 2200 4182 An
2227 4130 2386 4202 pars?
2416 4129 2468 4184 in
2500 4125 2665 4178 dubio
2693 4143 2750 4175 ea
2775 4119 2858 4176 di-

757 4198 961 4273 fixum.
996 4206 1182 4270 Forte,
1216 4208 1501 4278 repetitum.
1537 4205 1776 4260 Gnonoxn
1858 4205 2018 4260 midia
2051 4207 2336 4282 accipitur:
2371 4221 2430 4258 ut
2457 4223 2649 4278 supra,
2677 4225 2698 4248 ι
2717 4197 2860 4252 idem

777 4280 1068 4355 Pefiean
1085 4319 1101 4345 ,
1128 4281 1262 4334 Pith.
1289 4284 1587 4358 Perfluxum
1604 4323 1622 4350 ,
1651 4283 1774 4335 edit.
1864 4306 1886 4329 κ
1907 4302 2029 4355 pars
2046 4282 2289 4353 judicum
2312 4283 2459 4336 dixit.
2481 4308 2503 4332 ιο
2533 4281 2750 4335 Senum.
