3200 5117
796 525 921 609 432

1297 524 1391 591 M.
1437 523 1691 591 FABII
1734 521 2368 610 QUINTILIANI

792 648 1006 748 quid¹
1050 669 1230 723 esset
1272 649 1417 722 haec
1458 650 1724 742 civitas,
1776 676 1868 722 an
1922 649 2214 750 templa,
2260 675 2352 721 an
2405 648 2883 722 vetustissimae

790 764 1157 863 vestigium
1196 764 1440 838 saltem
1471 765 1667 838 urbis
1713 764 2255 864 relinqueretur?
2298 791 2391 835 an
2435 764 2639 836 liberi
2685 766 2892 837 vestri

792 880 1262 981 conjugesque
1302 881 1630 955 traditam
1673 910 1714 955 a
1755 882 2131 984 majoribus
2176 908 2300 981 per
2334 907 2589 953 manus
2635 880 2712 952 in
2753 880 2892 952 hoc

792 1019 1011 1095 usque
1061 1017 1335 1097 tempus
1388 997 1774 1072 libertatem
1836 997 2052 1072 semel
2105 997 2516 1098 perderent?
2575 1001 2711 1068 Pro
2774 996 2888 1068 his

792 1110 1331 1185 animadvertere
1381 1112 1455 1185 in
1502 1139 1764 1213 paucos
1808 1112 2184 1212 indignum
2236 1111 2383 1185 est?
2437 1134 2505 1185 et
2549 1112 2886 1185 exercitus

793 1246 1059 1323 partem
1093 1226 1456 1318 dicimus²‚
1507 1248 1575 1300 et
1615 1229 1688 1299 in
1731 1227 1952 1301 aciem
1998 1227 2220 1300 ductis
2268 1221 2648 1318 militibus,
2695 1248 2886 1299 certe

794 1341 1283 1415 innocentibus
1296 1342 1350 1433 *,
1372 1342 1685 1416 multum
1706 1343 2070 1442 contigisse
2092 1341 2496 1442 imperatori
2512 1341 2880 1430 videretur,

793 1455 1058 1529 etiamsi
1093 1477 1236 1528 non
1273 1457 1710 1530 incruentam
1740 1457 2094 1530 victoriam
2130 1456 2396 1528 referat.
2435 1457 2570 1526 Pro
2603 1454 2737 1527 hac
2769 1481 2885 1527 se-

867 1633 916 1669 1.
945 1617 1032 1670 An
1058 1617 1276 1690 aliquid.
1304 1615 1434 1671 Vide
1468 1615 1538 1669 ad
1568 1618 1792 1670 Prooern.

795 1699 919 1750 lust.
945 1701 1091 1753 Orat.
1121 1701 1169 1769 ς.
1194 1718 1277 1753 ao.

866 1796 913 1830 2.
950 1780 1020 1833 Et
1052 1782 1298 1833 exercitus
1322 1791 1527 1853 partem
1558 1780 1792 1833 dicimus.

794 1851 1011 1909 Videtur
1032 1858 1310 1927 legendum
1320 1896 1336 1924 ,
1351 1870 1404 1910 et
1414 1858 1665 1911 exercitus
1678 1874 1798 1926 par·

793 1945 893 1986 tem
929 1935 1163 1989 ducimus
1196 1935 1323 2007 (seu
1361 1937 1715 2007 decimamus)
1745 1944 1799 1986 et

794 2017 849 2067 in
866 2014 1031 2066 aciem
1050 2015 1214 2067 ductis
1231 2013 1483 2067 militibus
1500 2025 1634 2067 certe
1648 2015 1798 2066 inno-

791 2093 1018 2144 centibus
1038 2090 1265 2143 muleum
1288 2092 1554 2165 contiqisse
1575 2094 1798 2165 impera·

795 2172 895 2222 tori
934 2171 1153 2238 videtur,
1194 2171 1236 2224 si
1275 2172 1435 2224 etiam
1472 2171 1797 2223 incruentam

795 2252 1059 2304 victoriam
1082 2250 1287 2321 referat.
1312 2254 1458 2304 Ptru.
1483 2250 1683 2303 Multos
1706 2249 1799 2303 ad-

795 2329 901 2382 huc
924 2330 1197 2402 torquebit
1221 2331 1307 2382 hic
1331 2331 1510 2397 locus,
1530 2333 1573 2383 si
1591 2332 1800 2383 restitu-

796 2411 871 2462 tio
906 2424 1086 2463 uostra
1122 2429 1233 2462 non
1268 2409 1494 2481 placeat.
1533 2413 1798 2463 Decimari

795 2509 920 2543 vero
945 2491 1068 2542 olim
1094 2492 1408 2556 exercitum,
1431 2508 1586 2543 nemo
1608 2505 1684 2543 est
1706 2491 1797 2562 qui

795 2569 1017 2639 ignoret.
1028 2567 1163 2621 Vide
1178 2568 1311 2620 Plut.
1330 2572 1382 2620 in
1395 2571 1499 2621 vita
1512 2570 1586 2620 M.
1604 2571 1793 2623 Crassi.

794 2649 979 2702 Cicero
998 2668 1093 2721 pro
1109 2649 1246 2703 Aulo
1262 2649 1536 2716 Cluentio,
1555 2669 1672 2721 cap.
1696 2651 1790 2717 46:

801 2751 824 2776 ι
842 2729 1149 2781 statuerunt
1170 2731 1244 2779 ita
1267 2729 1494 2797 majores
1518 2729 1712 2794 nostri,
1736 2741 1795 2780 ut

801 2831 823 2854 a
844 2809 887 2859 si
911 2826 941 2859 a
967 2806 1141 2858 multis
1165 2821 1301 2859 esset
1324 2807 1575 2877 flagitium
1594 2810 1673 2859 rei
1695 2810 1794 2859 mi-

801 2909 822 2932 ι
843 2886 1004 2938 litaris
1050 2887 1334 2939 admissum
1355 2924 1372 2952 ,
1415 2889 1693 2939 sortitione
1738 2890 1794 2939 iu

800 2990 821 3012 a
842 2964 1104 3036 quosdam
1151 2964 1686 3028 animadvertes-etum
1734 2979 1794 3018 ut

798 3064 821 3089 ιι
842 3059 1012 3095 metus
1034 3041 1277 3096 videlicet
1300 3044 1367 3095 ad
1392 3062 1575 3095 omnes
1591 3082 1608 3110 ,
1634 3063 1794 3114 poeua

800 3144 821 3166 α
842 3120 907 3173 ad
924 3139 1124 3192 paucos
1139 3124 1452 3193 perveniret.
1467 3123 1604 3174 Nam
1618 3121 1765 3174 miles
1776 3160 1793 3188 ,

800 3223 821 3246 ι
844 3204 935 3273 qui
965 3202 1143 3254 locum
1175 3221 1283 3255 non
1320 3206 1517 3268 tenuit,
1541 3206 1634 3274 qui
1666 3203 1794 3255 hos-

800 3300 823 3324 «
841 3281 971 3331 tium
994 3283 1247 3353 impetum
1263 3282 1472 3354 vimque
1494 3283 1792 3353 pertimuit,

799 3381 821 3405 ιι
841 3373 1015 3429 potest
1047 3363 1185 3413 idem
1212 3376 1401 3433 postea
1429 3376 1481 3415 et
1507 3362 1653 3414 miles
1681 3380 1794 3414 esse

801 3461 823 3483 .-
842 3438 1047 3504 melior,
1072 3452 1123 3490 et
1145 3443 1223 3492 vir
1244 3441 1445 3506 bonus,
1468 3454 1517 3492 et
1542 3442 1668 3491 civis
1694 3442 1794 3491 uti-

799 3539 821 3564 ·
845 3516 923 3568 lis.
942 3517 1118 3583 Quare
1133 3538 1198 3570 ne
1211 3521 1263 3570 in
1279 3520 1420 3572 bello
1436 3532 1655 3591 propter
1667 3518 1794 3570 hos·

800 3617 822 3641 ιι
842 3597 973 3647 tium
987 3610 1184 3648 metum
1199 3596 1553 3668 delinqueret,
1570 3597 1793 3669 amplior

797 3695 821 3722 α
843 3677 891 3727 ei
913 3677 1095 3726 mortis
1121 3690 1170 3727 et
1197 3677 1442 3749 supplicii
1468 3689 1637 3727 metus
1663 3688 1740 3727 est
1760 3693 1792 3726 a

800 3777 821 3799 ιι
842 3753 1129 3823 majoribus
1153 3757 1500 3808 constitutus:
1524 3773 1591 3806 ne
1616 3767 1791 3806 autem

799 3855 821 3878 a
839 3836 1055 3886 nimium
1072 3833 1221 3885 multi
1236 3851 1444 3904 poenam
1463 3835 1651 3905 capitis
1671 3833 1793 3885 sub·

799 3935 822 3959 α
840 3917 1001 3978 irent,
1022 3913 1218 3965 idcirco
1243 3912 1331 3964 illa
1354 3913 1559 3966 sortitio
1579 3931 1793 3983 compa-

798 4013 821 4036 «
842 4009 956 4044 rata
981 4008 1072 4046 est.
1098 4018 1120 4042 a
1151 3993 1313 4061 Quod
1340 4005 1515 4045 autem
1543 3992 1630 4043 hic
1658 3992 1790 4044 dici-

792 4082 899 4134 tur,
912 4073 1018 4124 Pro
1035 4074 1329 4139 securitate,
1351 4086 1450 4123 etc.
1468 4070 1654 4123 eodem
1677 4091 1793 4142 per·

794 4146 960 4214 tinet,
1001 4169 1105 4221 quo
1147 4149 1278 4201 illud
1317 4149 1551 4203 Declam.
1594 4150 1791 4204 CCLm

792 4245 969 4302 supra.
1003 4230 1169 4300 Atqui
1200 4249 1298 4302 ego
1328 4232 1486 4285 ctiam
1511 4233 1557 4284 si
1578 4231 1790 4304 plurimi

1872 1617 2036 1670 vitam
2074 1636 2188 1671 esse
2223 1618 2416 1668 civium
2450 1617 2505 1667 in
2535 1613 2638 1666 hac
2671 1615 2884 1667 civitate

1875 1712 2201 1770 spectarem,
2225 1698 2362 1750 bene
2386 1712 2562 1750 tamen
2584 1695 2771 1748 redimi
2789 1714 2882 1748 ca-

1874 1780 1985 1849 pite
2024 1777 2181 1828 unius
2225 1777 2350 1828 civis
2391 1793 2578 1846 pacem
2617 1788 2876 1846 putarem.

1875 1856 2055 1907 AEnou.
2096 1855 2308 1907 Partem
2342 1853 2591 1906 decimari
2623 1854 2880 1921 vidimus,

1876 1942 1930 1984 et
1956 1934 2014 1984 iu
2039 1934 2206 1984 aciem
2230 1933 2423 1985 eductis
2445 1931 2728 1998 militibus,
2751 1945 2882 1985 certe

1877 2013 2234 2067 innocentibus
2260 2011 2482 2065 multam
2510 2015 2806 2086 contigisse,
2837 2016 2881 2069 si

1878 2090 2004 2163 imp.
2024 2089 2263 2143 videatur
2276 2114 2291 2141 .-
2314 2091 2636 2144 etiamsinon
2654 2093 2882 2146 incruen-

1879 2183 1986 2223 tam
2020 2171 2287 2224 victoriam
2321 2173 2566 2243 referant.
2600 2172 2766 2225 Aliter
2795 2176 2880 2226 Pi-

1877 2249 2051 2303 thoeus
2071 2289 2088 2318 ,
2129 2253 2184 2303 in
2231 2269 2338 2321 quo
2386 2264 2571 2303 caetera
2612 2267 2880 2326 utcunque

1876 2330 2016 2383 feras
2034 2369 2053 2396 ,
2103 2330 2196 2382 sed
2243 2329 2460 2382 tolerari
2510 2350 2617 2383 non
2664 2347 2837 2403 potest
2861 2371 2881 2397 ,

1875 2410 2076 2462 etiamsi
2091 2408 2433 2463 incruentam.
2445 2412 2642 2463 Verum
2655 2410 2708 2463 id
2725 2409 2850 2464 alibi
2862 2434 2877 2464 ι

1875 2492 2036 2541 immo
2068 2490 2388 2543 laudabilius
2420 2489 2646 2563 Spar-123
2671 2491 2740 2544 ab
2770 2491 2880 2545 hoc

1874 2569 1996 2622 loco
2022 2567 2271 2621 alienum.
2297 2572 2394 2621 Hic
2419 2573 2556 2622 enim
2577 2588 2879 2641 paucorum

1873 2650 2192 2721 supplicium
2221 2651 2275 2700 in
2299 2647 2441 2703 bello
2467 2652 2535 2701 ita
2562 2661 2873 2714 excusatur,

1875 2727 2024 2799 quod
2059 2727 2258 2780 bellum
2293 2727 2589 2800 plerumque
2621 2728 2687 2779 sit
2716 2727 2874 2792 θυμι-

1874 2804 1995 2875 Co'pov
2009 2829 2020 2858 :
2035 2821 2086 2860 et
2105 2827 2211 2859 rem
2227 2824 2462 2876 magnam
2475 2806 2767 2877 praestitisse
2776 2808 2878 2858 im·

1872 2901 2172 2959 peratorem
2184 2900 2375 2959 putare
2385 2885 2684 2950 debeamus,
2694 2887 2879 2938 etiam·

1873 2968 1917 3017 si
1946 2968 2114 3018 victor
2138 2982 2247 3017 uon
2277 2984 2480 3036 paucos
2506 2983 2718 3018 suorum
2748 2985 2880 3036 per-

1873 3043 2080 3096 diderit.
2106 3042 2208 3098 sed
2235 3042 2364 3116 quid
2388 3046 2440 3095 in
2467 3044 2566 3095 hac
2590 3058 2740 3115 parte
2766 3046 2882 3097 atti·

1871 3139 1997 3176 neat
2009 3123 2197 3177 milites
2212 3123 2388 3176 dicere
2403 3126 2723 3191 innocentes,
2734 3124 2878 3176 haud

1875 3221 2143 3275 assequor.
2193 3205 2377 3274 Itaque
2423 3202 2756 3256 divinabam:
2802 3204 2877 3256 Et

1872 3284 2116 3334 exercitus
2144 3294 2346 3353 partem
2374 3283 2717 3351 decimamus,
2748 3294 2877 3335 sorte

1872 3363 2035 3415 ductis
2063 3362 2315 3414 militibus
2342 3379 2474 3434 soepe
2507 3362 2872 3414 innocentibus.

1872 3442 2106 3494 Multum
2129 3441 2396 3513 contiqisse
2420 3442 2720 3513 imperatori
2741 3441 2874 3493 vide-

1875 3535 1974 3587 tur,
1998 3522 2200 3574 etiamsi
2222 3539 2328 3573 non
2357 3523 2683 3574 sumentem
2715 3523 2876 3575 victo-

1872 3602 2006 3652 riam
2032 3599 2236 3670 oeferat.
2263 3599 2498 3651 Gaouov,
2527 3600 2603 3650 Et
2628 3599 2874 3651 exercitus

1866 3689 2070 3749 partem
2089 3677 2403 3730 decimamus
2414 3716 2429 3740 ‚
2445 3687 2498 3729 et
2511 3677 2562 3728 in
2576 3679 2740 3729 aciem
2755 3677 2872 3730 duc-

1872 3754 2200 3808 tismilitibus
2212 3759 2383 3819 certis,
2401 3758 2783 3820 innocentibus,
2799 3776 2870 3807 m.

1872 3854 1914 3888 c.
1942 3837 2240 3908 imperatori
2258 3856 2304 3888 υ.
2325 3839 2482 3890 etiam
2502 3836 2548 3889 si
2567 3856 2618 3888 u.
2643 3837 2747 3890 inc.
2769 3838 2873 3889 vic-

1872 3918 2054 3968 toriam
2073 3916 2279 3989 referat.
2294 3917 2428 3970 certi
2441 3929 2500 3967 ut
2509 3915 2690 3988 virgil.
2703 3919 2814 3968 AEn.
2829 3919 2871 3980 1,

1872 3994 2000 4064 576:
2024 4017 2046 4041 ιι
2062 4013 2160 4067 per
2178 3994 2332 4047 litora
2350 4007 2523 4047 certos
2541 3993 2825 4058 dimittam,
2840 4017 2863 4040 ι

1869 4071 1926 4124 id
1953 4087 2062 4138 est,
2103 4074 2295 4145 quibus
2336 4086 2451 4125 tuto
2491 4071 2635 4124 credi
2672 4075 2872 4144 possit,

1871 4154 2116 4224 opposite
2145 4152 2214 4205 ad
2240 4151 2555 4225 proditores.
2580 4150 2870 4204 Declamat.

1871 4233 2095 4306 praeced.
2124 4236 2366 4290 certiores
2386 4232 2578 4287 nuntii.
2603 4231 2822 4286 Sanun.
