3200 5117
694 615 707 626 -
739 563 1579 640 DECLAMATIONES.
1627 569 2089 635 CCCXLIII.
2257 631 2266 636 ,
2337 574 2411 653 4¹
2437 595 2490 640 1.

372 698 621 761 factum
650 711 778 777 est,
804 715 891 760 ne
921 692 1197 760 duceret
1218 694 1358 773 ille,
1389 715 1526 758 non
1554 709 1747 780 pater
1772 691 1951 757 fecit.
1987 692 2230 780 Rapuit
2252 690 2468 770 dives,

373 805 626 892 optavit
646 803 898 892 puella,
925 817 1114 892 pater
1128 817 1383 867 tantum
1411 800 1735 889 promisit.
1757 798 2114 880 Quomodo
2140 822 2297 888 ergo
2323 798 2468 878 fiet,

373 926 449 974 ut
472 910 580 975 hic
602 908 1213 996 circumscripserit,
1246 907 1299 972 si
1323 905 1563 996 probat
1584 907 1808 972 omnia
1831 905 1999 970 facta
2019 904 2216 995 hujus
2241 907 2471 972 volun-

374 1031 504 1081 tate
517 1017 547 1079 ’τ’
569 1017 849 1106 alioqui,
884 1017 1009 1082 nisi
1038 1016 1168 1083 hoc
1197 1014 1685 1081 obtinuerimus
1703 1064 1721 1094 ,
1756 1012 2002 1077 frustra
2028 1033 2044 1062 ¹
2062 1011 2469 1101 plorabimus

371 1119 549 1208 apud
572 1121 851 1211 judices,⁷
2302 1128 2308 1133 ’

1068 1261 1129 1324 D
1145 1260 1200 1323 E
1214 1259 1266 1322 C
1281 1259 1336 1322 L
1351 1261 1405 1322 A
1418 1259 1493 1323 M
1506 1258 1630 1322 AT
1649 1258 1676 1321 1
1692 1257 1773 1323 Ο.

465 1409 1085 1507 Circumscriptum
1128 1431 1270 1479 esse
1314 1431 1428 1477 me
1471 1405 1765 1506 probare
1799 1405 1987 1504 prius
2017 1403 2173 1478 volo
2197 1460 2217 1494 ,
2251 1431 2467 1503 quarn

366 1526 453 1597 ab
486 1527 613 1599 isto
650 1524 1280 1622 circumscriptum.
1322 1523 1572 1594 Pactus
1606 1548 1803 1594 sum:
1844 1520 1980 1593 hoc
2009 1541 2288 1622 pactum
2324 1548 2467 1593 non

328 1627 332 1634 ²
365 1664 699 1733 servatur,
726 1669 855 1714 nec
878 1661 1100 1742 potest
1126 1640 1366 1738 repeti.
1397 1639 1782 1712 Pecuniam
1809 1638 2127 1738 impendi
2149 1638 2278 1710 sub
2305 1665 2470 1738 pac-

367 1778 473 1844 to;
505 1781 734 1852 neque
753 1751 1123 1854 pecuniam
1149 1773 1450 1852 repetere
1473 1777 1792 1851 possum;
1815 1778 2042 1850 neque
2062 1750 2170 1843 id,
2191 1773 2469 1851 propter

366 1867 558 1968 quod
587 1867 937 1968 impendi,
974 1865 1243 1939 habeo:
1283 1866 1635 1968 navigavi,
1677 1866 2002 1938 laboravi.
2038 1865 2148 1938 Sic
2183 1866 2463 1939 interim

366 1986 651 2083 loquor5
676 1984 1034 2076 Quoniam
1068 1983 1600 2083 promittebatur
1624 1982 1916 2081 aliquid,
1945 1983 2076 2056 hoc
2101 1981 2288 2079 quod
2311 2010 2467 2083 pro-

367 2099 659 2171 missum
701 2121 882 2190 erat,
927 2099 1228 2197 praestari
1272 2125 1415 2170 non
1453 2119 1715 2198 potest:
1761 2097 2300 2200 circumscriptio
2337 2122 2460 2174 est.

365 2214 723 2285 Hactenus
769 2239 973 2286 causa
1016 2212 1483 2284 fundamenta
1523 2212 1895 2311 cepisset2:
1939 2213 2298 2311 sequentia
2340 2215 2461 2288 illa

365 2349 562 2419 sunt,
596 2351 672 2402 ut
704 2328 995 2429 probem
1026 2355 1141 2400 me
1171 2350 1237 2401 et
1264 2327 1353 2399 ab
1381 2326 1516 2400 hoc
1545 2327 2148 2426 circumscriptum
2181 2357 2361 2422 esse,
2392 2351 2463 2406 et

365 2441 851 2542 indignissime
877 2441 1502 2543 circumscriptum.
1535 2441 2132 2532 Animadvertitis,
2158 2443 2459 2543 judiceS‚

364 2558 697 2631 fiduciam
744 2557 1355 2658 circumscriptoris
1384 2584 1399 2628 ε
1448 2556 1627 2629 alius
1667 2556 1936 2655 rapuit,
1984 2556 2118 2629 alia
2158 2559 2455 2657 optavit3

361 2674 518 2747 ideo
547 2672 1086 2774 circumscriptio
1112 2693 1243 2745 est:
1267 2695 1496 2772 neque
1518 2673 1714 2744 enim
1732 2698 2052 2771 unquam
2074 2671 2461 2745 decurritur

361 2789 448 2861 ad
469 2790 651 2861 hanc
669 2789 896 2888 legem
913 2845 932 2878 ‚
954 2787 1090 2860 nisi
1110 2812 1333 2887 quum
1357 2807 1622 2859 rectum
1637 2786 1755 2889 jus
1775 2787 2088 2888 nequitia
2103 2787 2454 2864 exclusum

360 2922 479 2974 est.
511 2904 747 2974 Sinon
773 2899 951 2975 alius
974 2900 1344 3000 rapuisset,
1371 2928 1452 2974 ex
1477 2923 1674 3001 pacto
1695 2902 2311 3002 reprehenderem:
2333 2903 2452 2975 sed

359 3015 537 3087 nihil
555 3016 699 3089 haec
717 3015 1046 3090 cavillatio
1068 3016 1372 3115 proderit
1389 3015 1516 3088 tibi
1533 3073 1552 3106 ‚
1574 3044 1713 3113 qua
1733 3018 1995 3087 crimen
2019 3015 2092 3087 in
2116 3043 2450 3116 generum

360 3148 428 3200 et
452 3128 526 3200 in
559 3129 776 3201 filiam
800 3131 1162 3202 transfers:
1191 3155 1358 3201 nam
1384 3130 1438 3201 si
1464 3130 1865 3229 apparuerit
1888 3130 2279 3231 judicibus,
2305 3157 2451 3203 om-

359 3241 478 3316 nia
520 3263 587 3315 te
618 3242 888 3315 volente
934 3245 1114 3315 facta
1156 3268 1337 3332 esse,
1374 3242 1496 3341 qui
1539 3242 1920 3343 promisisti
1943 3274 1964 3332 ;
1998 3243 2448 3317 manifestum

357 3357 528 3449 erit,
567 3386 607 3429 a
646 3377 711 3430 te
755 3384 897 3430 esse
935 3357 1533 3458 circumscriptum
1566 3383 1732 3431 eum
1757 3413 1776 3448 ,
1816 3357 1938 3456 qui
1972 3357 2099 3429 tibi
2132 3358 2443 3432 credidit.

356 3472 572 3570 Igitur
604 3472 694 3545 ab
726 3473 920 3545 initio
954 3473 1477 3574 propensiorem
1512 3493 1580 3546 te
1612 3473 1821 3546 fuisse
1851 3472 2083 3564 diviti,
2118 3500 2261 3546 non
2301 3501 2444 3548 sus-

355 3587 746 3686 picionibus
770 3588 1026 3687 probo,
1057 3616 1200 3662 non
1229 3616 1310 3662 eo
1340 3588 1528 3689 quod
1555 3588 1883 3661 credibile
1908 3609 2027 3660 est.
2061 3589 2277 3688 Capta
2301 3590 2444 3661 filia

355 3719 474 3770 tua
490 3755 510 3790 ‚
539 3725 754 3798 quam
786 3701 1070 3800 posuisti
1103 3702 1624 3775 conditionem?
1650 3703 1799 3804 ejus
1820 3704 2132 3775 futuram
2151 3758 2171 3792 ,
2195 3703 2316 3802 qui
2345 3729 2441 3775 re·

430 3903 449 3936 ι
463 3923 475 3935 .
498 3885 842 3941 Pleu-abimus.
869 3888 1166 3953 orabimus,
1190 3889 1354 3940 Fran·
1434 3891 1651 3943 Senum.
1676 3891 1742 3942 Et
1765 3893 1835 3943 ita
1857 3889 2136 3943 AErodius:
2160 3892 2251 3960 qui
2272 3906 2438 3961 porro

351 3967 494 4017 cius:
520 3965 647 4017 nihil
667 3983 845 4034 muto,
869 3982 921 4021 et
939 3968 1063 4020 binc
1083 3969 1219 4019 forte
1239 3986 1358 4038 pos-
1434 3966 1585 4039 legit,
1609 3967 1699 4020 sed
1713 3969 1980 4039 sequentia
2001 3969 2035 4020 ἰ.
2055 3988 2094 4022 s.
2114 3997 2188 4010 -—
2204 3968 2439 4022 Decurn'-

350 4057 429 4096 set
453 4044 650 4097 firmari
670 4045 830 4100 lectio
856 4047 1000 4101 MSS.
1032 4046 1174 4118 apud
1199 4046 1351 4100 Ovid.
1435 4060 1534 4100 tur.
1570 4048 1887 4116 aecum-itur,
1915 4047 2093 4101 AErod.
2129 4075 2194 4088 -—
2225 4045 2437 4102 Recmm

350 4125 445 4195 Ep.
474 4125 593 4176 vm
608 4163 625 4192 ‚
662 4144 723 4178 αι
751 4148 763 4177 :
811 4149 832 4171 α
854 4127 907 4180 Si
943 4143 1095 4179 socer
1135 4128 1352 4199 ignavus
1417 4132 1525 4201 jus.
1542 4127 1599 4180 ld
1615 4141 1722 4195 est,
1738 4126 2145 4182 directum.Vid.
2163 4129 2241 4182 Cl.
2258 4128 2441 4184 Schul-

357 4202 554 4256 ·vidua
588 4205 850 4277 plorasset
881 4207 937 4257 in
966 4206 1103 4258 aula.
1127 4229 1151 4253 ιο
1184 4208 1352 4260 Bou.
1433 4209 1658 4278 tingium
1689 4206 1762 4259 ad
1790 4210 2043 4264 Senecam
2073 4210 2253 4264 Contr.
2287 4209 2436 4276 XVI,

423 4298 470 4333 α.
517 4283 876 4337 Fundamenta
922 4287 1141 4358 cepisset.
1191 4286 1350 4356 cepit.
1433 4303 1554 4357 pag.
1583 4302 1702 4338 221.
