3200 5117
687 565 1526 632 DECLAMATIONES.
1574 569 1983 638 CCXLVII.
2323 573 2426 637 13-

306 687 480 753 tione
516 686 755 754 tradita
788 688 1061 779 quidem
1091 688 1212 769 illi,
1246 687 1363 753 sed
1394 690 1613 754 statim
1634 691 1902 780 quidem
1927 691 2228 758 discessit
2247 710 2400 781 post

313 817 573 859 vocem:
618 794 748 861 hoc
795 794 1093 861 finitione
1133 794 1836 882 comprehendendum
1880 814 1997 862 est.
2039 799 2222 863 Uxor
2262 815 2395 875 est,

309 924 446 991 quae
472 903 719 968 femina
740 906 883 968 viro
901 904 1151 991 nuptiis
1171 902 1489 968 collocata
1514 903 1583 966 in
1611 904 1987 969 societatem
2008 908 2161 972 vitaz·
2180 906 2394 971 venit:

313 1022 444 1070 tum
468 1031 599 1073 non
627 1024 731 1073 est
752 1007 985 1073 tradita
1008 1029 1046 1071 ¹.
1091 1008 1207 1072 Illa
1232 1007 1395 1098 quid
1419 1007 1623 1072 dicit?
1658 1031 1823 1074 uxor
1861 1025 1959 1074 est
1975 1060 1992 1089 ,
2029 1011 2218 1102 cujus
2242 1033 2397 1076 cum

311 1113 441 1178 viro
482 1115 979 1180 matrimonium
1023 1114 1307 1178 factum²
1355 1130 1474 1179 est.
1521 1115 1676 1177 Pars
1722 1113 1978 1180 diversa
2024 1115 2150 1183 hoc
2193 1116 2396 1199 dicit;

312 1218 509 1286 finitio
534 1223 805 1287 interim
832 1219 1076 1287 dicitur
1101 1221 1294 1302 falsa,
1324 1222 1591 1287 interim
1616 1243 1855 1308 parum
1878 1223 2094 1311 plena.
2125 1226 2254 1289 Nos
2278 1246 2396 1290 ne-

311 1349 429 1413 que
469 1327 704 1393 falsam
745 1350 1097 1416 possumus
1140 1327 1361 1393 dicere
1405 1327 1612 1415 partis
1655 1326 1949 1393 adversae
1991 1326 2397 1409 finitionem,

308 1454 515 1521 neque
541 1455 781 1520 parum
812 1433 1109 1522 plenam:
1146 1455 1270 1498 nec
1305 1449 1439 1497 tam
1472 1432 1543 1495 in
1575 1431 2021 1497 subvertenda
2054 1455 2132 1497 ea
2158 1434 2401 1498 morari

302 1538 651 1620 debemus,
680 1563 877 1630 quam
917 1540 983 1604 in
1015 1538 1469 1605 confirmanda
1505 1555 1746 1604 nostra.
1788 1540 1882 1605 Sit
1922 1563 2119 1629 ergO‚
2156 1557 2232 1604 ut
2265 1531 2401 1605 non

296 1644 773 1710 infirmandum
800 1646 1116 1711 finitionis
1143 1667 1384 1734 genus»,
1412 1645 1499 1708 ita
1521 1643 1606 1708 ad
1635 1644 2173 1710 convincendum
2203 1645 2397 1710 nimis

295 1751 589 1838 plenum.
636 1757 790 1818 Non
832 1776 1186 1841 possumus
1225 1752 1403 1815 enim
1441 1750 1694 1831 dicere,
1736 1754 1863 1831 Ea,
1911 1775 2056 1842 quae
2089 1752 2232 1818 viro
2274 1776 2396 1842 per

295 1860 547 1947 nuptias
596 1858 836 1924 tradita
870 1859 938 1921 in
969 1859 1352 1922 societatem
1385 1858 1532 1921 vitae
1562 1859 1780 1937 venit,
1818 1857 1933 1923 sed
1969 1883 2104 1923 non
2137 1876 2395 1924 tantum

296 1960 421 2028 haec
448 1987 657 2043 uxor,
692 1964 863 2028 sicut
890 1985 1029 2027 non
1062 1984 1449 2050 negaremus
1479 1985 1752 2028 uxorem
1771 2014 1785 2042 ,
1822 1964 1876 2029 si
1909 1964 1997 2029 ita
2028 1964 2391 2029 finiremus.

298 2069 467 2135 Uxor
510 2085 657 2146 est,
695 2090 845 2157 quae
873 2089 995 2156 per
1024 2068 1283 2156 nuptias
1310 2090 1346 2131 a
1378 2068 1758 2156 parentibus
1791 2070 1862 2134 in
1894 2072 2393 2135 matrimonium

292 2178 527 2244 tradita
581 2177 653 2241 in
694 2177 1006 2260 societate
1041 2176 1264 2251 mthis
1300 2177 1490 2241 annis
1528 2176 1673 2240 fuit.
1714 2177 1915 2260 Illud,
1955 2179 2394 2269 aparentibus

297 2283 520 2349 tradita
543 2333 568 2362 ‚
602 2306 738 2348 non
770 2281 1213 2347 necessarium
1244 2281 1313 2345 in
1347 2279 1652 2347 finitione
1685 2285 1908 2348 uxoris
1940 2285 2042 2348 sit.
2080 2287 2210 2350 Ista
2235 2285 2398 2351 falsa

298 2391 569 2478 quidem
596 2411 732 2453 non
755 2403 934 2467 sunt,
958 2386 1075 2452 sed
1095 2387 1432 2477 plerisque
1455 2386 1802 2466 dett-acm,
1830 2389 1956 2454 erit
1972 2388 2188 2454 adhuc
2207 2414 2390 2456 uxor.

296 2497 651 2586 Fingamus
698 2495 875 2559 enim
916 2495 1119 2559 factas
1166 2517 1308 2560 esse
1354 2494 1657 2582 nuptias,
1709 2511 2132 2560 consecutam
2178 2496 2392 2582 statim

298 2602 564 2668 alterius
604 2617 925 2665 mortem:
963 2603 1086 2664 erit
1118 2600 1419 2689 profecto
1451 2623 1637 2678 uxor,
1665 2601 1864 2665 etiam
1898 2616 1964 2665 te
1997 2600 2389 2679 confitente,

300 2710 528 2775 tradita
546 2760 565 2791 ‚
598 2710 652 2774 si
687 2711 756 2773 in
787 2709 1100 2774 societate
1124 2710 1274 2774 vitae
1299 2732 1435 2773 non
1460 2708 1677 2772 fuerit.
1708 2708 2062 2792 Quomodo
2089 2732 2248 2798 ergo
2273 2710 2394 2775 ista

305 2819 564 2880 societas
598 2817 740 2882 vitoe
760 2808 1027 2903 'adjecta
1060 2835 1196 2877 non
1230 2812 1504 2902 quidem
1531 2813 1869 2886 mentitur,
1900 2811 2018 2877 sed
2044 2813 2249 2879 afficit
2277 2838 2389 2881 ne-

299 2917 727 2986 cessarium3:
755 2921 845 2984 ita
867 2918 1034 2983 illud
1063 2939 1364 3008 quoque,
1391 2920 1620 3008 nuptiis
1649 2917 1977 3000 collocata,
2005 2917 2209 2984 efficit
2232 2944 2391 2986 uxo-

298 3045 472 3089 rem:
512 3023 631 3089 sed
664 3048 799 3089 non
833 3022 963 3089 hoc
1002 3022 1420 3089 solummodo
1455 3023 1597 3088 erit.
1630 3024 1982 3113 Fingamus
2009 3024 2188 3088 enim
2222 3048 2392 3114 nup-

301 3130 417 3195 tias
441 3131 721 3221 quidem
745 3131 981 3195 fecisse
1008 3129 1252 3214 nullas,
1285 3131 1495 3196 coisse
1528 3146 1750 3195 autem
1775 3130 2139 3196 liberorum
2166 3153 2393 3196 crean-

309 3231 538 3299 dorum
575 3238 810 3325 gratia:
844 3259 983 3302 non
1015 3255 1237 3301 tamen
1269 3258 1436 3301 uxor
1468 3259 1607 3300 non
1633 3238 1789 3314 erit,
1821 3236 2120 3325 quamvis
2145 3240 2393 3327 nuptiis

309 3361 445 3403 non
482 3341 565 3404 sit
603 3342 937 3408 collocata.
967 3342 1330 3406 Videamus
1369 3341 1588 3430 igitur,
1624 3342 1677 3407 si
1717 3342 1839 3406 ista
1876 3363 2280 3430 supervacua
2324 3362 2400 3410 et

304 3444 700 3509 circumfusa
722 3462 905 3527 sunt;
938 3444 1151 3509 finitio
1176 3443 1330 3509 huic
1358 3444 1611 3510 nomini
1642 3443 1919 3510 sufficit:
1957 3467 2177 3536 neque
2207 3448 2387 3514 enim

302 3547 433 3615 hoc
456 3550 702 3614 intueri
727 3549 1008 3630 dehetiS,
1035 3549 1198 3640 quid
1223 3548 1421 3631 desit,
1453 3549 1568 3615 sed
1597 3550 1760 3641 quid
1786 3552 1936 3616 satis
1959 3549 2106 3617 sitlt.

983 3745 1686 3812 DECLAMATIO.

399 3893 550 3965 Dixi
578 3921 863 3967 uxorem
899 3919 1073 3982 esse,
1105 3891 1215 3991 cuj
1236 3918 1315 3964 us
1350 3916 1514 3963 cum
1537 3889 1684 3961 viro
1710 3887 2241 3960 matrimonium
2273 3887 2401 3959 fac-

380 4041 565 4093 1.Tum
603 4062 710 4095 non
748 4053 821 4096 est
853 4043 1060 4095 tradita.
1094 4039 1176 4091 Tu
1204 4058 1311 4093 non
1466 4037 1516 4089 3.
1558 4035 1661 4090 Sed
1697 4030 1886 4107 afficit.
1930 4033 2031 4087 Sed
2067 4033 2259 4107 adjicit.
2296 4033 2391 4087 Ed.

296 4142 347 4177 es
377 4125 592 4192 tradita,
617 4143 682 4176 ex
704 4124 814 4175 MS.
841 4124 1093 4176 Latinius.
1392 4115 1524 4169 Pith.
1551 4114 1638 4169 sed
1664 4133 1760 4166 nec
1777 4113 1986 4187 adiicit,
2021 4109 2391 4185 Schultingius.

372 4219 418 4253 2.
440 4202 605 4267 Uxor,
620 4204 766 4274 cujus
784 4203 889 4254 viro
905 4199 1302 4253 matrimonium
1388 4196 1670 4260 Francius,
1695 4192 1782 4246 sed
1801 4189 1981 4264 efficit.

298 4281 516 4346 factum.
541 4285 685 4354 Lego
705 4305 716 4333 :
737 4296 947 4354 pactum
976 4293 1063 4334 est.
1084 4279 1247 4331 Gaea.
1456 4276 1507 4342 4.
1524 4276 1619 4329 Sit.
1634 4276 1808 4327 Burm.
1826 4284 1917 4325 est.-
1935 4290 2033 4325 nos
2043 4287 2165 4322 cum
2181 4270 2389 4342 Bipst‘t.
