3200 5117
805 540 1642 608 DECLAMATIONES.
1691 544 2066 613 CCLXXI.
2363 573 2476 636 117

1092 711 1124 746 S

1174 808 2484 837 mmmmwva-WWQU

1190 1013 1688 1108 chxxL

834 1253 967 1323 Ter
969 1252 1181 1349 fortis
1212 1266 1450 1324 contra
1484 1256 1755 1323 tertium
1766 1254 2054 1351 fortem.

400 1454 650 1535 Pauper
671 1465 731 1512 et
752 1452 919 1513 dives
943 1452 1178 1513 inimici
1201 1464 1396 1513 erant.
1426 1452 1691 1536 Pauperi
1716 1473 1878 1513 unus
1901 1452 2101 1514 filius:
2136 1454 2310 1516 diviti
2333 1469 2486 1517 tres:

482 1550 726 1611 fortiter
742 1563 1200 1634 pugnaverunt.
1221 1551 1514 1632 Pauperis
1533 1547 1697 1609 filius
1709 1594 1727 1624 ,
1743 1562 1808 1609 et
1826 1571 1988 1612 unus
2001 1572 2073 1610 ex
2087 1551 2295 1613 divitis
2315 1552 2487 1630 filiis,

484 1671 519 1710 e
550 1648 685 1731 lege
720 1649 909 1711 fortes
948 1652 1134 1709 armis
1170 1648 1654 1709 contenderunt:
1688 1650 1920 1710 occisus
1947 1665 2037 1711 est
2069 1650 2273 1712 divitis
2303 1650 2486 1714 filius.

484 1748 714 1809 Iterum
740 1748 894 1809 alter
915 1748 1126 1808 divitis
1148 1746 1316 1807 filius
1339 1768 1482 1808 cum
1504 1746 1638 1807 filio
1664 1750 1946 1832 pauperis
1970 1750 2212 1811 fortiter
2232 1749 2404 1826 fecit3
2430 1766 2491 1813 et

481 1842 561 1904 de
584 1843 1195 1926 praemio'dimicans,
1218 1845 1450 1904 occisus
1472 1858 1576 1904 est.
1594 1845 1799 1906 Tertio
1823 1845 1989 1907 bello
2011 1868 2260 1930 quoque
2281 1850 2359 1925 is,
2379 1851 2489 1931 qui

486 1941 765 2002 residuus
785 1952 918 1999 erat
935 1939 1144 2000 divitis
1158 1938 1350 2016 filius,
1366 1939 1603 2002 fortiter
1622 1942 1795 2016 fecit3
1814 1956 1876 2003 et
1896 1943 2060 2005 idem
2081 1943 2184 2005 ille
2203 1947 2490 2026 pauperis

485 2036 675 2099 filius.
698 2039 881 2099 Dives
899 2035 1186 2120 prohibet
1201 2036 1402 2098 filium
1420 2060 1724 2120 pugnare:
1743 2061 1873 2102 non
1894 2055 2209 2123 parentem
2223 2040 2487 2103 abdicat.

1270 2193 1656 2312 SERMoj

498 2405 715 2470 Prima
735 2419 752 2446 ¹
786 2404 895 2471 illa
921 2406 1296 2473 communis
1315 2407 1626 2474 omnibus
1646 2409 1789 2473 fere
1809 2430 1888 2473 ex
1905 2406 2320 2473 abdicatione
2337 2433 2496 2499 pen-

408 2510 719 2578 dentibus
750 2513 1217 2578 controversiis
1246 2513 1558 2603 quaestio,
1594 2536 1680 2578 an
1713 2513 1947 2604 utique
1982 2535 2253 2580 necesse
2292 2514 2377 2579 sit
2403 2515 2497 2579 fa-

409 2640 560 2684 cere
596 2616 771 2699 filio,
806 2616 1137 2708 quidquid
1176 2635 1366 2705 pater
1397 2618 1707 2709 jusserit:
1747 2618 1832 2682 in·
1858 2617 1940 2684 iis
1975 2634 2196 2683 tamen
2232 2635 2495 2685 contro·

408 2724 671 2806 vel-siis,
704 2723 946 2814 quibus
971 2722 1057 2789 de
1081 2724 1392 2811 praesenti
1414 2725 1650 2813 agitur,
1679 2746 1817 2791 non
1842 2722 1927 2790 de
1954 2726 2312 2813 praeteritO.
2345 2727 2496 2790 Duo

412 2831 587 2895 enim
608 2853 851 2920 genera
870 2830 1048 2896 scitis
1069 2852 1210 2896 esse
1229 2829 1723 2896 abdicationum
1735 2849 1757 2874 ¹
1773 2854 1791 2911 ;
1810 2847 1924 2895 aut
1943 2829 2271 2921 objicitur,
2291 2852 2493 2920 quare

410 2936 644 3002 fecerit
678 2936 853 3003 filius
883 2935 1174 3026 aliquid:
1206 2953 1322 3002 aut
1357 2936 1696 3027 objicitur,
1734 2959 1938 3026 quare
1965 2959 2102 3001 non
2140 2935 2351 3001 faciat.
2382 2940 2495 3002 As·

413 3045 634 3131 petius
659 3059 760 3110 est
781 3043 948 3110 illud
977 3066 1186 3133 genus
1208 3042 1734 3124 abdicationum,
1763 3044 1832 3108 in
1860 3067 1995 3133 quo
2015 3043 2151 3134 jam
2182 3042 2499 3132 praeteriit

419 3152 664 3216 crimen
683 3203 701 3233 ,
725 3174 849 3218 nec
877 3149 1412 3217 emendationem
1437 3152 1693 3242 recipit.
1727 3151 1806 3213 In
1833 3149 1964 3215 hoc
1989 3150 2205 3214 lenius
2231 3172 2494 3216 versan-

422 3270 527 3319 tur
554 3273 797 3345 patres,
824 3273 891 3323 et
912 3256 1032 3323 filii
1054 3257 1281 3348 paullo
1306 3256 1611 3336 liberiuS,
1637 3255 1708 3319 in
1733 3277 1868 3345 quo
1894 3270 1995 3320 est
2018 3254 2497 3323 emendationis

416 3357 622 3428 locus.

492 3556 537 3592 ι.
564 3540 765 3595 Prima.
784 3543 921 3596 Eine
938 3562 1107 3615 usqne
1120 3542 1216 3609 ad,
1234 3544 1416 3596 Primo
1502 3563 1525 3588 ιι
1545 3553 1658 3593 tera
1669 3538 1901 3591 ‹en-imini-
1912 3538 2136 3610 perfecti
2152 3558 2164 3586 :
2180 3536 2343 3590 altera
2359 3535 2502 3590 velut

400 3618 527 3693 filio
536 3639 779 3696 pugnare
786 3623 1088 3693 permisisti,
1103 3623 1281 3676 omnia
1295 3641 1420 3674 con-
1504 3645 1525 3668 ι
1545 3619 1838 3693 pendentis.
1880 3619 1976 3673 ma
2015 3638 2222 3691 semper
2251 3635 2504 3690 asperam

414 3700 581 3752 tinuat
617 3714 672 3753 et
708 3703 942 3754 sermoni
978 3700 1230 3754 adscribit
1260 3702 1415 3753 AEro-
1503 3722 1524 3745 οι
1544 3698 1838 3751 abdicantis
1875 3700 2138 3751 actionem
2177 3694 2341 3748 habet
2362 3716 2376 3745 ι
2405 3695 2505 3745 im-

416 3775 566 3845 dius,
597 3791 651 3831 et
676 3779 802 3833 inde
827 3780 1043 3834 demum
1066 3779 1419 3834 Declamatio·
1502 3800 1525 3825 ι
1543 3776 1797 3829 mutabile
1830 3790 1910 3829 eat
1942 3776 2082 3828 enim
2118 3771 2268 3845 qnod
2303 3773 2505 3823 factum

418 3874 537 3908 nem
560 3858 792 3913 inchoat.
1502 3877 1525 3902 α
1546 3869 1642 3907 est.
1676 3856 1831 3920 Hoec,
1861 3871 1923 3905 ex
1956 3863 2108 3920 parte
2134 3847 2416 3914 blandam,
2452 3862 2506 3901 et

490 3952 538 3987 2.
558 3937 678 3990 Duo
695 3940 839 3991 enim
854 3957 1049 4016 genera
1065 3940 1202 3993 scitis
1218 3957 1321 3992 esse
1334 3939 1420 3991 ab·
1502 3959 1525 3983 κ
1545 3934 1790 3987 suadenti
1829 3931 2051 3986 similem
2080 3952 2093 3982 z
2126 3927 2326 3981 mavult
2363 3930 2504 3982 enim

415 4013 751 4069 dictationum.
783 4020 953 4072 citavi
988 4030 1143 4070 antea
1178 4018 1357 4069 locum
1389 4036 1419 4069 e
1504 4039 1527 4064 ι
1545 4029 1699 4087 pater
1730 4015 2012 4084 corrigere,
2044 4028 2207 4083 quam
2237 4009 2501 4063 abdicare.

414 4095 774 4165 Quintiliano,
801 4097 895 4150 lib.
915 4100 1036 4163 vn,
1061 4115 1180 4167 cap.
1206 4096 1420 4167 4‚§a7‚
1505 4120 1528 4146 ιι
1546 4099 1616 4149 At
1645 4115 1747 4168 pro
1778 4094 1930 4161 filiis,
1957 4095 2012 4144 in
2045 4105 2274 4163 utroque
2309 4110 2500 4163 genere

412 4175 540 4229 huic
554 4180 777 4232 omnino
801 4179 1054 4232 simiiemz
1083 4202 1104 4226 ι
1126 4176 1423 4231 Abdicatio·
1506 4202 1529 4227 ι
1549 4181 1905 4242 summissam,
1919 4188 1972 4228 et
1988 4173 2062 4227 ad
2076 4173 2506 4228 satisfaciendum

416 4273 570 4324 num,
590 4279 619 4304 ο
632 4258 837 4330 inquit,
859 4259 1040 4311 fon-mn
1064 4272 1186 4312 sunt
1201 4257 1316 4310 dnae
1330 4279 1343 4309 ι
1355 4256 1423 4311 al·
1509 4280 1531 4305 a·
1550 4259 1919 4330 compositam.
1937 4277 1960 4302 n
1989 4254 2248 4308 AEaontum
