3200 5117
723 605 1558 675 DECLAMA‘rloNEs.
1608 607 2063 675 cccxxm.
2241 566 2245 570 ’
2307 611 2432 699 309

357 724 646 822 talibus,
670 728 1107 826 praesidium:
1142 729 1503 801 oraculum
1534 730 1878 829 poposcit3
1914 731 2200 829 quaehic
2230 731 2436 829 culpa

357 861 587 912 nostra
621 841 768 913 est?
806 843 1084 942 accepit.
1109 843 1484 933 Videlicet,
1521 843 1617 915 dii
1659 843 2114 935 immortaleS,
2157 867 2255 917 ut·
2277 872 2436 944 pec-

359 955 681 1029 cantibus
717 985 987 1056 graves,
1008 1023 1012 1027 ,
1033 947 1735 1032 itasatisfacientibus
1764 958 2040 1030 faciles:
2084 960 2137 1030 si
2171 959 2435 1032 noluis-

359 1090 511 1140 sent
538 1072 924 1143 remedium
957 1070 1055 1142 illi
1086 1071 1481 1170 pestilentiae
1512 1070 1924 1160 concedere,
1959 1097 2101 1142 non
2133 1072 2434 1144 indicare

358 1204 770 1282 potuerunt:
803 1186 1060 1257 restitui
1085 1184 1349 1287 jussere
1381 1188 1661 1285 templa.
1700 1186 1974 1258 Gratias
2000 1186 2274 1284 publice
2303 1187 2441 1285 pri-

356 1299 709 1400 vatimque
730 1327 1055 1400 agamus:
1086 1300 1401 1372 dedicare
1427 1300 1556 1399 ipsi
1586 1327 1728 1371 non
1755 1300 2248 1399 permiserunt:
2278 1299 2443 1370 divi·
2472 1323 2485 1346 s

358 1439 514 1486 sum
548 1417 1024 1515 partitumque
1064 1441 1387 1514 responso
1426 1434 1558 1503 est,
1592 1413 1765 1513 quid
1793 1414 2182 1487 Alexander
2215 1415 2439 1486 facere

359 1523 676 1622 deberet,
721 1531 889 1629 quid
936 1557 1096 1603 nos„
1137 1530 1297 1621 l‘lle,
1340 1529 1529 1630 quod
1568 1529 1845 1620 debuit,
1891 1530 2058 1602 fecit
2095 1529 2437 1629 templum

359 1644 752 1743 speciosius,
781 1627 996 1745 quam
1020 1647 1266 1733 fuerat,
1297 1666 1363 1716 et
1390 1643 1643 1718 cultius
1667 1644 1989 1717 exstruxit
2003 1644 2238 1717 animo
2260 1643 2437 1741 regis

361 1757 844 1855 periclitantis:
876 1780 1100 1858 partes
1131 1778 1533 1857 supererant
1555 1786 1749 1832 meae.
1775 1761 2040 1831 Excuso
2069 1785 2183 1831 me
2210 1758 2436 1848 vobiS,

359 1869 457 1941 dii
492 1871 953 1962 immortales,
989 1874 1177 1972 quod
1205 1900 1347 1946 non
1381 1875 1655 1945 statim-¹
1691 1875 1784 1946 ad.
1813 1874 2288 1946 conditionem
2320 1874 2438 1945 de-

363 1984 724 2059 dicationis
753 1988 1004 2061 accessi
1033 2016 1047 2058 :
1087 1989 1217 2061 hoc
1248 1988 1440 2061 enim
1484 2017 1563 2061 ex
1598 2016 1922 2090 responso
1955 2010 2023 2063 et
2051 1989 2438 2062 Alexandro

360 2100 516 2172 satis
544 2123 724 2191 erat,
759 2103 946 2202 quod
977 2103 1480 2202 permittebant.
1510 2107 1659 2203 Ego
1696 2104 2439 2202 nihilominus-magna

362 2214 679 2288 mercede
719 2216 1155 2316 suscepi.hoc
1185 2217 1499 2289 officium
1528 2244 1543 2287 :
1580 2244 1823 2317 pacem
1856 2219 2177 2318 poposci,
2212 2217 2439 2317 impe÷

362 2328 574 2399 travi:
610 2330 820 2402 veluti
863 2357 979 2403 ore
1021 2329 1236 2428 ipsius
1277 2330 1387 2401 dei
1415 2331 1656 2431 'jussus
1687 2331 2037 2429 promisit,
2081 2331 2434 2429 praestitit:

359 2440 503 2514 haec
536 2465 633 2516 est
663 2445 1040 2517 criminum
1070 2471 1389 2517 meorum
1409 2502 1428 2537 ,
1454 2445 1763 2547 judices,
1797 2472 2113 2537 summa-3
2154 2465 2226 2517 et
2255 2465 2435 2516 tem-

358 2555 558 2656 plum
606 2557 952 2633 habemus.
989 2579 1056 2631 et
1097 2585 1363 2658 pacem.
1407 2558 1614 2631 Hosti
1662 2585 1868 2657 opem
1916 2558 2151 2631 tulisse
2189 2557 2383 2629 dicor
2418 2585 2433 2627 ε

360 2671 681 2747 nondum
704 2700 939 2745 causas
959 2673 1116 2744 facti
1138 2673 1279 2744 mei
1301 2671 1549 2764 reddo,
1572 2672 1893 2744 nondum
1918 2672 2253 2756 nationem
2271 2670 2440 2768 legis

362 2785 573 2885 ipsius
616 2788 1245 2862 exemia-Interim
1294 2786 1464 2884 quid
1505 2813 1624 2858 vos
1671 2786 1922 2887 putatis
1969 2813 2174 2884 opem
2218 2782 2441 2856 ferre?

362 2925 589 2998 neque
634 2902 822 2976 enirn
873 2902 943 2973 id
990 2900 1216 2973 solum
1264 2900 1592 2996 quaeritur
1637 2900 1771 2972 hac
1812 2900 2000 2999 lege,
2051 2924 2142 2970 an
2187 2898 2440 2995 aliquis

362 3012 537 3086 hosti
579 3015 910 3115 profuerit
938 3042 962 3087 ⁶.
997 3013 1221 3087 multa
1253 3013 1443 3085 enim
1490 3042 1646 3113 quae
1681 3014 1879 3087 utilia
1921 3035 2085 3086 sunt
2112 3013 2330 3103 hosti,
2362 3032 2441 3124 'et

361 3129 555 3200 inviti
596 3151 670 3203 et
707 3130 1181 3231 imprudentes
1215 3129 1546 3219 facimus3
1577 3130 1871 3228 ideoque
1900 3129 2032 3201 hoc
2064 3154 2207 3199 non
2240 3155 2437 3200 com-

361 3244 562 3345 plexa
588 3245 698 3320 lex
720 3269 855 3320 est:
882 3247 1004 3319 sed
1028 3246 1349 3317 adversus
1379 3271 1544 3316 eum
1568 3271 1638 3316 se
1666 3243 2019 3315 destrinxit
2035 3299 2054 3332 ,
2083 3243 2206 3341 qui
2228 3270 2435 3344 opem

361 3361 668 3434 tulisset:
704 3362 915 3451 illud,
963 3382 1042 3432 ut
1085 3359 1371 3459 opinor,
1414 3358 1584 3448 tale,
1633 3358 1752 3455 qui
1785 3355 2034 3429 auxilio
2071 3370 2095 3400 ²
2105 3355 2435 3455 juvisset,

436 3520 480 3554 1.
522 3504 673 3574 Quod
705 3523 811 3556 nou
846 3505 1035 3558 statim.
1074 3505 1230 3556 Forte
1267 3501 1361 3555 de·-
1438 3500 1597 3571 Quod
1613 3498 2066 3572 reliquum‚nobis
2079 3500 2435 3570 prestandum

358 3578 520 3633 lenda
541 3584 780 3653 negatio,
807 3596 896 3635 aut
920 3582 1228 3653 legendum,
1250 3601 1359 3635 non
1437 3596 1565 3637 erat.
1608 3582 1772 3634 Gnon.
1815 3610 1882 3623 —
1924 3580 2061 3651 Quid
2096 3600 2184 3635 vos
2217 3581 2435 3653 natatis.

357 3662 529 3714 statim
543 3664 725 3735 absque
738 3664 1034 3717 conditione
1046 3663 1359 3717 dedicationi
1439 3663 1577 3735 Quid
1596 3681 1685 3715 vos
1705 3680 1804 3716 esse
1821 3682 1876 3734 p.
1902 3661 2079 3715 AErod.

358 3745 557 3795 accessi.
583 3744 810 3798 Seuuu..
826 3775 889 3785 —
913 3745 1211 3799 Alexandro
1236 3746 1356 3798 satis
1506 3761 1554 3796 2.
1584 3744 1685 3815 Qui
1706 3743 1906 3796 auxilio
1913 3743 2145 3816 juvisset.
2166 3742 2284 3793 Vet.
2309 3738 2432 3791 cod.

359 3834 472 3875 emt
496 3823 634 3895 quod
660 3828 1040 3897 permittebant.
1075 3825 1317 3879 AErodius
1338 3847 1350 3875 ε
1416 3821 1661 3896 juvarit,
1686 3821 1881 3884 verbo,
1906 3833 1967 3873 ut
1987 3833 2149 3891 puto,
2172 3817 2434 3888 legitimo,

359 3901 446 3955 vel
467 3903 772 3959 Alexandri.
804 3910 873 3961 At
902 3928 1003 3980 ego
1035 3909 1088 3959 in
1117 3906 1197 3959 his
1222 3904 1355 3957 nibil
1434 3900 1580 3975 quod
1603 3903 1787 3956 novari
1808 3922 1918 3955 non
1940 3899 2142 3953 debuit.
2171 3902 2319 3950 Prrn.
2349 3897 2434 3950 sio

356 3982 468 4034 vitii
497 4002 727 4054 agnosco
744 4024 762 4052 ‚
789 3986 882 4040 sed
908 3989 961 4038 in
985 3984 1167 4038 ultimo
1191 3982 1353 4034 verbo
1433 3981 1689 4053 Ulpianus
1720 3992 1774 4031 et
1804 3978 2130 4032 Callistratus
2165 3973 2235 4028 ad
2265 3975 2434 4046 legem

357 4062 500 4129 leve,
515 4064 661 4135 quod
676 4079 848 4119 tamen
871 4067 1087 4119 omuino
1105 4062 1358 4137 impediat
1433 4064 1464 4116 J
1469 4061 1627 4114 uliam
1658 4060 1972 4129 majestatis:
2015 4079 2038 4103 οι
2056 4058 2163 4126 Qui
2192 4053 2432 4109 hostibus

359 4161 586 4198 sensum.
611 4146 957 4200 scribendum
975 4149 1138 4210 enim,
1151 4145 1360 4216 permit-
1443 4165 1468 4190 ι
1483 4141 1673 4215 populi
1692 4141 1896 4194 romani
1912 4141 2163 4192 nuncium
2174 4175 2191 4205 ‚
2209 4136 2434 4190 litteras-.-

360 4226 510 4279 tebat.
535 4229 647 4281 Diis
663 4232 776 4301 jam
795 4229 1116 4282 satisfecerat
1135 4226 1358 4280 Alexan·
1443 4246 1466 4272 ιι
1483 4243 1545 4277 ve
1569 4224 1792 4287 miserit,
1815 4224 2082 4292 signumve
2104 4217 2332 4284 dederit,
2354 4219 2432 4269 fe·-

360 4303 488 4373 der‚
524 4326 687 4378 quum
725 4307 1064 4381 permittebat
1103 4305 1355 4360 dedicari.
1442 4326 1465 4352 ι
1484 4305 1677 4358 ceritve
1716 4301 1845 4356 dolo
1884 4302 2024 4355 malo
2040 4339 2059 4370 ‚
2102 4319 2208 4373 quo
2251 4299 2433 4353 hostes
