3200 5117
767 538 892 622 492
1277 532 1370 595 M.
1417 530 1665 594 FAnn
1711 529 2340 613 Qnm‘rlmam

765 653 1020 726 amicos
1061 680 1204 724 non
1250 651 1579 752 possum?
1613 652 1915 750 denique
1948 679 2332 752 perseveras
2357 666 2376 697 ¹
2404 711 2424 744 ,
2471 654 2649 725 mori
2699 681 2858 728 non

764 796 1074 869 possum.
1111 769 1325 867 Finge
1360 769 1587 858 enim,
1623 770 1911 868 qualem
1945 789 2010 841 te
2039 768 2206 841 velis
2238 795 2416 858 esse3
2451 768 2861 842 crudelem?

764 905 830 957 et
874 885 1061 956 hunc
1099 884 1370 985 judex²
1421 883 1809 957 vindicabit
1855 912 1869 953 ε
1927 905 1998 957 et
2047 903 2325 984 propter
2368 883 2558 955 hunc
2597 884 2862 956 occidit

763 1000 1012 1072 filium.
1045 999 1177 1071 Sed
1216 998 1461 1070 melius
1492 1025 1622 1095 ego
1656 997 1743 1070 de
1771 1019 1835 1070 te
1851 997 2137 1099 judico:
2177 1018 2344 1096 puto
2372 1018 2434 1069 te
2466 998 2704 1069 omnia
2739 999 2861 1069 in-

765 1113 1127 1212 dulgenter
1160 1115 1498 1213 imperare
1530 1113 1677 1185 filio
1708 1140 1723 1185 ε
1760 1113 1962 1186 avida
1989 1133 2088 1185 est
2119 1112 2351 1212 gloriae
2387 1133 2672 1212 paterna
2704 1113 2858 1211 pie·

763 1251 901 1302 tas:
935 1250 1161 1301 nostra
1197 1228 1515 1300 tirocinia
1544 1228 1895 1301 timidiora
1926 1249 2126 1300 sunt:
2157 1226 2504 1323 numquid
2536 1227 2859 1298 offende-

762 1345 888 1434 ris,
913 1345 968 1417 si
995 1366 1061 1417 te
1088 1344 1295 1416 laudo
1313 1343 1363 1415 ³.
1392 1345 1525 1416 Sed
1550 1371 1640 1416 ne
1666 1344 1782 1417 tali
1809 1343 2100 1441 quidem
2127 1343 2300 1443 patri
2327 1369 2570 1441 parco:
2603 1369 2858 1439 quem-

763 1455 1149 1531 admodum
1175 1458 1482 1531 occidere
1504 1458 1704 1531 volo?
1731 1458 2117 1531 conducam
2145 1455 2653 1557 percussorem?
2685 1456 2854 1528 insi·

761 1572 1003 1645 diabor
1050 1572 1555 1672 peregrinanti?
1606 1572 1784 1644 nihil
1837 1573 2091 1644 horum
2143 1592 2239 1644 est
2284 1598 2299 1642 ε
2356 1597 2544 1642 meas
2598 1597 2849 1642 manus

763 1687 1092 1788 inquino‚
1124 1708 1191 1760 et
1220 1688 1316 1759 sic
1348 1714 1513 1787 paro
1535 1714 1888 1759 venenum
1906 1743 1926 1778 ,
1953 1707 2032 1758 ut
2055 1683 2576 1783 deprehendar?
2599 1705 2850 1755 secreta

760 1823 923 1876 sunt
950 1802 1451 1902 parricidarum
1481 1803 1757 1876 scelera.
1791 1806 1935 1876 Cur
1966 1829 2161 1902 ergo,
2203 1800 2465 1899 inquit,
2494 1827 2848 1872 venenum

761 1914 1108 1988 habuisti?
1137 1944 1180 1988 o
1216 1917 1536 1990 miseram
1572 1916 1949 1990 liberandae
1984 1914 2453 1988 adolescentiae
2493 1941 2667 1986 meae
2699 1941 2846 1986 sor-

762 2050 900 2102 tem
921 2087 940 2120 ,
971 2053 1041 2104 et
1064 2031 1263 2104 malis
1296 2060 1577 2131 quoque
1614 2032 1779 2132 ipsis
1807 2033 2104 2104 tristiora
2133 2029 2470 2104 remedia!
2505 2033 2849 2104 Excusan-

763 2144 936 2218 dum
966 2168 1099 2239 est,
1131 2148 1320 2246 quod
1345 2176 1433 2220 ne
1465 2148 1843 2240 diluerem,
1876 2149 2050 2220 mori
2074 2147 2424 2220 volueram
2451 2173 2468 2218 ε
2499 2167 2567 2219 et
2588 2146 2846 2217 ultimae

762 2263 1204 2360 cogitationes
1251 2247 1656 2338 revocantur
1701 2266 1787 2338 ad
1825 2265 2139 2367 judicem
2181 2292 2195 2337 ε
2242 2263 2483 2363 paullo
2526 2261 2844 2350 4minus‚

763 2402 978 2473 quam
1012 2398 1168 2475 post
1196 2378 1371 2468 fata,
1400 2406 1701 2451 arcessor
1726 2406 1901 2450 reus.
1937 2378 2071 2450 Sed
2098 2404 2185 2450 ne
2215 2376 2459 2448 fallam
2480 2397 2547 2449 te
2566 2434 2585 2465 ,
2619 2397 2840 2474 pater,

763 2491 1195 2591 respondebo
1221 2492 1447 2567 verbis
1476 2495 1771 2566 fortuna-2
1807 2520 1974 2582 rneae
1994 2550 2014 2584 ,
2051 2491 2480 2592 respondebo
2513 2492 2696 2589 quod
2723 2518 2842 2563 so-

763 2603 911 2694 leo,
954 2605 1024 2678 id
1064 2629 1201 2697 est,
1247 2635 1390 2680 non
1426 2610 1603 2681 alius
1637 2636 1828 2697 reus,
1858 2634 2075 2706 quam
2107 2608 2320 2696 filius,
2357 2606 2527 2678 mori
2561 2604 2729 2675 volo.
2762 2606 2831 2674 O

763 2742 1021 2822 quanto
1058 2724 1327 2795 facilius
1359 2725 1483 2795 tibi
1515 2725 1753 2796 mortis
1782 2750 2056 2812 causas,
2082 2750 2295 2823 quam
2325 2719 2644 2822 parricidii
2671 2717 2826 2790 red-

766 2834 966 2910 dam?
988 2835 1207 2910 immo
1232 2838 1493 2937 passim
1516 2839 1821 2940 objectas
1845 2861 1911 2912 et
1932 2837 2313 2940 publicatas
2329 2896 2349 2929 ,
2380 2856 2636 2909 tantum
2654 2832 2833 2905 ⁵non

764 3056 872 3091 rere
898 3058 1004 3091 non
1030 3041 1229 3092 advena
1256 3044 1456 3094 itennn.
1488 3043 1762 3097 AErodius:
1839 3065 2042 3118 possum
2094 3065 2214 3099 cnm
2263 3044 2694 3113 interrogatione.
2749 3040 2841 3091 En.

764 3138 869 3172 non
910 3122 983 3172 ad
1015 3139 1186 3192 preces
1223 3123 1516 3190 decan-ere,
1555 3142 1660 3176 non
1696 3125 1767 3176 ad
1916 3144 1967 3178 2.
1997 3125 2347 3197 Hunejudex.
2369 3120 2707 3194 Huncjudex
2730 3118 2845 3169 vin·

759 3218 950 3272 qenua.
973 3201 1182 3254 Scribe:
1208 3222 1385 3276 roqare
1404 3223 1510 3257 non
1528 3208 1767 3276 posnam?
1843 3203 2049 3255 dicebis.
2067 3202 2289 3254 Mitem?
2302 3213 2352 3254 er
2367 3212 2508 3271 petes
2527 3199 2668 3250 hunc
2684 3193 2847 3250 occidi

763 3282 836 3332 ad
849 3301 1022 3355 preces
1041 3284 1305 3336 decurrere
1329 3304 1434 3337 non
1456 3287 1657 3337 audeo?
1679 3287 1766 3338 ite·

766 3378 880 3412 rum
903 3362 1129 3437 allegare
1151 3383 1255 3416 non
1276 3383 1498 3437 possum.
1524 3366 1620 3416 Gn.
1637 3370 1764 3417 Hor.

766 3437 870 3492 Od.
896 3440 994 3506 111,
1017 3459 1115 3511 29,
1140 3444 1231 3514 57:
1266 3447 1424 3497 «Non
1449 3459 1530 3497 est
1556 3464 1764 3512 meum,

772 3538 795 3562 ιι
814 3517 859 3568 si
877 3519 1078 3589 mugiat
1094 3522 1282 3574 Africis
1302 3522 1473 3575 Malus
1492 3522 1765 3595 procellis,

771 3621 796 3644 a
814 3595 885 3649 ad
929 3599 1141 3651 miseras
1186 3620 1368 3672 preces
1409 3605 1713 3655 Decurrere.
1736 3627 1759 3650 n

767 3677 950 3728 Posset
966 3689 1017 3727 et
1037 3674 1165 3748 legi,
1187 3697 1291 3730 non
1310 3680 1381 3731 ad
1397 3700 1569 3753 preces
1589 3681 1766 3733 decam-

769 3775 904 3823 rere,
934 3775 1041 3808 non
1078 3758 1307 3811 accidere
1340 3761 1410 3811 ad
1437 3781 1609 3834 qenua
1630 3783 1645 3811 ε
1681 3775 1765 3828 et,

766 3836 986 3910 denique
1024 3839 1070 3890 si
1106 3857 1390 3910 perseveras
1404 3879 1420 3905 ,
1458 3843 1593 3895 mori
1629 3860 1767 3893 nunc

762 3935 982 3988 possum.
1004 3922 1073 3972 Ut
1092 3921 1145 3972 in
1166 3919 1268 3973 fine
1285 3921 1515 3973 Declam.
1545 3944 1568 3968 ιι
1589 3924 1633 3974 si
1653 3941 1768 3992 per·

774 4019 795 4040 α
818 4016 1044 4063 severas,
1063 4019 1322 4053 venenum
1347 4001 1525 4052 redde.
1545 4026 1567 4048 ιι
1593 4003 1760 4053 Bunu.

846 4092 863 4125 r
877 4114 889 4126 .
910 4078 1216 4130 Perseveras.
1240 4079 1301 4131 Sa·
1318 4097 1632 4149 perseveras,
1657 4078 1765 4131 AEr.

768 4169 819 4206 et
846 4156 1113 4209 Francius.
1143 4189 1214 4200 —
1238 4160 1381 4211 Mon*
1410 4178 1515 4212 non
1540 4178 1762 4234 posnam.

768 4237 910 4288 Hori
929 4255 1131 4308 possum
1148 4276 1165 4304 ,
1191 4239 1452 4292 AErodius.
1491 4240 1633 4292 Mori
1659 4258 1764 4293 non

1827 3282 2048 3356 filium?
2068 3282 2243 3335 AErod.

1913 3363 1962 3413 3.
1993 3364 2052 3414 Si
2079 3372 2128 3412 te
2155 3359 2332 3413 laudo.
2366 3357 2615 3412 Ostendit
2640 3357 2845 3427 egregie

1843 3457 1898 3491 se
1933 3440 2160 3492 revereri
2197 3451 2429 3509 patrem,
2469 3434 2599 3488 duan
2631 3435 2849 3501 metuit,

1843 3538 1914 3571 ne
1953 3518 2222 3572 laudando
2260 3516 2523 3570 offendat.
2556 3516 2692 3569 Vide
2727 3515 2848 3570 Cal·

1845 3619 1997 3672 purn.
2024 3598 2255 3651 Declam.
2281 3598 2444 3650 XXX.
2470 3598 2691 3650 Senum

1917 3680 1966 3746 4.
1997 3675 2186 3729 Paullo
2209 3677 2396 3729 minus.
2427 3676 2644 3729 Sueton.
2669 3673 2842 3726 Tiber.

1850 3783 1874 3808 ι
1896 3757 2218 3826 26,12Pausso
2231 3760 2402 3811 minus
2412 3776 2570 3829 quam
2585 3759 2844 3829 privatum

1852 3862 1873 3885 a·
1894 3841 2016 3908 egit.
2038 3862 2060 3885 n
2098 3837 2313 3889 Senum.
2342 3834 2478 3888 Vide
2508 3835 2582 3887 ibi
2616 3833 2841 3887 casaub.

1844 3929 1895 3969 et
1919 3936 2064 3987 supr.
2087 3916 2155 3970 ad
2172 3913 2316 3968 Decl.
2339 3915 2460 3979 ΧΠ,
2487 3914 2568 3966 18.
2595 3913 2845 3965 Banu.—

1848 3997 2026 4049 Verbis
2050 3997 2283 4067 fortuna·
2314 4011 2456 4046 meoe.
2490 3995 2608 4044 Hoc
2640 4005 2753 4056 est,
2783 4004 2842 4042 nt

1843 4076 1971 4130 dixit
1986 4080 2245 4129 Eumenes
2260 4075 2402 4148 apud
2414 4076 2551 4127 Just.
2577 4073 2713 4138 XIV,
2725 4073 2777 4139 4,
2791 4072 2843 4137 4:

1852 4181 1875 4205 ιι
1895 4160 2016 4211 Non
2041 4160 2257 4210 miseros
2278 4156 2515 4209 convicia
2539 4153 2746 4206 decent.
2768 4176 2792 4198 ι

1918 4238 1967 4292 5.
2003 4237 2228 4291 Tantum
2259 4252 2383 4292 uon.
2421 4233 2650 4285 Tantum
2683 4248 2846 4282 nunc.
