3200 5117
843 539 1682 612 DECLAMATIONES.
1732 542 1851 605 tv.
2261 544 2388 633 529

273 674 614 764 includi,
653 671 773 745 ubi
812 697 953 743 non
994 666 1397 740 erubescas?
1439 666 1695 763 dignus
1735 691 1840 752 ea,
1876 662 2250 762 parricida,
2285 663 2394 736 di-

274 817 485 892 gnus
524 816 595 862 es
636 786 869 859 videre
916 804 1180 884 patrem
1208 836 1228 871 ,
1277 782 1330 853 si
1381 801 1523 852 tam
1569 805 1772 877 grave
1806 792 1824 823 ¹
1865 799 2110 877 putas,
2159 799 2239 851 ut
2284 779 2393 851 vel

273 930 650 981 carcerem
692 900 914 975 malis.
959 897 1229 986 Debeo,
1257 895 1568 997 judiceS,
1609 893 1830 966 debeo
1866 893 2151 965 tandem
2193 920 2394 993 agere

271 1018 548 1094 mitius
585 1037 796 1116 pater,
836 1013 893 1086 si
938 1033 1078 1085 tam
1123 1011 1412 1109 graviter
1452 1007 1582 1080 sibi
1627 1008 2001 1081 damnatus
2040 1007 2397 1080 irascitur?

273 1134 639 1220 Mirabar,
673 1131 727 1201 si
763 1130 917 1228 quis
954 1148 1227 1199 tautum
1259 1123 1531 1197 sceleris
1567 1122 1887 1213 auderet,
1924 1121 2049 1221 qui
2083 1143 2396 1194 contem-

276 1275 472 1324 nere
512 1272 857 1319 carcerem
883 1258 909 1288 ²
937 1263 1203 1345 posset:
1238 1240 1451 1339 fugit,
1490 1239 1672 1328 odit,
1705 1239 2054 1329 avertitur,
2085 1260 2153 1310 et
2177 1238 2398 1311 limen

278 1362 522 1467 patris
541 1379 944 1434 exsecratur.
969 1359 1248 1454 Ignoras
1267 1356 1573 1454 profecto
1593 1375 1851 1427 sortem
1876 1348 2070 1426 tu'am
2086 1410 2105 1442 ‚
2121 1353 2179 1426 si
2199 1375 2400 1452 putas

279 1478 498 1552 aliud
520 1474 794 1575 judices
823 1471 1073 1543 debere
1103 1469 1467 1567 respicere,
1503 1494 1716 1567 quam
1746 1468 1939 1566 quod
1971 1467 2167 1539 nolis,
2200 1469 2400 1549 Hanc

283 1616 586 1667 crucem
609 1586 637 1633 ³
666 1607 924 1686 patere,
947 1584 1000 1657 si
1021 1583 1241 1683 gravis
1264 1603 1395 1655 est:
1419 1581 1610 1654 hunc
1641 1582 1863 1671 diem,
1885 1581 1941 1654 si
1959 1582 2192 1672 odisti,
2212 1582 2396 1655 vide:

287 1705 494 1782 nihil
511 1703 616 1775 illi
631 1702 951 1775 adversus
964 1721 1228 1800 patrem
1247 1700 1510 1790 liceret,
1528 1699 1656 1772 etsi
1679 1697 2016 1797 parricida
2034 1726 2179 1770 non
2203 1720 2398 1773 esset.

293 1951 365 1972 n
2213 1944 2404 1965 mm

1309 2111 1405 2185 V.

1250 2298 1462 2369 Leno.
1548 2302 1558 2314 '

301 2478 581 2537 Juvenes
625 2473 976 2557 frequenter
1017 2471 1097 2533 ad
1141 2470 1412 2554 lupanar
1453 2471 1829 2546 veniebant3
1876 2493 2071 2553 quum
2114 2470 2213 2533 his
2260 2472 2405 2535 leno

392 2571 754 2653 frequenter
792 2570 1251 2644 denunciasset‚
1293 2590 1370 2629 ne
1409 2569 1793 2643 accederent,
1832 2567 2077 2639 foveam
2122 2569 2305 2646 fecit,
2347 2585 2410 2631 et

392 2669 741 2751 complevit
791 2669 1057 2750 ignibus
1109 2666 1535 2728 Adolescentea
1580 2686 1779 2746 quum
1825 2670 2172 2743 venissent,
2218 2669 2413 2728 exusti

393 2781 562 2829 aunt.
588 2770 920 2828 Accusatur
942 2788 978 2827 a
1003 2766 1362 2848 parentibus
1386 2784 1605 2825 eorum
1628 2764 1772 2827 leno
1798 2766 1953 2827 laeeoe
1978 2766 2358 2851 reipublicae.

967 2950 1299 2996 CONTRA
1346 2948 1762 2995 LENONEM.
1790 3000 1799 3005 ‚

417 3067 897 3157 Denunciavi,
933 3069 1198 3166 inquit:
1238 3068 1336 3139 dii
1368 3067 1573 3139 boni!
1613 3089 1957 3166 quantum
1993 3097 2201 3143 ausus
2232 3071 2414 3161 4est‚

388 3219 408 3254 ι
422 3200 507 3253 .S2·
523 3212 627 3253 tam
639 3219 812 3275 grave.
828 3200 983 3266 An,si
999 3212 1102 3253 tam
1115 3217 1325 3275 qravem

317 3291 481 3355 putas
491 3300 510 3341 ,·
527 3299 714 3352 nempe
734 3292 938 3351 patrem
957 3296 1166 3351 gravem
1183 3291 1236 3331 et
1250 3280 1329 3329 in-

319 3364 498 3416 visum
524 3361 693 3414 oculis
717 3363 820 3413 tuis
842 3383 854 3412 :
883 3375 939 3413 ut
962 3379 1113 3427 mox,
1138 3361 1182 3413 si
1204 3378 1327 3434 qra-

1409 3200 1528 3251 atite
1548 3211 1714 3264 esset,
1739 3201 1837 3252 nisi
1855 3204 1947 3274 qui
1964 3216 2290 3257 contemnere
2306 3224 2416 3257 car-

1408 3298 1570 3333 cerem
1591 3293 1773 3354 posset.
1803 3284 2019 3336 Scunw.

1481 3362 1530 3415 3.
1557 3362 1712 3414 Hane
1730 3382 1946 3416 erucem.
1968 3367 2154 3432 Forte,
2176 3366 2311 3420 hanc
2334 3367 2412 3420 lu·

321 3444 401 3496 vis
424 3452 524 3508 est,
550 3457 628 3505 et,
650 3445 694 3495 si
716 3444 893 3508 odisti,
918 3441 1078 3494 scilic.
1105 3455 1325 3513 patrem.
1410 3460 1532 3494 cem.
1560 3444 1724 3496 Gnou.
1750 3446 1825 3496 Ita
1850 3463 1977 3497 crux
1998 3465 2098 3518 pro
2124 3449 2310 3518 quovis
2333 3449 2416 3501 vel

319 3524 567 3577 Juvenal.
596 3524 702 3577 Sat.
722 3526 819 3587 vl,
855 3522 981 3590 146:
1018 3546 1040 3569 ι
1059 3524 1175 3576 Jam
1202 3541 1326 3594 gra-

328 3628 353 3653 ·
371 3605 452 3654 via
484 3621 538 3654 es
568 3602 754 3663 nobis,
774 3606 886 3674 jam
914 3621 1049 3673 cepe
1079 3621 1330 3672 emunge-

304 3680 354 3733 ἰ
376 3687 481 3749 ria‚
496 3685 593 3737 exi.
613 3708 635 3731 ι·
654 3685 795 3737 Suet.
814 3687 1012 3736 Neron.
1032 3686 1158 3737 LIV:
1182 3706 1204 3730 ι
1220 3685 1329 3737 Sint

331 3786 355 3812 a
378 3763 473 3835 qui
509 3762 718 3815 tradant
750 3763 986 3816 Paridem
1023 3762 1330 3815 histrionem

330 3865 354 3891 a
374 3844 614 3893 occisum
639 3840 706 3893 ab
730 3860 821 3906 eo,
845 3843 994 3914 quasi
1012 3860 1220 3915 gravem
1242 3841 1331 3893 ad·

332 3947 357 3972 ι
375 3923 693 3984 versarium3
715 3946 737 3969 ιι
768 3941 924 3994 quem
948 3922 1082 3975 ferre
1109 3941 1213 3974 non
1240 3942 1334 3992 po-

327 4014 484 4055 terat.
499 4000 616 4052 vid.
642 4002 837 4053 Passer.
855 4001 924 4054 ad
943 4005 1097 4073 Prop.
1121 4001 1262 4072 Eleg.
1283 4004 1332 4068 1,

337 4099 384 4149 1,
413 4098 504 4147 ω,
527 4097 650 4151 pag.
679 4098 797 4133 aot.
826 4082 993 4134 Bnnu.

333 4226 338 4231 Ι
417 4177 466 4212 2.
529 4160 632 4230 Qut*
684 4170 1011 4213 contemnere
1062 4178 1333 4212 carcer-ent.

330 4236 543 4292 Omissa
568 4238 830 4310 particula
854 4238 955 4292 nisi
973 4259 989 4290 .·
1021 4256 1126 4313 qua
1154 4257 1338 4312 auper-

1411 3521 1704 3592 aupplicio‚
1727 3523 1808 3575 vel
1844 3527 2078 3577 cruciatu
2113 3542 2288 3579 amant
2319 3546 2417 3579 au-

1412 3612 1603 3652 ctores.
1617 3602 1867 3653 Omnium
1879 3607 2098 3655 maxime
2108 3605 2161 3656 id
2172 3625 2228 3657 ae
2241 3603 2419 3675 prodit

1413 3683 1466 3732 in
1487 3681 1577 3732 isso
1598 3681 1870 3750 Plautino,
1900 3707 1922 3730 ι
1943 3688 2070 3753 Quae
2092 3700 2144 3738 te
2161 3705 2291 3738 crux
2311 3686 2418 3755 agi·

1419 3781 1441 3806 ι
1463 3760 1568 3811 tat?
1589 3783 1611 3806 ι
1642 3759 1710 3812 de
1736 3780 1844 3832 quo
1868 3762 2021 3833 plura
2048 3766 2321 3835 posuimus
2350 3761 2419 3814 ad

1412 3839 1634 3907 Quintil.
1681 3839 1827 3892 Decl.
1867 3843 1912 3892 ll
1950 3844 2063 3894 init.
2104 3843 2277 3913 Atque
2316 3841 2417 3894 hoc

1414 3916 1695 3968 observato
1730 3936 1851 3969 cum
1884 3919 1996 3971 aliis
2028 3920 2336 3974 auctoribus
2366 3924 2419 3972 in

1414 3997 1753 4049 concordiam
1790 3997 1973 4052 reduci
2008 4004 2204 4072 poterit
2235 4002 2419 4054 Florus

1415 4080 1488 4145 11,
1513 4098 1561 4131 2.
1588 4081 1707 4133 Scn.
1736 4079 1923 4132 Lucem
1948 4084 2151 4153 recepit
2167 4082 2417 4135 Obrecht.

1487 4158 1538 4226 4.
1595 4163 1863 4232 Quantum
1913 4181 2064 4215 amus
2109 4176 2195 4217 est.
2248 4167 2384 4236 Lege
2407 4186 2418 4215 ε

1417 4243 1605 4315 quanti
1625 4262 1776 4298 ausus
1792 4254 1878 4298 est.
1906 4246 2021 4298 Hoc
2040 4259 2147 4312 eat,
2169 4262 2425 4318 quantun

2114 4333 2183 4399 34
