3200 5117
737 548 865 600 202
1236 528 1331 592 M.
1380 526 1633 591 FABII
1679 526 2325 610 QUINTILIANI

736 672 1082 742 monstra,
1112 651 1188 726 in
1220 652 1450 726 lucem
1475 649 1867 726 redundare
1895 650 2038 724 visa
2069 672 2254 724 sunt.
2291 649 2409 722 Dii
2441 650 2650 726 honi!
2685 663 2843 752 post*

735 767 883 842 haec
904 765 1275 867 quisquam
1294 786 1648 866 queretur,
1669 792 1792 842 cur
1810 793 1891 839 ex
1912 766 2188 840 duobus
2208 766 2569 865 parricidis
2588 791 2834 844 neuter

724 883 913 986 jacet
943 903 1307 983 tamquam
1342 902 1560 981 pater,
1593 903 1883 983 uterque
1918 903 2278 980 tamquam
2309 882 2560 956 frater?

740 1146 797 1167 W
805 1145 1183 1166 “9⁴5me

2056 1144 2834 1166 mmmmmmssssoe

1648 1326 1916 1406 CCC.

1138 1557 1937 1660 Adultera-apudfilium
1951 1558 2262 1660 judicem
2291 1586 2428 1634 rea.

739 1747 918 1830 Apud
937 1768 1327 1810 communem
1351 1725 1550 1811 filiurn
1563 1747 1869 1830 judicem,
1888 1769 2059 1810 ream
2074 1749 2360 1810 adulterii
2377 1748 2523 1810 fecit
2537 1761 2552 1791 ¹
2576 1749 2833 1809 maritus

814 1869 1106 1909 uxorem:
1134 1864 1395 1911 matrem
1422 1848 1690 1910 absolvit
1713 1848 2081 1910 adolescens.
2106 1851 2288 1910 Pater
2309 1847 2596 1909 eamdem
2615 1847 2837 1909 detulit

814 1948 883 2008 in
900 1944 1210 2030 judicium
1233 1948 1587 2031 publicum,
1613 1961 1675 2012 et
1697 1948 2050 2010 damnavi&
2077 1944 2329 2010 abdicat
2351 1945 2576 2010 filium.

1604 2126 1970 2194 SERMO.

828 2275 928 2342 De
955 2276 1272 2343 anteactis
1302 2275 1714 2367 temporibus
1749 2300 1885 2344 non
1921 2291 2176 2341 tantum
2201 2290 2329 2360 est,
2365 2272 2547 2364 quod
2579 2272 2838 2342 adoles-

738 2381 916 2448 centi
938 2380 1104 2448 nihil
1135 2381 1464 2475 objicitur,
1499 2382 1616 2451 sed
1652 2384 1850 2452 etiam
1879 2379 2103 2474 quod²
2140 2382 2438 2470 proxime
2461 2379 2670 2471 judex
2700 2379 2838 2469 pla-

742 2486 880 2552 cuit
914 2489 1105 2576 patri.
1142 2492 1440 2574 Quorum
1474 2492 1641 2555 ratio
1680 2513 1890 2580 quum
1927 2504 2220 2560 constet,
2256 2503 2515 2576 poterat
2546 2509 2680 2552 non
2715 2487 2839 2550 im-

741 2593 969 2690 probi,
996 2595 1101 2662 vel
1131 2619 1267 2663 non
1292 2593 1624 2663 manifesti
1651 2595 1889 2662 erroris
1912 2595 2053 2684 peti
2076 2595 2307 2660 venia:
2338 2592 2453 2660 sed
2479 2594 2662 2684 prius
2681 2591 2837 2682 jure

741 2699 1206 2768 defendendus
1230 2719 1348 2768 est.

1441 2870 2144 2942 DECLAMATIO.

840 3017 1116 3118 Objicis
1134 3021 1547 3094 sententiam
1567 3051 1585 3109 ;
1611 3047 1759 3094 non
1780 3020 1961 3109 dico,
1976 3015 2260 3118 qualem
2278 3016 2518 3119 :judex
2536 3041 2840 3116 pronun-

745 3135 951 3210 ciavit
982 3165 998 3211 :
1032 3137 1550 3237 dispiciendum
1595 3138 1725 3212 tihi
1764 3139 2046 3211 fortasse
2083 3135 2334 3226 fuerit,
2375 3132 2463 3206 ad
2492 3159 2704 3233 quem
2728 3157 2841 3204 ve-

746 3253 958 3326 nires:
998 3253 1400 3353 diligentius
1433 3253 1824 3328 excutiendi
1858 3278 2106 3326 moreS.
2141 3247 2352 3323 Nulla
2375 3247 2606 3350 judici
2636 3246 2842 3318 liber-

747 3385 847 3439 tas
878 3390 1011 3458 est,
1045 3370 1179 3442 nisi
1203 3370 1672 3470 pronunciare
1701 3370 1896 3459 licet,
1929 3389 2169 3440 utrum
2192 3364 2510 3438 voluerit.
2533 3366 2840 3435 Fortasse

748 3485 1115 3555 erraverim
1156 3486 1229 3557 in
1261 3485 1704 3586 dispiciendis
1734 3484 1955 3557 causis
1975 3541 1993 3575 ,
2026 3481 2263 3554 minus
2297 3477 2680 3582 prudentiae
2708 3475 2841 3547 ha-

748 3596 1024 3674 buerim
1046 3599 1366 3702 juvenis:
1404 3628 1532 3700 ego
1569 3599 1753 3674 nihil
1795 3596 1988 3671 aliud
2023 3596 2277 3688 debeo,
2322 3620 2534 3693 quam
2573 3589 2787 3664 fidem
2820 3617 2836 3661 ε

652 3732 661 3740 “
748 3745 838 3789 an
881 3739 955 3790 tu
1001 3743 1082 3789 ea
1125 3716 1525 3791 conditione
1569 3715 1927 3816 litigabas,
1975 3734 2052 3786 ut
2093 3710 2557 3814 pronunciare
2602 3733 2728 3805 pro
2776 3726 2842 3778 te

749 3859 1024 3906 necesse
1062 3831 1276 3908 esset?
1313 3833 1444 3907 hoc
1488 3833 1833 3924 dicerem,
1876 3831 1933 3904 si
1976 3829 2051 3902 in
2092 3849 2540 3928 quocumque
2579 3819 2846 3924 judicio

642 3975 649 3982 ⁸
750 3949 1162 4022 sententiam
1183 3947 1523 4022 tulissem.
1546 3948 1929 4045 Aliquanto
1947 3944 2194 4018 fortius
2213 3937 2381 4028 est³‚
2397 3965 2622 4036 quum
2632 3933 2845 4037 judex

830 4118 870 4158 Ι.
893 4102 1052 4154 Reum
1063 4100 1214 4172 fecit.
1235 4104 1396 4155 Reum
1414 4102 1547 4177 egit,
1572 4098 1756 4152 AErod.
1827 4097 2258 4172 fendendus.Bip.
2276 4088 2848 4165 defendendum.En.·-

825 4196 873 4231 2·
892 4181 994 4233 Sed
1007 4182 1162 4234 etiam
1182 4182 1336 4253 quod.
1356 4182 1461 4234 Sed
1480 4199 1525 4232 e.
1551 4197 1653 4253 quo
1673 4197 1757 4253 pr.
1843 4168 2849 4234 Pmnunciavit.Pronunciavi.Scun1-r.

745 4263 786 4331 1⁰.
814 4274 904 4312 aut
927 4259 1210 4314 delendum
1235 4263 1390 4336 quod.
1416 4261 1637 4316 Senum.
1654 4262 1765 4335 ‚De·
1912 4259 1965 4310 3.
2001 4255 2291 4330 Aliquanto
2315 4250 2529 4327 fortius.
2561 4245 2852 4319 Aliquanto
