3200 5117
858 537 985 604 560
1441 540 1978 605 CALPURNII
2024 543 2369 607 FLACCI
2468 538 2481 557 “

854 684 1014 730 meo
1049 658 1316 751 dicam,
1350 687 1502 759 quie
1544 662 1716 733 tanti
1754 660 1978 734 habeo
2022 663 2280 765 perire,
2319 691 2410 735 ne
2441 664 2761 735 videam.
2802 666 2981 735 Nos-

853 772 936 843 tis
960 798 1118 862 nos,
1145 794 1366 872 patres
1399 775 1805 874 conscripti:
1843 775 2108 849 etenim
2144 776 2462 876 pluribus
2481 777 2635 849 noti
2675 802 2979 864 sumus»,

855 913 1067 984 quam
1102 909 1168 960 et
1199 911 1358 961 aetas
1402 911 1471 963 et
1506 891 1926 963 verecundia
1961 892 2285 992 postulat.
2333 896 2599 993 Raptus
2648 914 2758 966 est
2793 893 2975 964 mihi

775 1028 789 1044 ·
854 1002 1061 1075 frater
1107 1004 1420 1102 pessimis
1447 1019 1465 1049 ¹
1532 1005 1906 1078 comitibus
1950 1028 2014 1079 et
2057 1007 2381 1107 perditis:
2420 1007 2596 1080 duce
2643 1034 2976 1105 namque

854 1117 1125 1191 luxuria
1154 1141 1220 1191 et
1243 1119 1795 1219 subremigante,
1827 1148 1948 1194 seu
1979 1123 2211 1222 potius
2238 1123 2629 1197 velificante
2650 1181 2672 1214 ,
2708 1123 2976 1223 nequi-

857 1233 949 1305 tia
979 1234 1051 1305 in
1083 1235 1234 1308 illos
1259 1234 1707 1334 impudicitiae
1743 1236 2093 1336 scopuloS,
2120 1237 2355 1338 etipsa
2378 1239 2578 1310 famae
2610 1264 2769 1310 suae
2804 1264 2974 1308 nau-

853 1349 1076 1446 fragia
1106 1348 1391 1423 delatus.
1423 1350 1607 1423 Proh
1636 1352 1851 1425 deum
1881 1376 2092 1452 atque
2123 1354 2496 1426 hominum
2524 1352 2803 1426 fidem!
2839 1380 2971 1451 qua

786 1490 797 1502 ·
855 1465 929 1536 in
966 1466 1231 1539 civitate
1265 1468 1576 1566 prostitui
1611 1467 1795 1560 licet,
1827 1471 2004 1541 mori
2035 1497 2181 1543 non
2214 1470 2414 1578 licet?
2444 1497 2539 1543 an
2570 1492 2969 1567 utrumque

855 1607 1232 1679 congruere
1261 1583 1652 1656 aestimastis
1682 1583 1848 1658 huic
1873 1585 2139 1677 ordini,
2161 1608 2228 1659 et
2247 1587 2462 1659 vitam
2488 1607 2795 1686 turpem
2830 1614 2966 1685 per·

854 1696 1124 1767 mittere
1141 1711 1194 1785 ²,
1230 1717 1298 1769 et
1334 1698 1422 1769 ab
1471 1698 1759 1771 honesta
1799 1720 2020 1772 morte
2059 1700 2470 1799 prohibere?
2508 1702 2781 1773 Vivere
2832 1727 2965 1772 non

855 1810 1268 1883 sustinerem
1288 1868 1307 1900 ,
1332 1812 1386 1883 si
1413 1811 1555 1884 haec
1580 1814 1656 1885 in
1682 1840 1839 1885 mea
1869 1814 1978 1886 vel
2005 1842 2232 1887 sorore
2260 1815 2608 1889 vidissem.
2639 1815 2965 1915 Improbi

860 1923 1309 2023 flagitatores,
1342 1928 1462 2026 qui
1496 1928 1906 2002 detrimenta
1934 1929 2246 2028 pueritiae
2278 1957 2419 2004 suae
2448 1950 2713 2003 mutuo
2748 1929 2967 2002 dede·

860 2066 977 2112 001⁸
980 2068 1018 2114 Ε
1054 2065 1528 2142 compensant.

934 2245 976 2279 ι.
1000 2228 1180 2280 Frater
1193 2230 1442 2300 pessimis.
1466 2232 1661 2305 Utique
1688 2251 1720 2282 a
1745 2250 1861 2303 pes-

851 2306 1008 2381 sim'is.
1040 2307 1204 2360 Giton.
1239 2310 1450 2382 Recepit
1486 2309 1588 2361 boc
1617 2309 1860 2362 Obrech-

856 2399 968 2439 tus:
995 2400 1173 2439 verum·
1197 2406 1295 2457 ego
1317 2388 1446 2441 nihil
1471 2404 1650 2441 muto:
1678 2405 1859 2463 raptus

854 2487 910 2519 es
934 2466 1086 2534 mihi,
1105 2468 1160 2521 id
1182 2482 1288 2534 est,
1314 2489 1342 2521 a
1369 2490 1450 2523 ine
1475 2473 1639 2523 invito
1663 2470 1860 2524 disces-

747 2556 764 2569 *
855 2549 996 2611 sisti,
1033 2560 1090 2597 ut
1125 2549 1408 2599 morientes
1443 2562 1564 2600 ante
1595 2546 1739 2618 die-*m
1770 2568 1857 2600 ra-

850 2627 1097 2695 piuntur,
1128 2626 1368 2696 pessimis
1402 2639 1451 2678 te
1483 2627 1859 2681 comitantibus

855 2718 908 2755 et
939 2705 1152 2775 perditis
1185 2703 1559 2758 nebulonibus.
1596 2708 1705 2771 lta,
1737 2706 1861 2758 licet

854 2801 960 2833 non
989 2781 1144 2852 plane
1169 2782 1355 2834 eodem
1380 2802 1565 2849 sensu,
1585 2783 1738 2835 Ovid.
1762 2786 1859 2856 Ep.

853 2862 970 2911 xm
983 2899 998 2924 ‚
1013 2877 1072 2929 9:
1098 2862 1339 2930 “Raptus
1354 2878 1408 2910 es
1423 2858 1546 2910 hinc
1561 2879 1811 2931 praeceps.
1830 2886 1853 2909 η

855 2939 957 2992 Ubi
993 2953 1043 2990 et
1082 2937 1148 2990 de
1187 2941 1550 3009 navigatione,
1589 2938 1657 2991 ad
1702 2958 1859 3010 quam

852 3019 938 3071 hic
983 3018 1167 3070 alludit
1204 3019 1544 3071 declamator.
1585 3021 1752 3072 Eunu.
1788 3051 1861 3061 —

851 3099 1258 3170 Subremiqante.
1293 3096 1531 3168 Explicat
1558 3096 1859 3148 Graecorum

854 3175 1070 3228 verbum
1091 3174 1342 3243 ὑπηρετεῖν,
1364 3174 1505 3227 unde
1525 3173 1748 3243 ὖπηνηιὶ
1764 3175 1860 3225 rni-

854 3257 1002 3306 nistri
1039 3266 1090 3307 et
1126 3254 1410 3323 adjutores.
1439 3283 1514 3294 —
1542 3254 1664 3325 Ipsa
1689 3254 1861 3323 famoe

849 3351 954 3384 suoe
969 3333 1265 3408 naufnaeyia.
1283 3332 1408 3383 Tuoe
1423 3331 1721 3402 legendum.
1738 3333 1857 3384 Scu-

855 3410 957 3462 Sed
976 3424 1085 3462 tum
1106 3426 1159 3463 et
1179 3421 1355 3483 raptus
1367 3429 1418 3462 es
1431 3409 1715 3479 legendum
1731 3408 1859 3462 mihi

854 3490 1077 3542 videtur.

929 3587 976 3622 2.
1016 3571 1335 3623 Promittere.
1372 3567 1707 3639 negendam,
1740 3586 1860 3640 pen-

854 3651 1072 3702 mittere.
1098 3651 1240 3701 Prrn.
1263 3679 1333 3688 —
1352 3650 1408 3702 Si
1428 3648 1534 3701 hoec
1558 3649 1613 3700 in
1638 3666 1752 3699 mea
1778 3647 1860 3699 vel

853 3748 1020 3782 sorore
1046 3726 1292 3778 vidissem.
1319 3727 1479 3797 Quod
1503 3740 1707 3779 tantum
1736 3727 1859 3779 libi-

1938 2233 2226 2299 Quomodo
2252 2233 2526 2305 distinguit
2549 2236 2783 2289 Sueten.
2810 2240 2969 2290 Octa-

1939 2312 2025 2360 vio
2042 2348 2065 2381 ἱ,
2104 2327 2165 2380 7¹
2195 2334 2206 2362 :
2254 2335 2275 2357 ι
2296 2313 2572 2364 Infamiam
2614 2316 2968 2386 impudicitia.-

1944 2412 1966 2435 ιι
1986 2389 2233 2443 facillime
2249 2392 2512 2444 refutavit.
2531 2416 2555 2438 ι
2576 2395 2710 2445 Mox
2727 2416 2743 2446 ε
2775 2420 2800 2441 ι
2817 2398 2969 2449 circa

1945 2491 1966 2515 α
1987 2468 2232 2521 libidines
2272 2469 2439 2522 haesit.
2460 2494 2481 2517 n
2529 2471 2697 2539 Quod
2735 2477 2861 2544 jam
2902 2475 2969 2526 ab

1939 2544 2051 2597 aliis
2104 2546 2460 2599 observatum.
2504 2549 2804 2603 vocabulis
2859 2553 2970 2605 dis-

1939 2626 2206 2676 tinxerunt
2217 2660 2234 2688 ‚
2250 2644 2366 2696 quae
2380 2626 2542 2678 rebus
2557 2640 2701 2678 erant
2715 2627 2971 2699 disjunc-

1940 2707 2153 2757 tissima.
2197 2706 2530 2778 Impudicitia
2568 2710 2718 2759 etiam
2759 2708 2970 2777 gladio

1939 2784 2286 2854 puniebatur,
2320 2804 2482 2856 quam
2512 2800 2560 2837 et
2585 2785 2777 2836 doctor
2809 2804 2967 2855 gen-

1942 2862 2072 2913 tium
2092 2860 2401 2930 detestatur,
2428 2863 2644 2935 epistola
2663 2862 2731 2915 ad
2746 2864 2973 2918 Roma-

1939 2957 2066 3003 nos,
2087 2958 2202 3011 cap.
2232 2957 2251 2991 1
2265 2980 2276 2992 .
2306 2942 2576 2996 Libidines
2596 2961 2722 2995 vero
2743 2962 2871 2995 non
2894 2947 2974 2998 ita

1939 3017 2187 3087 gravibus
2210 3018 2450 3072 obnoxiae
2473 3034 2621 3073 erant
2638 3025 2853 3093 pomis,
2867 3026 2973 3075 nisi

1938 3099 1994 3149 in
2021 3099 2143 3150 viris
2161 3136 2177 3163 ‚
2208 3100 2299 3171 qui
2327 3112 2648 3171 stuprat-ent.
2672 3101 2801 3154 Vid.
2839 3106 2967 3156 lust.

1938 3176 2007 3228 de
2026 3176 2254 3249 publicis
2269 3177 2511 3249 judiciis,
2531 3182 2581 3248 S.
2604 3181 2670 3247 4,
2691 3182 2791 3233 ubi
2812 3202 2973 3255 expo-

1940 3257 2102 3323 nitur,
2127 3256 2254 3327 quid
2279 3271 2494 3308 cautum
2520 3261 2588 3310 sit
2610 3258 2735 3330 lege
2758 3260 2973 3313 Corne—

1938 3333 2007 3386 lia
2027 3332 2094 3386 de
2115 3333 2412 3387 adulteriis:
2438 3354 2599 3407 quam
2613 3336 2845 3391 Sueten.
2860 3342 2971 3392 vita

1939 3411 2153 3479 eadem,
2181 3431 2300 3485 cap.
2326 3413 2423 3479 34,
2453 3413 2627 3484 legem
2658 3413 2729 3467 de
2759 3415 2972 3469 adulte—

1938 3490 2056 3555 riis,
2088 3505 2140 3543 et
2166 3491 2234 3544 de
2257 3492 2517 3563 pudicitia
2540 3493 2761 3546 videtur
2783 3497 2973 3567 appel-

1939 3567 2101 3629 lasse;
2125 3587 2240 3639 quae
2263 3572 2525 3622 sententia
2551 3585 2631 3623 est
2652 3574 2971 3626 verisimilli-

1938 3664 2022 3698 ma
2050 3648 2347 3712 Torrentii‚
2377 3667 2539 3720 quam
2567 3649 2698 3702 loco
2730 3655 2966 3706 lustitut

1938 3730 2100 3779 citato
2131 3728 2343 3781 stabilit.
2379 3731 2601 3783 Senum.
2638 3763 2719 3773 -
2746 3736 2963 3788 Mutuo.

854 3809 989 3863 dinis
1006 3846 1023 3878 ‚
1049 3826 1211 3879 quum
1237 3806 1380 3861 istud
1407 3808 1472 3860 sit
1500 3806 1854 3880 impudicitiae.
1935 3807 2055 3860 vid.
2083 3807 2150 3859 ad
2172 3811 2384 3863 Petron.
2410 3810 2647 3864 LXXXI.
