3200 5117
752 555 887 634 4¹²
1260 553 1355 616 M.
1400 553 1653 616 FABII
1699 551 2346 634 QUINTILIANI

760 673 1120 746 demisset:
1172 673 1243 745 id
1294 675 1554 773 elegisti
1608 673 1980 745 discrimen
2034 673 2217 744 inter
2261 673 2437 745 duos
2488 673 2808 772 petitores
2833 732 2852 765 ,

760 788 949 884 qnod
979 786 1248 860 facilius
1274 807 1497 887 posset
1523 807 1837 887 praestare
1869 786 2098 859 dives:
2131 786 2461 887 deceptus
2489 814 2559 860 es
2583 788 2662 859 in
2682 789 2854 879 hoc;

759 918 924 1002 ego·
970 903 1267 994 redemi,
1309 929 1435 1002 ego
1475 903 1741 975 reduxi.
1782 902 1949 993 Quo
1988 902 2128 974 alio
2172 903 2383 975 modo
2425 904 2701 977 efficere
2733 933 2859 1004 po-

760 1017 984 1108 tuisti,
1011 1045 1097 1089 ne
1132 1017 1305 1090 mihi
1340 1017 1669 1106 nuberet,
1704 1016 1837 1087 nisi
1865 1015 2045 1088 hoc?
2077 1016 2254 1088 Dico
2284 1043 2444 1116 ergo
2473 1039 2590 1089 tua
2613 1020 2857 1091 volun-

760 1153 896 1205 tate
941 1133 1205 1205 factum
1257 1158 1443 1223 esse,
1492 1153 1571 1204 ut
1623 1132 1766 1203 filia
1814 1151 1937 1204 tua
1989 1151 2374 1231 raperetur:
2419 1132 2551 1204 hoc
2596 1133 2855 1230 quibus

760 1246 1048 1347 colligo?
1073 1248 1300 1347 rapuit
1321 1274 1508 1335 eam,
1537 1246 1830 1343 quinon
1860 1246 2159 1317 amabat.
2187 1245 2467 1317 Petierit
2487 1273 2681 1337 sane,
2708 1274 2852 1318 non

760 1365 1093 1437 redemit:
1132 1365 1263 1437 sub
1300 1363 1699 1436 conditione
1728 1361 1859 1435 hac
1894 1389 2040 1434 non
2075 1361 2387 1434 redemit.
2415 1365 2561 1435 Cur
2595 1361 2853 1434 diutius

760 1480 1029 1552 moror?
1058 1480 1234 1551 mihi
1259 1478 1490 1551 cessit:
1519 1504 1662 1549 non
1689 1497 1790 1550 est
1816 1503 2007 1575 ergo,
2034 1476 2224 1576 quod
2253 1476 2451 1548 illum
2465 1477 2853 1576 cupiditate

761 1595 1143 1694 impulsum
1178 1616 1414 1694 putes;
1444 1620 1675 1666 carere
1709 1593 1828 1664 illa
1855 1613 2152 1693 poterat:
2186 1591 2436 1692 adjicio
2473 1620 2614 1665 non
2645 1594 2848 1666 fuisse

761 1707 965 1781 illurn
1010 1731 1365 1811 rapturum
1388 1766 1407 1799 ,
1451 1707 1587 1779 nisi
1621 1733 1964 1779 securum.
1999 1705 2194 1779 Nihil
2228 1705 2476 1803 loquor
2512 1706 2598 1779 de
2641 1708 2852 1806 patria

762 1823 1149 1914 severitate,
1198 1822 1377 1895 nihil
1421 1821 1505 1894 de
1547 1820 1738 1920 lege,
1782 1848 1936 1920 quae
1979 1848 2103 1920 pro
2145 1820 2473 1921 pudicitia
2514 1822 2848 1912 minatur,

762 1964 914 2037 quae
941 1959 1234 2010 mortem
1270 1936 1669 2009 denunciat.
1701 1935 1827 2008 Ille
1852 1936 2188 2034 rapuisset
2209 1935 2518 2034 puellam
2555 1934 2672 2007 alii
2707 1938 2850 2010 des-

760 2054 1053 2127 tinatam
1070 2112 1089 2144 ,
1115 2053 1233 2126 alii
1257 2074 1523 2154 pactam
1542 2109 1560 2142 ,
1592 2051 1725 2124 nisi
1754 2051 2012 2124 fiducia
2034 2051 2180 2123 tui?
2204 2078 2348 2124 non
2378 2073 2478 2123 est
2500 2053 2847 2126 credibile.

763 2168 895 2242 Sed
921 2195 1008 2240 ne
1040 2167 1214 2241 illud
1249 2168 1535 2267 quidem
1565 2166 1895 2239 credibile
1925 2185 2061 2256 est,
2093 2166 2309 2238 filiam
2340 2168 2617 2265 nuptias
2649 2190 2850 2268 opta-

764 2305 993 2358 turam
1029 2284 1278 2375 fuisse,
1318 2284 1444 2355 nisi
1478 2304 1543 2356 te
1574 2282 1888 2372 volente,
1925 2283 2271 2382 primum,
2307 2284 2497 2381 quod
2543 2285 2614 2355 in
2656 2285 2852 2358 nulla

761 2398 1029 2497 virgine
1074 2421 1345 2472 tantum
1392 2397 1739 2488 audaciae,
1786 2419 2057 2469 tantum
2110 2397 2545 2471 confidentiae
2587 2420 2723 2491 est,
2777 2422 2854 2472 ut

763 2516 947 2616 apud
978 2516 1456 2616 magistratum
1479 2574 1498 2606 ,
1530 2536 1597 2588 et
1634 2515 1720 2586 de
1762 2540 1831 2586 re
1871 2540 2150 2586 summa
2185 2513 2438 2586 audeat
2477 2534 2708 2613 optare
2741 2517 2853 2586 in-

762 2630 1072 2702 consulto
1103 2651 1292 2729 patre
1319 2659 1333 2701 :
1372 2652 1439 2702 et
1474 2629 1596 2700 illa
1634 2629 1875 2726 utique
1908 2656 2055 2701 non
2088 2630 2390 2718 fecisset3
2423 2648 2487 2700 et
2513 2654 2843 2700 noveram

762 2744 1109 2844 puellam,
1148 2765 1215 2817 et
1256 2745 1542 2844 propius
1580 2745 1653 2815 in
1697 2743 1942 2817 itinere
1986 2745 2303 2843 cognovi.
2345 2742 2617 2842 Adjice,
2645 2742 2843 2838 quod

762 2886 1129 2959 nunquam
1160 2881 1299 2932 tam
1329 2861 1595 2957 ingrata
1615 2861 1853 2932 fuisset
1876 2859 2146 2959 puella,
2172 2880 2251 2931 ut
2281 2858 2554 2958 nuptias
2579 2877 2850 2956 optaret

764 2974 948 3073 ejus,
987 3002 1028 3047 a
1067 3001 1207 3074 quo
1250 3001 1394 3046 non
1438 2994 1587 3045 erat
1629 2974 2026 3073 redempta3
2069 2972 2490 3071 relinqueret
2512 2972 2696 3075 ejus»,
2734 2972 2849 3044 cui

761 3086 1058 3161 debebat
1077 3090 1458 3162 libertatem
1475 3147 1494 3182 ,
1520 3089 1634 3161 cui
1656 3089 1974 3162 salutem.
1997 3090 2150 3160 Hoc
2175 3089 2361 3177 dico,
2390 3109 2632 3187 praeter
2652 3087 2849 3160 illum

764 3200 1035 3303 injuria:
1076 3205 1385 3278 dolorem
1411 3262 1429 3294 ,
1472 3231 1697 3302 quum
1742 3202 1814 3275 id
1851 3230 2169 3303 perpessa
2209 3223 2384 3275 esset
2429 3202 2500 3273 in
2545 3201 2847 3291 civitate,

765 3320 953 3414 quod
986 3348 1127 3392 non
1163 3322 1340 3393 inter
1367 3320 1701 3410 latrones,
1736 3347 1875 3391 non
1912 3319 2087 3391 inter
2118 3320 2442 3391 barbaros
2476 3317 2669 3391 illos:
2708 3344 2848 3389 non

765 3454 896 3522 est,
930 3455 1008 3504 ut
1038 3433 1211 3525 dixi,
1247 3435 1614 3525 credibile,
1653 3456 1735 3506 ut
1772 3455 1892 3505 aut
1929 3433 2231 3532 rapuerit
2267 3432 2384 3504 ille
2417 3432 2567 3504 sine
2600 3430 2854 3503 fiducia

764 3566 882 3619 tua
898 3559 951 3635 ²,
983 3548 1103 3645 qui
1132 3576 1275 3621 non
1305 3550 1618 3638 amabat,
1649 3549 1771 3648 qui
1797 3548 2187 3646 plurimum
2216 3548 2457 3619 timere
2487 3548 2848 3634 debuerat;

764 3683 884 3735 aut
912 3663 1056 3736 haec
1080 3665 1408 3764 optaverit
1433 3667 1581 3737 sine
1606 3664 2004 3736 auctoritate
2034 3684 2184 3752 tua,
2220 3684 2286 3735 et
2312 3662 2576 3761 puella,
2607 3683 2675 3734 et
2696 3688 2850 3734 con-

761 3799 863 3851 tra
906 3807 1110 3869 eum,
1141 3782 1261 3881 qui
1307 3781 1391 3852 de
1435 3782 1550 3853 illa
1592 3781 1850 3880 optime
1893 3780 2323 3869 merebatur,
2362 3801 2427 3850 et
2470 3806 2593 3878 pro
2640 3806 2762 3868 eo,
2809 3804 2849 3848 a

764 3921 903 3990 quo
924 3916 991 3968 et
1005 3917 1399 3995 contempta
1418 3918 1583 3988 erat,
1602 3917 1666 3969 et
1681 3916 1891 3996 rapta.
1910 3894 2244 3967 Existimo
2261 3894 2584 3965 animum
2607 3883 2847 3963 3tuu1'n

843 4043 885 4077 t.
908 4030 1159 4100 Deceptus
1175 4031 1297 4082 est’n
1319 4029 1445 4092 hoc;
1464 4048 1598 4104 erqo.
1625 4031 1765 4082 AEro·
1843 4030 2008 4082 Giton
2034 4031 2110 4080 lta
2135 4042 2186 4079 et
2205 4026 2498 4097 Schulting.
2519 4039 2573 4077 et
2590 4023 2846 4079 Obrecht.

765 4101 913 4156 dius.
948 4107 1203 4178 Deceptus
1223 4126 1305 4173 es,
1328 4127 1390 4159 ac
1410 4127 1542 4180 eqo:
1574 4108 1765 4159 redemi
1918 4127 1964 4160 a.
1991 4109 2239 4179 Rapuerit
2266 4106 2359 4159 ille
2384 4107 2493 4159 sine
2505 4103 2713 4177 fiducia
2741 4114 2850 4154 tua.

765 4198 887 4271 eqo,
906 4182 1103 4236 reduxi.
1120 4184 1497 4237 scribendum:
1485 4187 1769 4258 ·Deceptus
1846 4190 2011 4258 Lege,
2033 4190 2142 4253 tui,
2168 4202 2228 4240 ut
2250 4187 2433 4259 paullo
2460 4199 2598 4239 ante.
2624 4186 2790 4237 Giton.

765 4274 815 4311 es
841 4259 894 4310 in
925 4260 1050 4311 hoc:
1080 4280 1174 4335 eqo
1203 4263 1425 4330 redemi,
1453 4282 1547 4337 eqo
1572 4265 1765 4318 reduxi.
1917 4267 1968 4319 3.
2000 4267 2250 4320 Extstimo
2271 4266 2510 4318 animum
2531 4261 2858 4334 mumfut'sse
