3200 5117
720 538 1558 646 DECLAMJJTIONES.
1607 539 2123 606 CCLXXXIX.
2344 541 2464 629 173·

373 668 504 741 sui.
545 669 634 741 At
664 667 860 739 enim
900 667 1103 766 petiit
1131 693 1145 735 :
1188 664 1409 764 adjice
1437 683 1764 761 praeterea
1790 664 2191 754 sanitatem,
2223 683 2289 736 et
2321 690 2467 735 non

375 805 767 882 acceperat:
806 781 927 855 sed
958 807 1048 853 ne
1074 800 1373 881 peteret,
1404 778 1836 878 deposuerat.
1867 781 2032 852 Haec
2063 780 2221 853 satis
2254 779 2469 879 plenu

376 897 689 972 defensio
722 919 928 989 esset,
963 898 1020 969 si
1057 924 1197 996 qua
1224 885 1352 996 ego
1381 894 1810 968 divinatione
1839 895 2159 994 colligere
2192 897 2467 995 potuis-

378 1039 563 1104 sem,
607 1012 848 1111 utique
890 1012 1325 1111 periturum,
1368 1009 1425 1081 si
1467 1035 1613 1082 non
1654 1008 2103 1081 reddidissem
2143 1038 2156 1080 :
2195 1010 2470 1111 decepit

378 1153 530 1218 me,
568 1126 758 1227 quod
790 1147 952 1199 ante
983 1127 1230 1199 fortius
1268 1123 1559 1197 tulerat:
1598 1148 1829 1223 neque
1871 1123 2059 1195 enim
2101 1123 2232 1197 hoc
2275 1126 2465 1216 dico,

380 1240 817 1312 redditurum
862 1267 977 1313 me
1017 1240 1265 1330 fuisse,
1304 1238 1360 1309 si
1406 1239 1795 1337 periturum
1836 1259 2101 1337 patrem
2144 1240 2464 1313 scissem:

381 1354 523 1454 opti
533 1382 645 1428 me
670 1376 891 1454 partes
914 1355 1124 1427 amici
1148 1351 1595 1427 custodissem
1614 1409 1634 1444 ,
1668 1351 1725 1423 si
1754 1379 1899 1426 non
1929 1351 2404 1427 reddidissem.

767 1614 957 1638 m

1640 1610 1952 1635 m
1963 1613 2480 1637 mmmmm

1253 1799 1609 1879 CCXC.

824 2028 1173 2102 Abdicans
1203 2030 1555 2104 reductum
1587 2032 1675 2104 ob
1687 2034 2031 2132 furorem.

386 2232 767 2294 Luxuriosus
782 2232 1099 2295 abdicatus
1110 2279 1128 2312 ,
1142 2232 1345 2295 furere
1359 2236 1563 2317 coepit.
1580 2235 1886 2297 Reductus
1900 2256 1935 2295 a
1948 2245 2123 2317 patre
2136 2279 2153 2308 ,
2178 2246 2475 2310 ¹sanatus,

1259 2331 1603 2393 abdicatur.

1036 2483 1041 2488 ’
1086 2520 1778 2588 DECLAMA'rlo.

487 2678 559 2749 Si
577 2678 894 2750 conscius
913 2677 1122 2771 mihi,
1131 2677 1434 2779 judices,
1456 2678 1669 2751 ullius
1689 2678 1909 2779 culpae
1929 2704 2150 2751 essem
2163 2737 2184 2770 ,
2204 2698 2486 2779 propter

395 2819 608 2890 quam
634 2793 883 2867 iterum
906 2793 1284 2886 abdicarer,
1307 2795 1490 2867 scitis
1512 2796 1694 2869 mihi
1723 2823 1868 2867 non
1893 2795 2190 2868 defuisse
2210 2792 2484 2866 tacendi

394 2909 882 2980 verecundiam
909 2936 924 2980 ε
953 2908 1072 2980 sed
1103 2909 1301 2983 facile
1329 2911 1463 2983 fuit
1483 2911 1676 3010 prius
1705 2909 1930 2983 silenti
1942 2938 2105 2999 um3
2135 2909 2484 3009 primum,

396 3024 585 3121 quod
611 3026 976 3124 sperabam
1010 3027 1154 3098 fore
1178 3027 1592 3100 exorabilem
1625 3049 1895 3126 patrem
1925 3058 1943 3117 3
1980 3027 2265 3117 deinde,
2295 3026 2486 3125 quod

401 3160 662 3210 certum
683 3161 823 3212 erat
839 3195 858 3229 ,
882 3161 1159 3241 propter
1182 3141 1375 3240 quod
1397 3141 1792 3214 abdicarer:
1820 3169 2012 3213 nunc
2037 3143 2350 3240 intelligo
2367 3198 2386 3231 ,
2412 3142 2486 3214 in

401 3252 657 3325 multas
686 3283 800 3328 me
843 3256 1021 3328 mitti
1059 3282 1256 3355 posse
1289 3256 1752 3355 suspiciones,
1799 3283 2023 3354 quum
2067 3255 2366 3356 expellar
2396 3256 2486 3329 ab

401 3368 663 3466 optimo
695 3393 881 3470 patre
914 3399 929 3443 ε
965 3398 1094 3444 nec
1129 3371 1304 3443 mihi
1344 3371 1486 3443 ullo
1522 3370 1734 3442 modo
1769 3391 2037 3469 poterat
2065 3371 2396 3470 ignosci2,
2433 3374 2489 3445 si

399 3482 849 3556 offendissem
888 3483 1156 3556 statim:
1195 3504 1333 3556 tota
1370 3484 1586 3583 igitur
1618 3483 1888 3556 actione
1928 3484 2058 3556 hoc
2092 3484 2271 3557 mihi
2305 3485 2491 3587 obji-

398 3596 727 3671 ciendum
761 3598 927 3690 est-²¹,
976 3599 1155 3671 nihil
1196 3627 1310 3672 me
1351 3600 1609 3671 fecisse.
1647 3601 1788 3670 Nec
1825 3599 2037 3690 mihi,
2064 3601 2371 3702 judices,
2414 3600 2489 3670 in

401 3712 640 3785 animo
682 3733 784 3786 est
827 3740 1146 3786 excusare
1177 3715 1390 3787 vitam
1425 3714 1765 3814 priorem,
1814 3741 1942 3787 nec
1988 3736 2066 3790 ut
2107 3742 2221 3787 me
2264 3715 2492 3786 dicam

401 3850 795 3924 numquam
816 3829 1115 3928 dignum
1140 3831 1347 3903 fuisse
1372 3830 1842 3920 abdicatione3
1875 3831 1995 3903 sed
2020 3850 2095 3901 ut
2113 3853 2227 3900 me
2248 3847 2494 3926 putem

403 4005 458 4045 et
475 4011 574 4046 nos
594 4012 716 4048 cum
735 3997 970 4052 editione
990 4000 1291 4072 Bipontina.
1312 4002 1406 4053 En.
1561 4017 1609 4051 2.
1639 3998 1851 4051 Poterat
1880 3997 2088 4070 ignosci.
2125 3996 2323 4049 Poterit
2353 3996 2494 4070 iquo-

480 4091 525 4126 1.
564 4077 804 4133 Senatus.
844 4083 916 4135 Et
948 4092 1188 4147 sanatus,
1222 4082 1407 4134 iterum
1486 4078 1584 4143 sci,
1602 4076 1644 4130 si
1658 4075 1868 4148 offendi
1888 4074 2042 4126 illum
2061 4075 2490 4128 statim.Scnm:r.

398 4153 518 4205 abd.
541 4156 722 4209 AErod.
738 4187 811 4200 -
831 4158 1004 4215 Ullius
1017 4158 1204 4231 culpa.
1225 4160 1408 4215 AErod.
1561 4159 1616 4210 3.
1654 4158 1772 4211 Hoc
1808 4156 1942 4208 mihi
1973 4156 2334 4229 officiendum.
2371 4159 2453 4210 An
2474 4192 2493 4222 ,
2519 4173 2526 4182 ·

400 4230 543 4290 illim
558 4232 744 4309 culpe.
1493 4239 1863 4294 obtinendum?
1887 4238 2053 4293 Βῦυί.
