3200 5117
763 538 1603 613 DECLAMATIONES.
1653 542 1977 610 CCCXL.
2301 550 2434 640 399

328 673 640 748 solveret.
663 669 929 768 Saepius
950 667 1193 740 eadem
1216 667 1507 740 dicenda
1525 687 1723 739 sunt:
1748 667 1952 740 etiam
1975 670 2430 767 gratulamur,

328 788 383 860 si
415 787 630 860 invito
658 806 724 858 te
749 785 929 857 liber
954 804 1055 854 est
1080 810 1093 853 :
1126 782 1427 856 liberum
1456 810 1596 855 esse
1627 781 1946 874 noluisti,
1980 786 2190 858 sedin
2221 788 2434 860 liber-

329 924 464 975 tate
495 928 637 974 esse
661 900 975 988 voluisti;
1011 897 1193 970 nihil
1226 898 1544 987 interest,
1580 922 1724 994 qua
1754 924 1956 969 causa
1986 899 2118 971 hoc
2149 902 2427 994 feceris,

331 1017 403 1090 id
438 1038 569 1108 est,
600 1038 681 1088 ut
709 1014 996 1115 propius
1022 1014 1110 1085 ad
1146 1015 1356 1086 verba
1392 1013 1564 1111 legis
1597 1014 1963 1104 accedam,
1996 1015 2176 1087 nihil
2217 1017 2431 1090 inter-

329 1153 465 1223 est,
501 1158 639 1228 qua
686 1156 895 1202 causa
938 1130 1013 1202 in
1061 1129 1372 1202 libertate
1413 1155 1556 1200 esse
1598 1155 1764 1200 eum
1808 1128 2122 1201 volueris.
2158 1134 2429 1208 Verum

329 1243 454 1317 ista
486 1270 731 1333 causa,
766 1270 982 1343 quam
1021 1243 1423 1340 praetendis,
1460 1243 1675 1342 digna
1707 1270 1912 1342 poena
1939 1265 2078 1316 est:
2122 1245 2431 1318 circum-

327 1362 620 1434 scribere
655 1359 1012 1458 vectigalia
1053 1359 1293 1457 populi
1328 1360 1604 1431 romani
1639 1359 1952 1450 voluisti,
1991 1362 2216 1460 specie
2252 1390 2430 1461 prae-

326 1478 559 1548 textati
587 1478 948 1574 imponere
972 1474 1348 1572 publicano
1367 1474 1666 1548 voluisti.
1694 1476 2150 1550 Postmodum
2174 1478 2430 1566 dicam,

328 1613 674 1690 quantum
733 1589 1006 1661 intersit
1061 1589 1269 1688 hujus
1325 1590 1573 1687 pueri:
1636 1590 1913 1661 interim
1978 1590 2251 1682 dicam,
2314 1587 2432 1665 tua
2498 1623 2502 1628 ·

330 1705 503 1801 quid
546 1702 876 1776 interest?
923 1702 1111 1799 quod
1160 1703 1486 1802 petieraS,
1525 1730 1673 1778 non
1712 1703 2000 1803 contigit
2037 1705 2206 1778 tibi:
2249 1720 2429 1782 ¹non

332 1821 658 1892 fefellisti.

1196 1975 1561 2044 SERMO.

424 2136 580 2199 Haec
609 2133 778 2198 circa
798 2132 948 2222 jus:
980 2132 1088 2196 illa
1108 2131 1247 2222 jam
1272 2133 1439 2198 circa
1465 2137 1864 2223 aequitatem.

1026 2324 1731 2390 DECLAMATIO.

427 2490 604 2579 Quae
651 2515 969 2587 passurus
1016 2509 1114 2560 est
1156 2487 1274 2561 hic
1316 2515 1491 2587 puer
1541 2487 1834 2562 domino
1881 2487 2228 2580 redditus,
2278 2491 2427 2565 sine

330 2604 546 2676 dubio
568 2604 920 2676 novimus:
945 2603 1145 2674 istam
1169 2600 1711 2701 negotiationem
1731 2660 1750 2693 ‚
1777 2623 1846 2674 et
1866 2603 2429 2702 frequentissima

330 2720 402 2791 in
457 2720 604 2791 foro
650 2719 967 2792 videmus
1009 2719 1282 2820 judicia
1331 2720 1583 2792 talium
1634 2719 2075 2822 injuriarum.v
2121 2723 2428 2792 Fortasse

332 2836 540 2907 etiam
568 2857 770 2908 natus
790 2857 890 2909 est
914 2836 1299 2934 ingenuus:
1332 2837 1616 2909 fortasse
1647 2859 1837 2936 rapto
1869 2865 1948 2910 ex
1972 2838 2207 2935 aliquo
2233 2837 2428 2909 litore

331 2970 720 3046 praetextam
755 2952 1031 3023 fortuna
1061 2951 1384 3023 reddidit.
1423 2950 1607 3022 Illud
1644 2972 1745 3022 est
1772 2973 2006 3023 tamen
2030 3008 2047 3042 ‚
2084 2950 2273 3049 quod
2303 2978 2428 3023 nos

331 3066 594 3162 magis²
637 3067 1066 3138 confundat:
1122 3067 1391 3139 videtur
1432 3068 1770 3164 mangoni
1824 3094 1999 3166 puer
2043 3067 2423 3165 pretiosus:

330 3180 604 3267 timuit,
639 3207 729 3253 ne
758 3210 1013 3281 magno
1043 3182 1531 3253 aestimaretur:
1566 3182 1697 3253 ista
1725 3182 1985 3280 species
2015 3180 2089 3252 in
2116 3208 2425 3278 quacun·

331 3322 469 3393 que
496 3296 820 3370 servitute
845 3297 1252 3371 miserabilis
1277 3298 1472 3368 foret.
1490 3300 1845 3395 Rogamus
1864 3323 2012 3387 VOS,
2035 3295 2094 3398 3j
2107 3297 2421 3391 udicetis,

331 3439 545 3510 quam
575 3414 795 3486 multa
820 3417 1043 3488 facere
1073 3414 1284 3513 possit
1315 3414 1639 3486 adversus
1671 3439 1969 3514 puerum
2004 3439 2259 3513 mango
2284 3415 2422 3488 ira-

329 3543 475 3616 apud
510 3546 818 3601 Ciceronem
856 3562 908 3601 et
944 3549 1089 3620 apud
1122 3562 1336 3602 nostros

323 3629 750 3698 jurisconsultos,
777 3631 961 3683 Cicero
988 3631 1055 3683 ad
1080 3633 1338 3699 Quintum

328 3705 569 3770 fratrem,
588 3720 643 3759 et
659 3709 695 3760 6
712 3707 900 3760 Pan-ad.
914 3708 1125 3780 Ulpian.
1147 3709 1181 3760 1.
1208 3725 1252 3774 ι,
1272 3709 1335 3759 ff.

328 3782 395 3835 de
428 3785 675 3855 publica,
709 3787 745 3839 Ι.
783 3800 842 3840 ut
872 3790 927 3839 in
963 3787 1338 3840 conductioni·-

327 3862 456 3929 hm,
480 3866 541 3916 ff.
564 3885 661 3936 pro
684 3868 859 3932 socio,
881 3867 914 3918 l.
937 3866 1087 3919 miles
1107 3886 1168 3918 ex
1189 3864 1335 3938 quib.

328 3959 445 3994 cau.
471 3947 627 4013 majo.
656 3944 691 3996 l.
717 3945 1151 4010 fideicommissa,
1176 3944 1220 4016 §.
1251 3948 1337 3996 in-

326 4021 535 4075 terdum
557 4021 625 4076 de
648 4024 805 4094 legat.
831 4025 920 4077 lib.
950 4027 1012 4077 11.
1040 4024 1219 4076 AEnon.

406 4118 449 4153 ι.
499 4102 651 4172 Quod
680 4104 931 4174 petieras,
970 4122 1075 4156 non
1119 4104 1340 4176 contigit

330 4180 449 4247 tibi,
472 4179 858 4253 nonfefellt'sti.
876 4183 1209 4234 Contrarium
1224 4182 1335 4234 vult

329 4257 521 4311 acerba
556 4260 745 4313 uenia.
786 4261 900 4313 Tua
937 4261 1064 4332 quid
1097 4263 1338 4314 interese?

1416 3545 1557 3620 quod
1580 3547 1834 3617 petieras,
1866 3547 2086 3620 contigit
2111 3548 2203 3599 tibi
2220 3570 2235 3598 .-
2253 3547 2424 3619 fefel-

1417 3623 1537 3680 listi.
1574 3625 1633 3678 ld
1668 3624 1894 3694 agebas,
1929 3640 1988 3677 ut
2017 3626 2288 3679 fraudares
2323 3644 2425 3697 pu·

1414 3702 1686 3755 blicauos:
1713 3703 1817 3756 hoe
1842 3705 2064 3775 contigit
2087 3706 2209 3772 tibi,
2233 3724 2326 3757 eos
2345 3705 2425 3757 fe-

1416 3781 1615 3834 fellisti.
1640 3782 1804 3836 Grion.

1490 3881 1539 3915 α.
1582 3864 1738 3934 Quod
1774 3882 1866 3916 nos
1905 3864 2086 3936 Μαρία.
2135 3863 2218 3914 An
2239 3902 2256 3928 ‚
2302 3865 2427 3916 vos?

1419 3942 1594 3993 omisit
1607 3960 1732 3994 vero
1745 3941 1992 3994 voculam
2005 3941 2144 3994 hanc
2159 3940 2422 3994 AErodius.

1487 4020 1537 4072 3.
1562 4020 1825 4092 Rogamus
1848 4038 1934 4073 vos
1950 4019 2236 4091 ,judicett's.
2261 4021 2425 4072 Fran·-

1416 4101 1527 4153 cius
1551 4100 1790 4171 legebat,
1815 4118 1927 4167 vos,
1938 4101 2423 4173 judices—Quam

1416 4181 1605 4234 multa.
1629 4183 1724 4238 Ed.
1749 4184 1861 4256 Bip.
1883 4202 1989 4256 qua
2008 4202 2076 4233 m.
2100 4201 2206 4235 uon
2227 4185 2422 4254 potiori

1416 4281 1588 4316 sensu.
