3200 5117
763 528 895 598 266
1273 528 1367 593 M.
1416 529 1668 593 FABII
1711 529 2352 614 QUINTILIANI

764 654 1087 743 deceptus
1112 670 1231 728 est.
1262 653 1356 718 Ut
1375 652 1519 724 haec
1548 655 1964 735 communia,
1997 655 2087 722 ita
2119 655 2286 726 illud
2307 655 2452 747 jam
2479 659 2862 752 proprium,

763 776 840 824 ut
867 760 924 824 si
945 759 1176 824 ullum¹
1198 756 1515 826 adversus
1532 758 1718 826 hunc
1744 758 2236 846 adolescentem
2263 760 2606 832 habuisset
2634 764 2865 834 odium

762 867 1212 957 magistratus,
1251 867 1459 956 magis
1494 868 1746 934 insania
1788 868 1929 959 ejus
1965 867 2442 936 vindicabatur.
2484 873 2627 953 Sic,
2654 896 2864 964 quum

765 974 855 1038 ita
876 977 1343 1063 praeparaverit
1369 997 1664 1056 causam,
1692 975 1924 1065 incipit
1947 975 2032 1041 de
2049 977 2202 1066 jure
2229 1000 2350 1043 suo
2373 977 2582 1070 loqui.

1462 1169 2168 1234 DECLAMATIO.

859 1330 1388 1403 MAGISTRATUS
1420 1350 1515 1401 m:
1543 1347 1907 1401 confesso
1940 1348 2188 1401 SUMAT
2221 1350 2671 1404 suppucmm.
2701 1334 2855 1404 Du-

765 1469 923 1515 rum
965 1443 1440 1516 ministerium
1484 1463 1551 1514 et
1591 1442 1978 1545 injucunda
2007 1443 2292 1517 honoris
2325 1443 2538 1546 hujus
2567 1446 2862 1518 necessi-

765 1579 865 1630 tas
907 1585 922 1628 :
978 1557 1101 1630 sed
1147 1558 1304 1657 quis
1352 1557 1582 1657 potius
1630 1556 1816 1655 leges
1869 1558 2335 1658 exsequitur2‚
2379 1580 2444 1631 et
2482 1559 2854 1634 hominum

764 1674 1169 1767 commissa,
1203 1675 1339 1747 nisi
1370 1674 1491 1773 qui
1521 1673 2036 1773 rempublicam
2069 1675 2615 1749 administravit?
2648 1703 2855 1749 nemo

762 1790 948 1862 istud
980 1792 1240 1864 faceret
1265 1788 1581 1879 libenter,
1613 1789 1752 1861 ni'si
1785 1790 2190 1863 necessitate
2219 1818 2233 1861 :
2268 1818 2430 1891 ergo
2456 1818 2604 1865 non
2632 1791 2855 1863 solum

763 1905 963 1990 licuit
992 1907 1173 1982 mihi
1209 1906 1518 1984 occidere
1554 1906 1989 1997 confessum,
2024 1906 2145 1982 sed
2179 1906 2430 2000 etiam,
2464 1909 2520 1981 si
2553 1907 2856 1997 nollem,

762 2050 1038 2096 necesse
1062 2023 1217 2100 fuit.
1230 2023 1651 2115 Videamus,
1680 2050 1777 2095 an
1801 2022 1922 2095 ille
1939 2024 2296 2098 confessus
2324 2025 2441 2134 ειίῑ.Ι
2467 2046 2674 2100 testes
2691 2052 2860 2128 prae-

762 2140 969 2213 beam
995 2141 1234 2215 vobis?
1268 2162 1415 2214 tota
1450 2140 1724 2214 civitate
1761 2139 1997 2213 audita
2021 2168 2153 2214 vox
2179 2163 2325 2216 est.
2362 2123 2456 2216 ne
2489 2144 2672 2275 ipsos
2705 2142 2862 2264 qui-

765 2256 928 2329 dem
976 2279 1397 2332 accusatores
1439 2278 1810 2356 negaturos
1854 2284 2001 2330 esse
2042 2259 2358 2351 confido,
2408 2259 2627 2360 ipsius
2658 2285 2858 2350 voce,

761 2372 982 2472 ipsius
1016 2374 1263 2474 lingua
1297 2401 1439 2448 esse
1479 2374 1785 2466 dictum,
1818 2394 1967 2447 EGO
1998 2396 2128 2465 ΤΕ,
2167 2396 2434 2465 PATER,
2464 2396 2757 2449 occml.
2798 2395 2864 2447 et

762 2515 911 2561 non
934 2490 1149 2574 semel
1184 2490 1447 2570 dictum
1464 2547 1483 2582 ,
1514 2516 1606 2562 ne
1633 2517 1829 2570 casus
1856 2487 2223 2566 videretur.
2254 2491 2346 2578 At
2372 2490 2566 2568 enim
2594 2489 2864 2564 confes-

762 2602 867 2680 sio
888 2603 1213 2682 habenda
1234 2632 1382 2680 non
1410 2626 1510 2678 est
1529 2664 1547 2697 ,
1571 2604 1712 2678 nisi
1741 2631 1893 2705 quae
1918 2633 1961 2679 a
1985 2632 2158 2684 sano
2180 2605 2679 2706 proficiscitur:
2706 2625 2853 2676 non

762 2720 990 2814 video,
1011 2749 1134 2794 eur
1152 2722 1243 2796 ad
1258 2724 1450 2808 ahane
1479 2723 2120 2823 interpretationem
2138 2723 2518 2795 deducatur
2533 2720 2634 2792 vis
2654 2716 2853 2790 istius

762 2839 990 2932 verbi,
1026 2840 1222 2937 quod
1243 2840 1395 2940 lege
1423 2840 2014 2939 comprehensum
2045 2862 2183 2914 est:
2217 2868 2345 2940 ego
2370 2840 2562 2914 enim
2593 2836 2856 2909 confes·

764 2952 1031 3026 sionem
1071 2955 1421 3045 existimo,
1464 2957 2027 3056 qualemcunque
2069 2977 2310 3030 contra
2339 2983 2411 3029 se
2439 2950 2863 3057 pronuncia-

763 3068 1026 3142 tionem
1053 3097 1070 3142 :
1101 3099 1228 3144 nec
1259 3100 1374 3144 me
1397 3073 1682 3145 scrutari
1713 3074 1821 3146 lex
1841 3072 2079 3174 jubet,
2110 3101 2251 3174 qua
2280 3073 2436 3172 quis
2466 3097 2670 3145 causa
2692 3098 2864 3145 con-

764 3185 979 3258 fessus
1021 3187 1154 3260 sit:
1202 3189 1421 3261 immo
1461 3216 1542 3261 ea
1582 3211 1831 3264 natura
1864 3211 1963 3262 est
2002 3189 2233 3262 omnis
2267 3188 2753 3279 confessioniS,
2787 3209 2864 3261 ut

767 3301 978 3400 possit
1001 3305 1220 3377 videri
1259 3305 1585 3398 demenS,
1623 3307 1746 3407 qui
1781 3304 1869 3378 de
1898 3335 1969 3380 se
2004 3307 2394 3382 confitetur.
2425 3308 2686 3377 Furore
2722 3306 2862 3378 im-

766 3417 1011 3515 pulsus
1043 3442 1183 3512 est;
1231 3422 1408 3496 alius
1450 3425 1813 3516 ebrietate,
1859 3424 2032 3496 alius
2065 3450 2334 3514 errore,
2377 3422 2559 3498 alius
2589 3419 2861 3511 dolore,

768 3531 1059 3633 quidam
1104 3540 1474 3636 quaestione
1512 3569 1527 3613 :
1574 3567 1787 3613 nemo
1829 3561 2066 3618 contra
2106 3529 2180 3616 se
2217 3539 2417 3630 dicit,
2460 3538 2594 3614 nisi
2626 3538 2861 3638 aliquo

768 3669 1073 3749 cogente.
1105 3651 1319 3741 Quod
1349 3655 1541 3728 enim
1569 3681 1790 3754 genus
1814 3655 2261 3730 confessionis
2290 3653 2599 3753 exigitis?
2631 3676 2711 3734 ut
2739 3653 2866 3730 ali-

769 3876 899 3966 tium
916 3874 1347 3934 Declamationis.
1364 3876 1587 3936 Senum·
1603 3882 1771 3938 Fran.-
1854 3881 1992 3937 teris
2022 3881 2114 3939 En.
2146 3907 2218 3919 -
2248 3879 2302 3933 V
2298 3878 2646 3936 indicabatur
2674 3877 2862 3932 Vindi-

769 3956 880 4007 cius
912 3955 1157 4023 volebat,
1190 3955 1352 4011 veluti
1383 3957 1525 4033 leqe,
1556 3957 1772 4012 consilio
1851 3958 2067 4024 cabitur,
2102 3955 2284 4010 AErod.
2320 3987 2393 3997 -
2422 3958 2508 4010 Sic
2542 3976 2720 4029 quum.
2759 3955 2861 4007 Hic

767 4032 1010 4106 deceptus
1042 4046 1151 4090 est.-
1193 4037 1339 4093 velut
1373 4037 1501 4111 legis
1528 4036 1771 4094 oonsilio.
1854 4056 2043 4109 quum,
2065 4034 2245 4092 AErod.

770 4111 937 4168 Etiam
963 4115 1145 4174 AErod.
1918 4134 1968 4172 a
1979 4116 2310 4188 &anquam
2323 4116 2668 4186 Emesam,
2677 4110 2858 4170 AEmd·

848 4205 893 4242 ι.
926 4191 1058 4248 mn·
1079 4192 1250 4252 cllum.
1276 4196 1349 4248 Ut
1368 4197 1413 4252 a·
1436 4194 1607 4252 ullam
1624 4236 1640 4262 ,
1665 4198 1774 4250 AEr.
1854 4224 1927 4235 --
1955 4196 2074 4247 Nisi
2104 4196 2413 4250 ησσοσίεαισ.
2438 4196 2692 4250 Francius
2715 4191 2862 4264 lege·

767 4270 858 4324 cui
886 4274 1227 4341 namium,
1251 4274 1654 4330 adversantibus
1679 4296 1777 4328 σε·
1856 4276 1976 4344 bat,
1997 4277 2108 4329 sine
2133 4278 2442 4330 messinae.
