3200 5117
771 539 849 620 54
1270 544 1362 606 M.
1412 543 1661 608 FABII
1708 543 2345 626 QUINTILIANI

766 664 1261 737 infelicissimis
1303 667 1438 739 illis
1474 666 1853 767 juvenibus
1895 665 2102 754 meiS,
2147 666 2514 767 praestab03
2558 693 2649 739 ne
2698 668 2855 766 quis

768 805 1010 854 eorum
1040 800 1259 853 morte
1289 780 1619 878 gaudeat,
1651 807 1737 852 ne
1773 781 1886 862 cui
1921 781 2167 880 prosit,
2204 781 2392 879 quod
2439 781 2618 854 filios
2662 808 2853 853 meos

773 892 1014 965 occidi.
1370 921 1374 925 ·

764 1151 1589 1176 §mmmmst
1594 1155 1781 1175 mm
1788 1154 2752 1178 mmm-mmmmm
2758 1154 2852 1176 m

1587 1356 2035 1433 CCLVII.

1222 1586 1502 1685 Nuptioe
1526 1589 1704 1657 inter
1729 1591 2165 1659 inimicorum
2190 1586 2393 1683 filios,

764 1791 888 1868 Qui
929 1789 1194 1850 habebat
1230 1788 1469 1867 filium,
1509 1806 1574 1851 et
1610 1790 1862 1851 divitem
1899 1792 2224 1852 inimicum
2247 1836 2263 1867 ‚
2306 1803 2517 1874 captus
2561 1812 2594 1850 a
2637 1793 2851 1874 piratis

845 1888 1081 1969 scripsit
1103 1885 1236 1948 filio
1261 1887 1336 1948 de
1360 1886 1792 1970 redemptione.
1818 1885 1927 1948 Ille
1946 1909 2141 1969 quum
2166 1889 2490 1970 pecuniam
2514 1908 2645 1946 non
2667 1886 2853 1946 habe·

846 2000 972 2059 ret,
1011 1983 1310 2045 offerente
1345 1983 1532 2043 divite
1568 1980 1765 2043 filiam
1802 2005 2010 2058 suam,
2050 1982 2225 2043 duxit
2259 2005 2396 2044 eam
2432 1985 2496 2042 in
2535 1983 2851 2043 matrimo-

845 2087 1021 2143 nium
1037 2127 1055 2157 ‚
1079 2097 1140 2143 et
1162 2083 1420 2165 pecunia
1444 2081 1699 2142 redemit
1721 2094 1977 2164 patrem.
2003 2083 2296 2143 Reversus
2325 2081 2431 2142 ille
2446 2127 2463 2156 ‚
2494 2082 2760 2164 imperat
2785 2097 2853 2140 ut

848 2180 1150 2242 dimittat:
1181 2179 1494 2242 nolentem
1517 2178 1783 2240 abdicat.

1459 2366 2152 2431 DECLAMATIO.

863 2527 938 2599 Si
974 2526 1065 2597 ab
1098 2526 1236 2598 alio
1271 2524 1668 2623 redemptus
1698 2545 1872 2597 esset
1904 2545 2129 2625 pater,
2175 2525 2406 2597 statim
2441 2545 2520 2596 ut
2551 2522 2854 2596 rediisset

769 2669 809 2713 a
839 2640 1234 2740 gravissima
1265 2641 1583 2728 fortuna,
1616 2659 1685 2711 et
1714 2638 2034 2712 abdicare
2064 2666 2179 2712 me
2214 2640 2644 2730 instituisset,
2672 2638 2851 2710 dice-

768 2782 917 2826 rem
965 2776 1231 2843 tamen‚
1283 2753 1456 2852 quid
1506 2754 1687 2827 intra
1725 2774 1867 2827 tam
1912 2754 2118 2827 breve
2163 2774 2435 2854 tempus
2486 2752 2855 2827 commisi?

769 2871 941 2969 quid
973 2892 1119 2944 tam
1153 2870 1470 2943 scelerate
1503 2897 1544 2942 a
1576 2895 1689 2943 me
1717 2872 1980 2942 factum
2015 2891 2152 2961 est,
2191 2891 2269 2942 ut
2301 2871 2403 2943 ira
2434 2872 2647 2970 patris
2676 2895 2852 2969 prae—

769 2984 1041 3059 cederet
1078 2985 1299 3084 ipsam
1342 2984 1912 3084 gratulationem?
1949 2986 2154 3056 Nunc
2188 3005 2454 3057 certum
2487 2985 2709 3054 habeo
2743 2984 2853 3054 in·

768 3101 983 3200 digna
1003 3102 1321 3199 quaedam
1348 3121 1735 3199 exspectare
1760 3128 1874 3174 vos
1897 3103 2233 3191 facinora,
2254 3128 2475 3198 quum
2489 3100 2852 3172 abdicetur

769 3213 995 3304 filius»,
1041 3215 1158 3313 qui
1205 3215 1540 3288 redemit:
1584 3235 1685 3287 est
1726 3215 1877 3287 sine
1935 3215 2155 3288 dubio
2185 3215 2366 3286 istud
2433 3241 2576 3286 non
2603 3237 2848 3285 meum

766 3329 1221 3420 beneficium,
1271 3351 1336 3402 et
1380 3355 1590 3401 omne
1624 3331 1965 3430 redempti
2009 3331 2216 3430 patris
2247 3357 2510 3404 munus
2544 3330 2634 3403 ad
2668 3357 2853 3402 soce—

770 3470 928 3514 rum
963 3443 1155 3516 redit.
1197 3446 1346 3543 Ego
1387 3465 1624 3520 tamen
1667 3446 2018 3543 navigavi:
2051 3473 2179 3543 ego
2214 3446 2598 3545 periculosa
2628 3445 2850 3517 maria

766 3558 1110 3656 ingressus
1128 3574 1346 3649 sum¹,
1373 3580 1452 3630 ut
1478 3558 1895 3631 redimerem
1917 3579 2218 3658 patrem,
2247 3560 2846 3659 quemadmodum

769 3675 999 3774 ipsum
1045 3675 1270 3747 dicere
1316 3675 1605 3754 audistis
1642 3704 1656 3748 :
1708 3679 2031 3776 quaedam
2078 3675 2286 3752 etiam
2333 3706 2475 3752 non
2526 3676 2848 3749 facienda

764 3818 1005 3889 passus
1036 3819 1217 3863 sum.
1259 3791 1434 3882 Quae
1481 3794 1544 3865 ei
1588 3794 1762 3867 ratio
1800 3794 2257 3868 abdicationis
2294 3793 2437 3866 est?
2464 3819 2606 3864 non
2646 3793 2848 3864 obse-

765 3907 992 4006 queris
1009 3921 1062 3999 ²,
1089 3909 1354 4007 inquit,
1381 3909 1584 3983 mihi.
1610 3912 1683 3984 Si
1712 3910 1844 3986 hoc
1867 3913 1957 3985 ad
1980 3911 2452 4010 abdicandum
2473 3908 2632 3982 satis
2656 3929 2845 3993 esset,

842 4102 885 4137 1.
909 4085 1166 4159 Ingressus
1185 4107 1318 4141 sum.
1338 4087 1457 4140 Vid.
1484 4087 1552 4140 ad
1573 4088 1764 4142 Decla-
1841 4091 1947 4142 Iaex
1970 4092 2110 4144 enim
2134 4102 2245 4154 est,
2267 4088 2441 4140 minus
2462 4087 2601 4140 dieto
2625 4084 2845 4138 audien-

764 4167 1049 4219 mationem
1072 4170 1171 4235 vl,
1199 4186 1281 4221 2¹.
1845 4179 1946 4219 tem
1956 4166 2142 4240 filium
2166 4167 2325 4220 liceat
2345 4166 2599 4218 abdicare.
2625 4158 2842 4232 Quintil.

837 4262 882 4296 2.
908 4245 1033 4297 Non
1055 4248 1359 4319 obsequeris,
1387 4249 1587 4321 inquit,
1613 4248 1761 4303 mihi.
1843 4251 2011 4303 Instit.
2029 4252 2173 4304 Orat.
2202 4247 2410 4315 lib.vu,
2433 4267 2478 4299 c.
2506 4264 2552 4314 t,
2578 4244 2621 4320 §.
2643 4262 2728 4308 αι,
2748 4241 2840 4296 sed
