3200 5117
788 521 915 602 416

1290 522 1384 588 Μ.
1431 522 1682 587 FABu
1729 521 2369 603 QmN'rtLlAm

784 643 938 743 lege
955 659 971 689 ¹
998 645 1494 744 comprehendi
1522 645 1743 743 potuit
1763 644 1894 715 hoc
1919 645 2217 718 nocendi
2245 671 2497 743 genus»,
2518 644 2707 742 quod
2734 670 2895 716 rem

786 760 1260 858 gravissimam
1283 762 1446 833 fecit
1469 760 1697 859 specie
1725 760 2185 832 liberalitatis?
2203 760 2473 832 Omnia
2495 759 2704 857 igitur
2729 760 2893 849 ista,

789 986 1205 1056 interpretationi
1240 984 1634 1055 adstipulantur
1673 1003 1794 1035 mox

790 1062 878 1114 illa
894 1062 1071 1128 verba,
1094 1063 1205 1115 *An
1228 1082 1368 1126 eum,
1387 1063 1602 1133 quirem
1619 1061 1800 1114 defor-

796 1169 818 1190 α
838 1163 974 1196 mern
1003 1158 1095 1195 aut
1122 1144 1361 1195 inutilem
1392 1144 1658 1207 effecerit,
1687 1160 1798 1194 nou

796 1244 818 1267 ι
840 1241 953 1274 esse
1000 1222 1240 1274 maleficii
1286 1222 1399 1290 lege
1448 1219 1801 1292 comprehen-

797 1322 819 1345 ι
839 1318 974 1352 sum.
995 1323 1017 1346 ιο
1046 1301 1382 1371 Quamquam
1405 1298 1509 1349 illic
1528 1300 1641 1367 jam
1663 1317 1801 1368 quat-

790 1379 948 1443 ritur,
981 1396 1091 1429 non
1120 1395 1187 1428 an
1220 1378 1564 1446 inscriptum,
1600 1374 1697 1429 aed
1733 1394 1803 1428 an

792 1454 1107 1507 maleficium
1135 1456 1219 1505 ait.
1251 1456 1385 1506 Fieri
1408 1455 1566 1524 igitur
1587 1467 1766 1525 potest
1784 1492 1801 1520 ,

793 1549 853 1590 ut
881 1551 1167 1607 quaeratur,
1199 1555 1267 1587 an
1302 1537 1613 1605 inscriptum
1646 1530 1701 1585 id
1737 1535 1804 1585 sit

795 1617 937 1689 quod
960 1617 1210 1688 objicitur
1233 1617 1411 1684 (forte
1431 1630 1489 1668 ut
1510 1619 1624 1686 ejus
1643 1631 1806 1686 poena

794 1698 1120 1768 relinquatur
1153 1696 1366 1749 arbitrio
1397 1696 1686 1767 judicantia
1706 1733 1724 1761 ,
1761 1696 1806 1747 si

794 1775 1107 1829 maleficium
1131 1788 1387 1847 appareat
1412 1773 1563 1844 esse)
1587 1787 1637 1826 et
1659 1771 1805 1844 quod

793 1857 1061 1926 arguitur,
1092 1873 1160 1906 an
1187 1853 1325 1905 idem
1356 1853 1672 1905 maleficium
1699 1854 1803 1904 ait:

797 1946 857 1985 ut
893 1933 1012 2000 hic,
1050 1951 1174 1986 nam
1208 1933 1517 2003 inscriptum
1549 1950 1663 1986 esse
1697 1948 1806 1982 non

797 2028 1055 2085 negatur,
1103 2027 1193 2065 aut
1242 2026 1429 2065 contra
1452 2034 1465 2063 :
1514 2031 1636 2064 raro
1677 2029 1804 2062 vero

796 2107 1096 2163 utrumque.
1132 2094 1265 2144 Nam
1302 2092 1345 2143 si
1377 2109 1497 2143 reus
1536 2103 1692 2159 negat
1730 2090 1806 2139 in-

799 2176 1053 2246 scriptum
1075 2191 1216 2238 esse,
1237 2174 1431 2224 fatetur
1449 2174 1704 2243 scriptum
1722 2189 1806 2222 es-

760 2307 769 2316 ,
799 2273 854 2306 ae
869 2253 1206 2306 maleficium:
1223 2254 1371 2324 atqui
1384 2254 1537 2308 fateri
1553 2255 1807 2322 scriptum

799 2353 944 2400 esse,
979 2348 1031 2387 et
1060 2353 1253 2405 negare
1286 2348 1460 2386 tamen
1492 2334 1807 2386 maleficium

797 2433 914 2468 ease
929 2452 947 2480 ,
968 2418 1050 2467 vix
1069 2453 1085 2481 ,
1110 2434 1172 2468 ac
1196 2435 1262 2467 ne
1286 2418 1369 2468 vix
1391 2415 1599 2488 quidem
1619 2454 1635 2480 ,
1662 2417 1805 2468 acci-

799 2493 922 2546 dere
951 2507 1157 2564 potest:
1190 2495 1349 2566 plane
1379 2497 1453 2547 sic
1470 2532 1486 2559 ,
1514 2512 1614 2545 nec
1641 2496 1807 2563 scrip-

800 2586 914 2625 tum
938 2591 1082 2638 esse,
1109 2592 1208 2625 nec
1232 2571 1547 2624 maleficium
1573 2590 1718 2623 esse:
1750 2583 1808 2621 ut

804 2651 903 2705 252
943 2650 1336 2703 Declamatione
1357 2689 1374 2717 ,
1410 2653 1463 2701 in
1504 2668 1610 2721 qua
1645 2667 1810 2720 nega-

801 2731 895 2782 bat
909 2729 1053 2782 dives
1070 2731 1323 2800 scriptum
1339 2747 1452 2781 esse
1468 2729 1783 2781 maleficium
1794 2765 1810 2792 ,

803 2811 927 2880 quia
950 2807 1107 2859 filiam
1134 2808 1378 2878 pauperis
1404 2824 1511 2857 uon
1537 2818 1810 2876 stuprave-

803 2902 916 2952 rat,
959 2905 1056 2939 nec
1097 2889 1145 2937 ei
1182 2884 1458 2937 videbatur
1495 2883 1811 2936 maleficium

804 2984 917 3018 esse
929 3005 946 3033 ,
959 2964 1144 3016 decem
1162 2962 1321 3015 millia
1337 2963 1567 3032 parasito
1583 2961 1807 3013 dedisse.

804 3053 871 3101 At
908 3049 951 3100 si
983 3050 1237 3118 scriptum
1272 3044 1586 3096 maleficium
1609 3055 1723 3108 est,
1753 3054 1812 3093 ut

804 3133 1225 3202 interpretamur,
1244 3126 1389 3198 quod
1404 3125 1695 3195 legitimum
1712 3137 1810 3189 est,

807 3212 952 3284 quod
984 3211 1295 3263 nominatim
1332 3208 1535 3278 legibus
1566 3206 1815 3278 publico-

808 3311 923 3344 rum
972 3306 1063 3345 aut
1117 3293 1440 3363 privatorum
1489 3285 1813 3358 judiciorum

807 3372 1124 3436 continetur,
1146 3387 1306 3440 quare
1331 3368 1469 3417 actio
1494 3365 1688 3435 Scripti
1709 3383 1816 3416 ma·

808 3446 991 3521 Iefict‘i,
1012 3448 1156 3500 unde
1174 3461 1227 3500 et
1245 3446 1550 3519 simpliciter
1574 3443 1813 3515 appella-

808 3545 922 3597 tur,
951 3549 1060 3582 non
1088 3548 1149 3582 ex
1179 3533 1292 3601 ejus
1321 3529 1551 3581 criminis
1578 3524 1732 3576 titulo
1762 3539 1816 3577 et

807 3609 1022 3660 nomine
1061 3605 1205 3679 quod
1241 3607 1496 3676 scriptum
1534 3606 1651 3655 est?
1683 3617 1814 3674 puta

810 3688 1079 3753 adulterii,
1100 3686 1392 3756 parricidii,
1407 3684 1473 3737 de
1488 3687 1566 3750 vi,
1583 3699 1682 3737 etc.
1706 3684 1814 3736 hoec

810 3771 943 3822 ratio
976 3768 1134 3833 facit,
1169 3779 1229 3817 ut
1255 3767 1542 3817 existimem
1573 3762 1666 3815 illo
1692 3763 1813 3815 loco

808 3849 1146 3917 Quintiliani,
1187 3870 1209 3892 σι
1229 3847 1499 3915 finguntur
1530 3847 1583 3896 in
1619 3843 1813 3897 scholis

815 3951 838 3975 ι
859 3943 910 3981 et
930 3929 1110 3999 scripti
1131 3925 1368 3978 maleficii
1383 3963 1400 3992 ,
1418 3927 1474 3975 in
1495 3923 1689 3994 quibus
1711 3924 1813 3975 hoe

816 4029 839 4053 ι
861 4009 1134 4078 quaeritur,
1159 4024 1227 4057 an
1251 4006 1504 4075 scriptum
1528 4005 1623 4065 sit,
1643 4026 1665 4049 ι
1694 4020 1817 4053 cor-

814 4085 1089 4153 rigendum
1114 4101 1229 4136 esse
1255 4101 1316 4134 ex
1340 4081 1441 4133 hac
1465 4082 1821 4133 Declamatio—

812 4178 912 4225 ne,
940 4175 993 4212 et
1015 4160 1103 4213 illa
1128 4161 1366 4226 Senecae,
1396 4160 1628 4231 inscripti
1654 4173 1705 4212 et
1734 4160 1819 4210 in-

808 4239 1049 4310 scriptum
1070 4274 1089 4303 ‚
1131 4251 1190 4289 ut
1232 4239 1332 4292 252
1378 4255 1591 4309 quoque
1631 4236 1815 4290 Decla-

1878 985 2109 1037 matione
2129 1004 2288 1058 supra
2308 985 2380 1036 sic
2401 983 2658 1056 legerem,
2687 1005 2709 1028 ι
2729 985 2899 1054 Igitur

1883 1085 1906 1107 ι
1927 1074 1977 1113 et
2008 1063 2318 1134 inscriptum
2347 1076 2401 1114 et
2425 1061 2742 1115 maleficium
2777 1075 2896 1127 est,

1885 1166 1907 1189 ι
1929 1142 2179 1196 adven-ms
2200 1163 2350 1210 eum,
2373 1161 2494 1196 cnm
2519 1163 2628 1215 quo
2650 1146 2848 1213 agitur.
2869 1167 2890 1189 ι

1881 1223 2017 1272 Nam
2062 1220 2208 1292 quod
2249 1240 2367 1273 raro
2410 1224 2568 1292 queri
2608 1235 2896 1293 utrumqne

1884 1302 1980 1365 ait,
1998 1319 2063 1352 an
2086 1302 2395 1373 inscriptum
2411 1314 2466 1354 et
2485 1320 2552 1352 an
2572 1300 2895 1352 maleficium

1884 1384 1950 1434 ait
1980 1403 1992 1432 :
2039 1380 2149 1433 illic
2204 1382 2535 1454 querebatur
2585 1395 2893 1453 utrumque.

1882 1460 2061 1526 Quare
2085 1462 2159 1511 ita
2182 1458 2479 1524 concludit,
2505 1483 2527 1506 ι
2549 1461 2714 1530 Igitur
2739 1474 2788 1512 et
2815 1463 2899 1512 in·

1888 1562 1911 1584 ι
1932 1540 2184 1610 scriptum
2226 1553 2277 1590 et
2318 1539 2630 1591 maleficium
2673 1554 2751 1592 est
2775 1561 2787 1590 ε
2841 1553 2894 1591 et

1890 1639 1914 1663 «ι
1934 1617 2248 1670 maleficium
2298 1637 2406 1669 non
2455 1618 2625 1671 solum
2675 1619 2893 1670 confes-

1890 1719 1912 1743 ·
1933 1717 2048 1750 sum
2070 1735 2087 1763 ‚
2120 1710 2220 1756 etc,
2245 1722 2267 1745 ι
2307 1696 2447 1765 Quid
2483 1699 2526 1749 si
2560 1716 2775 1768 qnoque
2810 1700 2887 1749 in·

1882 1776 2137 1845 scriptum
2173 1774 2488 1827 maleficium
2523 1777 2598 1827 sic
2635 1777 2891 1845 inter-pree

1887 1855 2088 1904 temur?
2111 1853 2389 1905 Inscribere
2407 1871 2790 1922 nonnunquam
2812 1867 2888 1904 est

1886 1932 2204 1997 attribuere,
2229 1947 2282 1984 et
2303 1932 2565 2004 quidquid
2589 1933 2786 1983 factum
2812 1946 2888 1984 eet

1886 2014 1940 2064 in
1965 2012 2152 2078 alium,
2176 2026 2265 2064 aut
2289 2014 2442 2065 aliam
2473 2033 2582 2064 rem
2610 2015 2889 2065 transferre

1888 2106 1938 2144 et
1955 2092 2207 2144 derivare.
2223 2093 2292 2144 Sit
2313 2093 2470 2162 igitur
2483 2094 2788 2162 inscriptum
2807 2090 2887 2157 id,

1888 2175 2031 2246 quod
2057 2174 2176 2227 licet
2200 2174 2338 2226 trahi
2361 2175 2528 2246 possit
2549 2176 2602 2226 in
2623 2173 2886 2246 quoddam

1890 2254 2039 2324 quasi
2055 2252 2368 2304 maleficium
2383 2272 2396 2304 ;
2416 2266 2589 2304 tamen
2605 2271 2668 2303 ex
2684 2253 2888 2316 officio,

1888 2332 2177 2404 obsequio,
2197 2333 2393 2404 pietate
2406 2371 2421 2395 ,
2442 2330 2781 2396 liberalitate,
2800 2350 2888 2383 ac-

1888 2427 2051 2486 tuque
2073 2433 2170 2466 nec
2192 2413 2446 2480 deformi,
2466 2433 2563 2466 nec
2583 2414 2756 2465 inutili
2775 2432 2892 2483 pro-

1887 2492 2083 2544 fectum
2106 2505 2213 2543 est:
2241 2490 2346 2543 hoc
2366 2505 2469 2558 est,
2489 2491 2631 2562 quod
2653 2506 2712 2543 ut
2733 2494 2890 2544 maxi·

1889 2591 1973 2624 me
1993 2573 2058 2623 sit
2074 2571 2387 2624 maleficium
2404 2570 2514 2642 (sed
2528 2570 2593 2621 de
2608 2568 2708 2622 hoc
2724 2573 2894 2640 quaeri

1891 2653 2061 2724 solet)
2084 2668 2258 2705 tamen
2289 2656 2338 2706 ei
2358 2656 2492 2723 justa
2520 2669 2705 2715 causa,
2731 2671 2893 2722 aequa

1891 2746 1942 2786 et
1989 2734 2231 2805 speciosa
2277 2731 2632 2805 pretenditur,
2678 2745 2730 2782 et
2779 2731 2804 2801 (
2823 2746 2890 2783 ut

1890 2813 2055 2863 Graeci
2083 2811 2300 2882 dicunt)
2321 2808 2446 2874 μηδ.
2470 2806 2672 2861 aucune
2701 2811 2893 2859 δικαιο-

1892 2889 2021 2946 ear-e
2040 2890 2066 2942 i
2086 2891 2249 2942 ἐδικίι
2268 2889 2512 2942 ἀδικοῦσαι.
2521 2888 2694 2941 Veluti
2713 2891 2768 2941 in
2781 2887 2895 2941 hoc

1891 2970 2041 3034 loco,
2067 2972 2229 3041 siper
2250 2988 2306 3020 se
2329 2968 2639 3021 maleficium
2666 2980 2743 3020 eat
2766 2967 2895 3020 dare

1893 3050 2173 3120 pecuniam
2201 3047 2556 3111 adolescenti,
2582 3059 2640 3098 ut
2661 3048 2894 3099 meretri-

1893 3146 2007 3179 cem
2028 3126 2275 3188 redimat,
2297 3145 2406 3178 non
2427 3126 2637 3178 videtur
2651 3124 2739 3177 hic
2753 3144 2892 3188 esse,

1894 3208 2017 3276 quia
2040 3208 2356 3276 caeteroquin
2387 3207 2623 3275 perituro
2647 3203 2767 3255 data
2797 3219 2891 3255 est.

1893 3284 2038 3336 Idem
2078 3283 2146 3336 de
2184 3283 2297 3335 aliis
2341 3282 2596 3354 exemplis
2639 3281 2894 3354 predictis

1895 3363 1998 3415 dici
2018 3366 2199 3435 possit.
2227 3367 2291 3416 Et
2310 3366 2364 3414 in
2384 3363 2523 3415 hanc
2543 3367 2895 3434 conjecturam

1894 3461 1993 3494 noa
2013 3440 2277 3493 adducent
2299 3440 2409 3492 haec
2427 3440 2616 3505 verba,
2634 3440 2772 3513 quod
2791 3458 2892 3492 rem

1889 3523 2244 3594 gravissimam
2264 3522 2399 3594 fecit
2423 3523 2589 3594 specie
2615 3522 2896 3574 liberalita-

1895 3601 1957 3652 tis
1974 3621 1989 3650 .-
2010 3613 2062 3651 et
2078 3600 2221 3670 quod
2241 3604 2437 3670 passim
2451 3614 2674 3671 uterque
2691 3614 2742 3653 et
2755 3600 2893 3652 divea

1895 3692 1948 3729 et
1976 3697 2178 3750 pauper
2201 3680 2403 3731 attendi
2431 3679 2617 3731 volunt
2647 3698 2754 3750 quo
2785 3678 2896 3730 ani-

1896 3778 2011 3824 mo,
2033 3776 2136 3829 qua
2156 3776 2314 3810 causa
2337 3758 2390 3810 id
2415 3760 2618 3810 factum
2640 3760 2734 3811 sit:
2755 3758 2894 3810 dives

1896 3855 1926 3887 a
1954 3855 2008 3887 se
2037 3836 2212 3888 bono:
2249 3855 2481 3907 pauper,
2516 3835 2657 3887 malo
2684 3856 2715 3888 a
2741 3835 2896 3886 divite

1895 3919 2089 3969 animo.
2120 3918 2295 3969 AEaon.
2321 3917 2451 3990 Vide
2475 3917 2708 3970 Declam.
2729 3917 2900 3970 CCth

1901 3996 2137 4066 ejusdem
2162 4000 2468 4069 argumenti.
2498 3998 2592 4049 En.

1977 4097 2019 4130 1.
2047 4082 2160 4148 Qua
2181 4080 2307 4151 1e9e.
2338 4079 2504 4150 Quale
2524 4098 2720 4151 compr.
2742 4076 2898 4129 debe·

1898 4171 1984 4208 tur
2006 4159 2206 4209 Aurato
2232 4172 2412 4210 nostro
2440 4157 2551 4212 hnc
2580 4156 2898 4211 emendatio.

1897 4238 2062 4308 Marg.
2089 4235 2268 4291 AErod.
