3200 5117
801 524 1632 593 DECLAMATIONES.
1679 525 2050 593 CCXCIV.
2349 526 2466 589 181
2497 545 2500 550 ¹

379 767 1938 814 mmmmmm
2322 791 2465 813 W

1188 995 1681 1072 CCXCIV.

1028 1223 1225 1297 Dives
1249 1225 1657 1325 proditionis
1685 1249 1853 1294 reus.

389 1426 558 1488 Vmo
584 1445 761 1488 roan
790 1446 1092 1488 rumim
1113 1440 1153 1486 ¹.
1178 1427 1397 1500 Dives,
1435 1424 1816 1506 proditionis
1848 1437 2196 1502 accusatus,
2237 1425 2484 1489 fortiter

474 1524 654 1585 fecit:
697 1527 855 1607 petit
893 1525 1133 1607 praemii
1170 1525 1427 1584 nomine
1464 1524 1835 1584 accusatoris
1873 1539 2173 1586 mortem:
2212 1524 2317 1587 ille
2351 1547 2485 1588 non

476 1635 744 1696 recusat3
769 1622 874 1683 sed
897 1621 1197 1705 postulat,
1221 1634 1292 1680 ut
1315 1634 1454 1679 ante
1476 1633 1807 1702 peragatur
1825 1619 2155 1702 judicium.

1260 1805 1630 1873 SERMO.

487 1973 846 2034 Accusator
869 1965 960 2029 sic
979 1986 1173 2053 agere
1195 1962 1426 2044 debet,
1453 1981 1526 2030 ut
1550 1968 1972 2050 manifestum
1994 1967 2106 2046 sit,
2134 1967 2318 2031 illum
2343 1983 2482 2033 tan-

394 2093 545 2139 tum
583 2070 961 2160 reipublicae
1005 2093 1197 2136 causa
1235 2072 1610 2159 postulare:
1654 2097 1787 2139 non
1828 2075 1982 2163 quia
2025 2098 2161 2138 non
2198 2074 2283 2141 sit
2317 2073 2482 2139 iliud

398 2202 635 2244 verum
655 2228 672 2258 ,
702 2194 777 2243 ut
799 2180 851 2244 si
878 2176 1319 2262 damnaverit²
1348 2183 1559 2244 vivat:
1588 2180 1704 2247 sed
1738 2183 1890 2272 quia
1916 2181 2250 2249 difficilius
2275 2184 2500 2272 impe«

400 2303 688 2351 traturus
713 2301 811 2352 est
827 2334 843 2366 ,
876 2286 929 2351 si
954 2285 1324 2352 intellectus
1348 2286 1549 2354 fuerit
1572 2289 1755 2355 nullo
1769 2289 1922 2380 jure
1945 2289 2052 2380 adj
2063 2291 2241 2355 uvari
2266 2312 2481 2380 posse.

1090 2481 1790 2548 DECLAMATIO.

497 2637 566 2710 Si
600 2657 668 2709 te
705 2636 1123 2735 proditorem
1159 2659 1391 2737 postea
1426 2639 1789 2729 dixissem,
1829 2665 2048 2739 quam
2081 2660 2158 2711 tu
2191 2659 2485 2711 mortem

405 2779 637 2825 meam
664 2773 990 2852 optasses»,
1016 2753 1284 2825 viderer
1313 2775 1550 2827 tamen
1579 2777 1648 2826 et
1671 2782 1819 2827 rem
1839 2755 2087 2826 utilem
2109 2753 2485 2853 postulare,

406 2888 470 2938 et
487 2893 629 2939 non
650 2886 889 2940 contra
907 2866 1133 2966 legem
1156 2886 1349 2940 tuam
1369 2868 1979 2961 desiderare.Quid
1996 2869 2189 2941 enim
2207 2868 2491 2969 optasti?

408 3006 700 3054 mortem
723 2984 1161 3072 accusatoriS,
1195 2983 1279 3056 de
1304 3012 1443 3084 qua
1470 2983 1554 3058 lis
1577 3012 1723 3057 non
1753 3007 1888 3058 est:
1925 2985 2102 3056 nihil
2126 3006 2263 3075 est,
2298 2984 2490 3084 quod

409 3097 495 3168 ad
524 3099 888 3194 praemium
914 3100 1307 3198 confugias:
1337 3100 1520 3172 nihil
1544 3119 1680 3190 est,
1705 3100 1893 3197 quod
1924 3101 2135 3173 utaris
2159 3100 2332 3198 legis
2354 3120 2485 3171 tuae

408 3230 755 3310 potestates
793 3215 951 3284 Non
996 3239 1267 3305 recuso,
1313 3241 1452 3312 quo
1488 3214 1727 3286 minus
1764 3214 2100 3313 accipias,
2145 3212 2487 3312 quidquid

406 3326 653 3424 optasti
677 3354 691 3398 :
720 3326 896 3400 nihil
927 3328 1173 3428 petiisti
1200 3349 1441 3429 praeter
1464 3349 1760 3400 mortem
1785 3355 1799 3399 ε
1828 3327 1884 3399 si
1916 3326 2128 3427 exigis
2145 3384 2164 3419 ,
2189 3349 2270 3401 ut
2290 3355 2486 3401 accu-

406 3460 589 3512 sator
617 3442 850 3513 statim
884 3443 1255 3535 occidatur,
1289 3443 1583 3516 alterum
1618 3442 1981 3543 praemium
2012 3443 2205 3543 petis.
2230 3447 2324 3516 At
2342 3444 2487 3516 haec

405 3555 727 3628 voluntas
751 3556 886 3628 fuit
909 3576 1040 3629 tuae
1069 3557 1461 3656 petitionis:
1495 3557 1673 3630 nihil
1695 3558 2001 3647 interest,
2035 3557 2092 3630 si
2115 3556 2339 3646 illam,
2367 3555 2490 3654 qui

412 3665 668 3739 dabant
689 3674 1091 3768 praemium,
1120 3672 1643 3768 ignoraverunt:
1673 3692 1740 3743 et
1761 3669 1918 3742 ideo
1942 3671 2074 3743 tibi
2097 3697 2309 3743 nemo
2335 3693 2493 3740 con·

412 3781 720 3876 tradixit,
755 3786 941 3883 quod
968 3785 1329 3859 videbatur
1360 3813 1683 3888 purgasse
1716 3785 2220 3860 contumeliam
2252 3806 2487 3857 tuam:

410 3897 593 3969 nihil
623 3899 749 3970 tibi
779 3900 883 3974 lex
915 3902 1313 4002 profuisset,
1347 3904 1403 3975 si
1437 3902 1890 3976 abolitionem
1921 3900 2251 4000 petiisses.
2286 3899 2491 3970 Nunc

486 4083 528 4119 ι.
576 4068 705 4123 Viro
733 4072 885 4143 forti.
932 4071 1046 4126 Viri
1076 4073 1236 4144 fortis
1270 4090 1409 4144 γνω-
1489 4071 1700 4139 Pithoni,
1725 4073 1825 4128 Vir
1829 4071 1990 4144 fortis
2006 4070 2172 4135 dives,
2186 4067 2497 4143 proditionis

408 4145 571 4200 mium
590 4186 610 4215 ,
639 4149 953 4208 Thaddaeus.
991 4151 1238 4206 AErodius
1272 4154 1409 4206 forte
1490 4162 1755 4206 accusatus
1773 4151 1991 4224 fortiter
2006 4149 2173 4222 fecit,
2208 4150 2296 4202 cui
2318 4158 2496 4220 potest

409 4233 631 4285 rectius:
660 4232 790 4289 Viro
803 4233 941 4304 forti
957 4235 1248 4309 premium.
1274 4234 1411 4288 Nam
1490 4232 1741 4306 placete?
1762 4233 1999 4286 Gnouov.
