3200 5117
756 545 874 621 ¹¹⁴
1250 541 1343 604 M.
1391 540 1641 604 FABII
1687 537 2328 620 QUINT1L1AN1

745 663 1221 762 magistratus:
1259 660 1435 733 nihil
1466 681 1542 731 ut
1567 679 1791 758 optet,
1826 657 2165 757 praecipio.
2200 660 2255 729 F
2258 657 2375 731 ilia
2410 684 2568 730 mea
2598 660 2830 735 vitiata

745 802 877 856 est:
897 780 989 853 ob
1008 780 1136 852 hoc
1156 778 1391 878 periit:
1414 776 1571 849 dico
1592 797 1935 875 raptorem
1956 775 2178 848 occidi
2196 795 2542 875 oportere:
2568 803 2696 850 nec
2712 798 2829 850 sta·

742 896 870 968 tim
916 895 1102 966 nitor
1152 892 1269 964 illa
1320 890 1674 991 aequitate,
1725 911 1804 962 ut
1841 890 2110 980 dicam,
2160 889 2349 987 quod
2388 889 2661 992 justum
2706 892 2826 982 sit,

743 1036 944 1099 eum,
978 1008 1097 1108 qui
1141 1005 1450 1079 intulerit
1492 1004 1865 1104 injuriam,
1911 1003 2237 1092 interfici,
2281 1029 2506 1102 quum
2546 1005 2827 1103 perierit

742 1126 899 1215 illa,
937 1152 1090 1223 quae
1128 1124 1431 1222 accepit:
1478 1122 1562 1196 de
1591 1122 1751 1223 jure
1792 1122 1940 1221 ipso
1985 1121 2252 1219 loquor.
2287 1124 2474 1221 Lege
2502 1148 2824 1222 compre-

738 1241 1039 1312 hensum
1074 1259 1209 1329 est,
1235 1257 1312 1314 ut
1335 1242 1581 1312 Rura
1604 1256 1956 1310 amoma
1978 1256 2294 1310 norrun
2311 1289 2331 1326 ,
2355 1255 2494 1310 vm.
2517 1254 2823 1312 mum-us

738 1375 973 1432 OPTET
1001 1382 1015 1425 :
1062 1373 1141 1425 ut
1176 1354 1449 1453 opinor,
1494 1379 1638 1426 una
1674 1377 1878 1425 causa
1912 1350 2080 1451 legis
2107 1351 2276 1444 fuit,
2311 1373 2392 1425 ut
2421 1351 2509 1427 de
2551 1372 2820 1450 raptore

706 1470 1130 1544 ‚secundum
1184 1468 1612 1542 voluntatem
1673 1489 1881 1567 raptae
1935 1467 2482 1541 constitueretur.
2537 1467 2820 1565 Alioqui

738 1587 963 1659 multa
989 1584 1304 1658 accidere
1336 1603 1658 1681 possunt,
1691 1602 1973 1681 propter
2000 1609 2154 1681 quae
2189 1602 2383 1682 rapta
2413 1608 2558 1654 non
2588 1602 2818 1681 optet:

738 1701 1084 1801 fingamus
1102 1698 1411 1772 vitiatam
1432 1723 1574 1770 esse
1594 1724 1753 1772 eam
1770 1754 1791 1788 ,
1813 1725 1966 1796 quae
1985 1697 2182 1795 loqui
2205 1724 2348 1770 non
2369 1698 2580 1796 possit
2602 1725 2616 1770 :
2645 1723 2820 1770 num

738 1815 1031 1913 impune
1068 1812 1399 1914 injuriam
1432 1811 1628 1900 fecit,
1662 1813 2004 1910 quoniam
2038 1811 2302 1885 miserm
2330 1811 2527 1885 fecit?
2562 1833 2820 1886 nutum

737 1955 995 2027 nempe
1015 1927 1337 2028 ejus,aut
1353 1925 1626 1997 vultum
1644 1982 1665 2016 ,
1693 1947 1816 1999 aut
1844 1925 2130 2025 aliquod
2156 1925 2438 2025 signum
2464 1925 2686 1999 animi
2715 1926 2825 1998 in-

737 2042 909 2115 tueri
942 2061 1307 2141 oporteret.
1330 2043 1422 2112 At
1442 2039 1515 2112 id
1540 2061 1685 2112 non
1713 2061 1816 2113 est
1837 2041 2024 2140 optio
2041 2098 2061 2132 ,
2091 2067 2222 2114 nec
2249 2040 2407 2116 satis
2424 2040 2634 2116 verba
2655 2040 2823 2139 legis

738 2156 1199 2257 explebuntur
1231 2184 1246 2229 :
1287 2156 1710 2230 occideretur
1741 2143 1977 2229 tamen
2015 2177 2267 2257 raptor,
2308 2157 2365 2230 si
2401 2156 2472 2228 id
2504 2155 2675 2230 velle
2709 2182 2822 2228 ra-

736 2293 931 2374 ptam
993 2273 1559 2373 intelligeremus.
1624 2272 2004 2371 Fingamus
2052 2273 2522 2348 valetudinem
2575 2297 2823 2346 conse-

737 2408 1030 2487 quutam
1068 2409 1312 2489 raptoe,
1344 2410 1421 2461 ut
1445 2415 1527 2460 ea
1554 2387 1759 2459 educi
1790 2387 1875 2459 ad
1912 2388 2346 2488 magistratus
2380 2414 2526 2462 non
2558 2409 2818 2489 posset:

737 2503 954 2577 deerit
987 2503 1256 2602 aliquid
1294 2503 1476 2601 legi:
1516 2502 1854 2576 vindicari
1898 2524 2131 2578 tamen
2175 2530 2330 2578 eam
2374 2523 2560 2578 tanto
2599 2503 2821 2601 magis

737 2638 1036 2718 oportet,
1070 2620 1260 2717 quod
1291 2617 1619 2690 credibile
1653 2620 1811 2709 erit,
1851 2619 2059 2692 etiam
2093 2620 2318 2720 ipsam
2351 2617 2819 2693 valetudinem

734 2759 818 2805 ex
850 2732 1102 2833 injuria
1131 2753 1387 2804 natam.
1418 2732 1636 2823 Quod
1662 2733 1718 2805 si
1750 2760 1893 2805 non
1925 2729 2166 2832 utique
2184 2791 2204 2826 ,
2237 2754 2313 2807 ut
2339 2761 2418 2806 ex
2445 2734 2555 2807 his
2588 2732 2820 2806 mani·-

736 2845 989 2918 festum
1023 2867 1155 2937 est,
1186 2872 1426 2918 vocem
1459 2867 1666 2946 raptae
1697 2845 1873 2945 exigi
1903 2868 2278 2948 oporteret,
2313 2849 2433 2921 sed
2461 2848 2680 2922 solam
2705 2863 2822 2920 vo·-

735 2960 1074 3034 luntatem
1108 2988 1124 3032 ;
1159 2960 1518 3034 videamus
1561 2983 1837 3051 tamen,
1890 2990 1981 3035 an
2025 2988 2182 3061 quoe
2228 2984 2421 3062 rapta
2461 2983 2596 3051 est,
2642 2962 2820 3034 mori

736 3100 1078 3178 raptorem
1113 3078 1422 3151 voluerit.
1470 3076 1727 3151 Plusne
1766 3079 1960 3152 vobis
2001 3078 2375 3170 videretur,
2413 3078 2719 3179 judiceS,
2761 3077 2816 3150 si

738 3192 926 3291 apud
964 3193 1438 3291 magistratum
1479 3191 1709 3265 locuta
1735 3213 1942 3285 esset,
1984 3219 2198 3291 quam
2231 3191 2422 3291 quod
2457 3192 2548 3268 ad
2588 3191 2820 3290 magi-

738 3326 1032 3379 stratum
1058 3307 1291 3379 venire
1332 3334 1476 3379 non
1514 3335 1681 3379 ausa
1713 3308 1853 3379 cst?
1885 3307 2073 3406 quod
2113 3308 2349 3381 oculos
2388 3334 2547 3381 suos
2587 3327 2822 3379 osten·—

740 3417 902 3491 dere
928 3419 1529 3493 circumstantibus
1546 3478 1566 3511 ,
1591 3419 1945 3494 ostendere
1975 3421 2115 3495 luci
2141 3447 2284 3495 non
2311 3419 2654 3522 potuerit?
2675 3421 2822 3520 ipsa

741 3559 865 3606 sua
884 3559 1105 3605 manu
1125 3535 1339 3606 vitam
1358 3534 1612 3606 misera
1630 3534 1925 3633 punivit.
1945 3536 2054 3606 Da
2064 3535 2237 3607 vires
2263 3563 2278 3608 ε
2309 3535 2576 3609 occidet
2598 3534 2816 3632 prius,

743 3674 896 3748 quae
923 3668 1200 3751 propter
1225 3649 1405 3721 hanc
1431 3648 1759 3752 injuriam
1794 3648 2009 3751 perit:
2048 3647 2351 3724 dubium
2390 3672 2489 3723 est
2522 3647 2817 3740 scilicet,

740 3765 913 3865 quid
960 3766 1223 3838 factura
1261 3766 1504 3857 fuerit,
1545 3766 1604 3839 si
1650 3765 1964 3838 vixisset?
2009 3789 2347 3867 raptorem
2393 3789 2554 3864 ergo
2595 3764 2819 3867 perire

741 3878 1076 3979 oportuit:
1092 3879 1245 3981 jam
1269 3879 1529 3952 fortiter
1556 3880 1746 3953 dico:
1781 3879 1953 3981 quid
1983 3875 2291 3973 interest,
2317 3879 2671 3980 quomodo
2700 3905 2821 3979 pe-

739 3994 968 4068 rierit?
1001 3998 1147 4070 Cur
1170 4023 1364 4096 ergo,
1396 3996 1455 4069 si
1486 3997 1620 4069 hoc
1645 3996 1858 4070 modo
1881 4018 2144 4097 poterat
2163 3996 2380 4071 occidi
2400 4038 2434 4087 ,r
2452 3996 2629 4069 falso
2655 3994 2819 4066 alte-

742 4135 890 4182 ram
913 4111 1133 4184 filiam
1164 4112 1413 4186 eduxi?
1438 4114 1794 4204 Dicerem,
1821 4114 2044 4188 luctus
2072 4113 2554 4204 confundere',
2575 4112 2631 4185 si
2661 4111 2818 4181 lice-

816 4257 862 4293 ι.
909 4242 1173 4311 Dicerem,
1222 4245 1389 4300 laeuas
1429 4245 1763 4317 coaficndeoe.
1809 4247 1946 4317 Iaeffe
1987 4266 2108 4302 meo
2146 4245 2422 4319 periculo:
2466 4245 2524 4299 Sa·
2566 4242 2816 4308 dion-em,
