3200 5117
759 538 843 602 80
1260 535 1351 598 M.
1402 532 1653 598 mnu
1699 481 2380 616 QUINTILIAM'

763 794 914 816 ”m
924 793 1203 814 DUM&
1209 788 2264 813 mmmmmmmm
2271 787 2365 808 u&
2371 786 2553 807 Sum
2570 787 2854 808 utufflm

1575 980 2032 1058 CCLXII.

1330 1211 1626 1281 Maritus
1661 1214 1943 1307 virqinis
1975 1223 2230 1308 raptor.

764 1417 1003 1476 lumen
1032 1434 1283 1475 nerum!
1323 1434 1416 1473 srr
1450 1433 1649 1474 ,ic-rto.
1681 1411 1804 1489 Qui
1838 1410 2107 1472 habebat
2135 1433 2419 1490 uxorem,
2443 1415 2648 1495 rapuit
2671 1415 2855 1494 virgi·-

843 1533 1025 1573 nem:
1066 1511 1313 1593 nuptias
1351 1524 1527 1593 rapta
1565 1510 1836 1593 optavit:
1871 1509 1977 1570 ille
2014 1509 2363 1592 repudiavit
2397 1531 2687 1571 uxorem:
2723 1511 2854 1590 agit

844 1610 953 1670 illa
976 1609 1186 1691 injusti
1212 1607 1475 1691 repudii.

1458 1809 2159 1876 DECLAMATIO.

865 1973 1009 2042 Lex
1052 1968 1298 2069 injusti
1326 1982 1345 2012 ¹
1395 1966 1668 2068 repudii
1717 1968 2024 2040 maxime
2069 1968 2450 2041 necessaria
2493 1966 2582 2039 ad
2627 1964 2854 2038 conti-

772 2083 1007 2155 nenda
1047 2082 1537 2173 matrimonia,
1579 2103 1651 2155 et
1691 2082 1796 2154 his
1839 2083 2182 2183 praecipue
2216 2083 2567 2173 moribuS,
2602 2081 2856 2181 quibus

776 2200 992 2270 finem
1013 2220 1290 2272 tantum
1311 2199 1677 2272 necessitas
1691 2198 1887 2289 fecit,
1910 2225 2118 2299 super
2133 2225 2377 2271 omnes
2396 2199 2582 2298 leges
2600 2196 2854 2271 tuenda

773 2335 893 2386 est.
926 2315 1387 2414 Repudiatam
1425 2316 1513 2388 ab
1550 2314 1684 2387 hoc
1724 2341 2013 2388 uxorem
2052 2342 2196 2389 esse
2235 2314 2685 2386 manifestum
2719 2333 2853 2384 est:

773 2427 1122 2526 reliquum
1144 2451 1244 2502 est
1261 2488 1280 2521 ,
1313 2451 1392 2503 ut
1410 2430 1681 2528 aliquid
1708 2430 2079 2529 repudiatae
2108 2428 2421 2531 objiciat:
2458 2429 2546 2500 ita
2571 2428 2856 2499 demum

772 2544 967 2615 enim
1008 2566 1225 2644 potest
1253 2573 1393 2617 esse
1416 2546 1692 2648 justum
1724 2545 2132 2644 repudium,
2175 2546 2229 2618 si
2269 2545 2527 2617 meruit
2558 2544 2668 2633 id,
2704 2568 2856 2641 quae

772 2660 1198 2758 repudiatur.
1232 2664 1335 2733 Ne
1369 2662 1514 2762 ipse
1543 2662 1834 2761 quidem
1867 2682 2011 2734 tam
2040 2662 2415 2761 impudens
2449 2681 2580 2751 est,
2615 2686 2858 2758 quam-

772 2801 990 2871 quam
1037 2803 1180 2848 non
1224 2776 1398 2849 desit
1441 2777 1773 2867 audacia,
1822 2799 1903 2851 ut
1947 2778 2213 2850 crimen
2255 2779 2483 2850 ullum
2523 2777 2741 2874 fingat
2784 2775 2858 2845 in

777 2919 1059 2965 uxorem
1090 2921 1103 2964 :
1138 2893 1530 2966 necessitate
1565 2895 1983 2967 defenditur.
2018 2898 2335 2967 Poteram
2372 2895 2594 2966 dicere
2616 2950 2635 2984 ,
2666 2889 2859 2963 aliud

773 3033 917 3080 esse
931 3010 1251 3108 justum:
1285 3035 1455 3081 nam
1484 3009 1591 3081 lex
1626 3010 1867 3111 injusti
1893 3009 2162 3108 repudii
2201 3030 2458 3109 spectat
2494 3028 2856 3104 utramque

774 3150 1142 3221 personam
1174 3151 1187 3194 ε
1226 3149 1354 3195 nec
1377 3125 1540 3196 satis
1570 3144 1668 3196 est
1700 3124 1773 3195 id
1802 3125 2011 3197 modo
2046 3123 2339 3213 intueri,
2372 3121 2542 3222 quid
2574 3119 2858 3192 maritus

772 3237 995 3309 facere
1020 3238 1368 3328 debuerit;
1404 3265 1647 3314 verum
1678 3239 1751 3311 id
1780 3266 2061 3338 quoque
2086 3238 2501 3310 intuendum
2534 3256 2666 3324 est,
2690 3235 2860 3334 quid

774 3352 917 3449 pati
952 3354 1269 3428 debuerit
1306 3382 1516 3428 uxor:
1560 3384 1773 3454 quare
1805 3356 1971 3428 licet
2009 3376 2086 3428 tu
2125 3354 2502 3428 necessario
2533 3352 2863 3452 repudia-

854 3537 871 3569 ι
884 3561 896 3572 .
910 3520 1015 3572 Lex
1033 3523 1227 3594 injusti.
1244 3525 1465 3593 Quintil.
1482 3526 1608 3577 lust.
1626 3527 1774 3578 Orat.

774 3598 867 3652 lib.
884 3601 1005 3665 VII,
1030 3619 1146 3673 cap.
1173 3602 1234 3668 4,
1250 3602 1293 3673 §.
1314 3604 1411 3656 38:
1444 3626 1467 3651 σι
1486 3603 1781 3675 Simplicio-

783 3704 805 3727 α
826 3701 910 3735 res
931 3681 1030 3735 illie
1049 3682 1409 3736 cavillationes
1428 3685 1610 3756 injusti
1628 3704 1782 3757 repu-

783 3784 805 3807 α
825 3762 930 3827 dii,
965 3761 1063 3815 sub
1097 3781 1200 3835 qua
1235 3763 1381 3834 lege,
1417 3766 1782 3817 controversiae

782 3840 958 3893 «illud
994 3844 1265 3914 proprium
1300 3840 1531 3909 habent,
1565 3842 1713 3915 qnod
1750 3863 1780 3895 a

784 3940 806 3964 ι
827 3933 978 3991 parte
1004 3923 1300 3975 accusantis
1324 3920 1564 3975 defensio
1588 3934 1700 3988 est,
1729 3936 1783 3974 et

783 4022 806 4046 ι
826 3999 1185 4069 defendentis,
1215 4005 1509 4070 accusatio,
1539 4016 1640 4055 etc.
1665 4027 1686 4049 a·
1715 4003 1783 4054 11-

776 4080 846 4132 lic
874 4077 1056 4136 omnes
1086 4085 1194 4136 fere
1222 4085 1326 4137 1οοί
1343 4124 1360 4151 ,
1385 4084 1476 4156 qui
1504 4086 1559 4136 in
1587 4083 1783 4136 scholis

778 4164 994 4212 tractari
1013 4163 1211 4229 solent,
1232 4164 1530 4216 summatim
1547 4164 1783 4215 referun-

779 4249 878 4290 tur.
918 4240 1143 4294 Necnon
1178 4241 1254 4293 ibi
1289 4242 1483 4294 Fabius
1521 4241 1781 4312 explicat,

1861 3524 2054 3595 quibus
2083 3527 2187 3576 fori
2211 3524 2509 3577 actionibus
2541 3536 2594 3575 et
2627 3518 2861 3573 formulis

1860 3604 2195 3676 respondeat.
2221 3609 2409 3678 Injusti
2427 3602 2629 3675 repudii
2650 3615 2740 3652 aut
2760 3619 2863 3652 ma·

1861 3684 1921 3736 1ae
1936 3687 2286 3754 tractationis,
2302 3689 2380 3736 rei
2399 3685 2589 3735 uxoriae
2604 3681 2742 3731 actio
2763 3692 2862 3746 est,

1863 3782 2027 3837 quum
2043 3767 2313 3836 quaeritur,
2328 3766 2493 3815 utrius
2513 3760 2668 3833 culpa
2689 3760 2865 3813 divor-

1862 3849 1992 3898 tium
2009 3848 2208 3900 factum
2223 3850 2305 3899 sit.
2328 3846 2586 3897 Caeterum
2606 3842 2673 3895 de
2692 3842 2864 3896 divor-

1862 3927 1974 3990 tiis,
2005 3929 2177 3979 causis
2206 3925 2547 3977 divortiorum
2564 3960 2581 3988 ,
2614 3937 2666 3975 et
2692 3923 2864 3993 poenis

1866 4005 2023 4077 culpa
2053 4005 2452 4069 divertentium,
2479 4002 2624 4074 pleni
2651 4015 2772 4054 sunt
2799 4001 2864 4052 li-

1861 4083 1943 4137 bri
1981 4101 2033 4139 et
2070 4100 2338 4139 oratorum
2376 4097 2428 4135 et
2459 4082 2865 4155 jurisconsulto-

1861 4182 1980 4216 rum
2001 4188 2012 4216 ε
2053 4169 2190 4218 inter
2231 4182 2366 4235 quos
2404 4161 2519 4214 vide
2560 4161 2766 4232 Ulpian.
2808 4160 2862 4210 in

1861 4243 2187 4314 Fragmentis
2207 4245 2284 4294 tit.
2305 4241 2371 4294 de
2392 4239 2621 4292 dotibus.
2649 4239 2825 4289 AEnoo.
