3200 5117
781 577 862 641 28
1282 578 1374 643 M.
1425 577 1674 644 FABII
1721 577 2347 678 Qnmfrthm

776 701 1089 791 deferret,
1109 727 1380 774 necesse
1403 701 1703 774 habebat
1720 703 1859 801 pati
1884 689 2352 776 conditionem
2373 705 2668 776 fortunae
2689 724 2849 794 suae,

775 842 966 887 nunc
990 817 1468 913 praescribendi
1492 837 1769 916 tempus
1792 818 1996 890 abiit:
2022 840 2174 890 tum
2201 821 2389 890 enim
2417 820 2850 919 praescribere

776 929 1104 1021 debuisti,
1127 931 1181 1003 si
1219 951 1482 1029 poteras
1500 987 1519 1018 ,
1546 955 1767 1028 quum
1798 930 2063 1003 delatus
2092 948 2231 1003 es¹:
2260 954 2330 1005 et
2357 933 2428 1004 in
2455 934 2585 1005 hoc
2619 934 2850 1032 ipsum

772 1046 1209 1143 praescribere
1229 1103 1248 1132 ,
1282 1070 1369 1115 ne
1404 1044 1698 1116 deferret
1726 1071 1740 1114 :
1777 1071 2005 1142 neque
2035 1046 2226 1118 enim
2265 1046 2404 1118 ulla
2436 1047 2850 1146 praescriptio

772 1159 1090 1232 inchoata
1131 1158 1393 1259 judicia
1438 1158 1674 1257 peragi
1732 1179 1950 1249 vetat,
2006 1181 2071 1232 et
2114 1160 2424 1232 inchoari
2471 1161 2850 1260 aliquando

772 1275 1108 1374 prohibet.
1144 1275 1340 1347 Actio
1373 1274 1515 1365 isti,
1547 1274 1661 1345 cui
1708 1275 2112 1372 praescribiS,
2159 1277 2315 1348 data
2348 1299 2447 1350 est
2474 1306 2487 1348 :
2534 1304 2662 1350 nec
2695 1278 2853 1350 data

771 1391 997 1463 solum
1031 1447 1050 1480 ,
1102 1416 1342 1461 verum
1402 1390 1611 1463 etiam
1668 1390 2015 1463 inchoata.
2071 1393 2374 1464 Invicem
2429 1393 2528 1464 rei
2576 1393 2800 1465 fuistis
2834 1423 2848 1465 :

773 1506 943 1603 quid
991 1505 1231 1578 enim?
1276 1527 1352 1578 tu
1387 1506 1670 1576 initium
1704 1526 1903 1604 putas
1944 1507 2266 1596 actioniS,
2315 1535 2537 1604 quum
2579 1507 2852 1608 judices

772 1620 1244 1710 consederint,
1274 1646 1497 1719 quum
1528 1619 1616 1691 ad
1643 1620 2018 1693 dicendum
2053 1622 2416 1694 surrexerit
2440 1620 2703 1694 orator?
2732 1621 2853 1706 rni-

771 1734 1007 1807 nime?
1047 1734 1190 1807 haec
1236 1736 1428 1806 enim
1473 1754 1550 1806 tu
1582 1735 1846 1807 fecisti²
1883 1737 2204 1809 felicitate
2237 1736 2556 1825 actionis;
2594 1757 2665 1808 et
2702 1736 2808 1808 lex
2830 1793 2851 1824 ,

771 1876 925 1948 quae
973 1849 1438 1948 ignominioso
1472 1877 1617 1922 non
1652 1850 1843 1922 dedit
1882 1851 2260 1942 actionem,
2305 1852 2436 1923 hoc
2481 1851 2849 1949 spectavit,

771 1992 861 2036 ne
893 1964 1184 2037 omnino
1210 1966 1283 2036 in
1310 1991 1586 2039 causam
1614 1965 1954 2038 educendi
1981 1986 2388 2064 potestatem
2415 1965 2730 2056 haberet,
2760 1992 2851 2037 ne

773 2108 971 2152 reum
1018 2081 1317 2154 faciendi
1344 2139 1364 2172 ,
1413 2109 1498 2153 ne
1533 2081 1606 2160 in
1653 2081 2043 2180 periculum
2079 2081 2543 2180 perducendi:
2597 2107 2748 2180 quae
2793 2080 2850 2152 si

772 2198 1011 2269 omnia
1048 2199 1204 2299 jam
1242 2200 1421 2271 facta
1453 2219 1648 2289 sunt,
1685 2219 1962 2296 tempus
1996 2199 2523 2299 praescriptionis
2558 2196 2848 2270 transiit.

771 2311 1050 2383 Accedit
1082 2311 1302 2402 aliud,
1343 2313 1531 2410 quod
1561 2311 2023 2410 quaerendum
2062 2333 2196 2404 est,
2231 2316 2725 2386 IGNOMINIOSO
2756 2330 2852 2384 ΝΕ

768 2447 921 2515 QUA
950 2447 1172 2501 ACTIO
1203 2429 1623 2529 injuriarum
1658 2454 1898 2499 earum
1924 2485 1944 2518 ,
1980 2454 2131 2526 quae
2173 2430 2362 2501 factae
2397 2430 2575 2517 sint,
2620 2446 2853 2526 postea

770 2569 984 2642 quam
1019 2542 1524 2641 ignominiosus
1567 2567 1711 2614 esse
1756 2542 1977 2640 coepit.
2017 2544 2209 2634 Fecit
2237 2542 2566 2642 injuriam
2607 2540 2850 2640 aliquis

771 2658 867 2747 ei,
912 2657 1073 2728 fecit
1109 2659 1363 2729 frustra
1393 2656 1897 2755 ignominioso:
1935 2658 2206 2730 videtur
2241 2658 2475 2730 minus
2505 2683 2807 2756 peccasse
2830 2715 2849 2746 ,

770 2798 984 2870 quam
1012 2772 1066 2842 si
1098 2772 1407 2872 aliquem
1437 2774 1655 2845 civem
1674 2829 1692 2861 ,
1736 2773 1848 2844 cui
1881 2772 2147 2871 integer
2173 2794 2382 2846 status
2415 2794 2621 2863 esset,
2649 2772 2850 2844 laesis-

768 2905 867 2957 set
894 2912 908 2955 ε
937 2885 1129 2957 hune
1160 2907 1644 2985 contemptum
1679 2887 1922 2984 utique
1949 2886 2181 2960 noluit
2207 2885 2715 2959 damnationis3
2743 2886 2851 2959 lex

769 3025 946 3089 esse,
991 2999 1126 3071 nisi
1151 3021 1303 3098 post
1325 3000 1877 3073 damnationem.
1910 3001 2062 3072 Hoc
2090 3020 2358 3089 autern,
2389 3000 2474 3071 de
2504 3027 2643 3097 quo
2670 3027 2851 3097 quae·

767 3113 966 3204 ritur,
1004 3114 1391 3188 confitearis
1424 3135 1770 3215 oporteat,
1814 3136 2047 3187 actum
2079 3142 2222 3188 esse
2256 3136 2413 3187 ante
2448 3114 2848 3187 damnatio-

670 3249 681 3270 '
768 3255 983 3301 nem:
1034 3253 1175 3304 tam
1227 3230 1694 3330 ignominioso
1741 3231 1965 3303 noluit
2014 3258 2156 3303 esse
2204 3230 2580 3321 actionem,
2634 3256 2849 3329 quam

772 3346 1175 3444 ignominiae
1196 3347 1575 3418 vindictam
1599 3375 1614 3418 :
1642 3367 1720 3418 ut
1738 3347 1794 3418 si
1807 3347 1926 3447 jus
1950 3345 2233 3419 emendi
2257 3346 2644 3417 auferretur
2668 3344 2852 3416 darn·

772 3482 978 3546 nato,
1028 3482 1391 3533 manerent
1439 3481 1674 3532 tamen
1729 3486 1848 3548 ea,
1902 3485 2058 3557 quae
2110 3459 2424 3549 emisset,
2473 3479 2847 3556 antequam

771 3574 1242 3647 damnaretur.
1285 3577 1468 3673 Ergo
1500 3601 1645 3646 non
1675 3594 1984 3671 tempore
2013 3573 2429 3670 praescribis»,
2469 3598 2597 3644 nec
2623 3572 2847 3669 perire

770 3716 854 3763 ea
887 3716 1090 3761 causa
1135 3708 1398 3789 potest,
1448 3688 1645 3789 cujus
1693 3688 1884 3786 origo
1930 3706 2085 3760 ante
2130 3685 2650 3758 damnationem
2699 3705 2842 3756 est:

771 3805 915 3877 haec
943 3805 1247 3878 dicerem
1276 3803 1697 3903 cuicumque
1727 3802 1892 3875 etin
1921 3827 2362 3901 quacumque
2392 3798 2678 3871 actione.
2708 3799 2850 3870 Te-

845 4061 863 4095 1
878 4085 888 4095 .
915 4043 1132 4096 Delatus
1151 4063 1203 4097 es
1217 4065 1232 4094 .-
1257 4055 1309 4096 et
1332 4046 1387 4096 in
1413 4042 1526 4096 hoc.
1552 4042 1771 4097 Delatus
1850 4054 1910 4093 tu.
1929 4043 2088 4116 egisti.
2106 4041 2221 4095 Seu.
2239 4070 2306 4080 —
2321 4038 2587 4091 Felicitate
2612 4039 2844 4092 actionis.

766 4142 842 4188 es,
864 4134 913 4174 et
934 4122 995 4172 in.
1012 4120 1138 4184 hoc,-
1160 4136 1210 4174 et
1235 4134 1418 4194 postea
1432 4159 1448 4188 ,
1473 4133 1638 4188 vetat,
1657 4135 1706 4174 et
1728 4124 1773 4175 si
1847 4122 2001 4190 Lege,
2007 4120 2268 4191 felicitate
2279 4117 2442 4184 sortis,
2452 4115 2536 4169 vel
2549 4117 2844 4170 sortitionis.

773 4200 1021 4252 inchoari.
1046 4200 1189 4252 Prm.
1919 4198 1971 4251 3.
1996 4199 2184 4271 Utique
2197 4195 2559 4250 damnationis.
2574 4194 2848 4268 Legefltti-

844 4298 891 4334 2.
915 4280 1045 4334 Hoec
1071 4283 1211 4333 enim
1234 4280 1614 4356 tufecisti3Sic
1631 4282 1770 4334 enim
1852 4299 1951 4353 que
1973 4280 2247 4335 damnatis.
2271 4280 2440 4333 Gaon.
