3200 5117
851 557 1692 627 DECLAMATIONES.
1739 561 1885 627 XX.

2286 560 2412 655 ⁵⁵9

291 826 1482 855 mmmmmmmmmwm
1491 832 1967 859 mmm
1976 836 2061 857 mh
2069 836 2161 859 m
2168 836 2411 860 mm&

1259 1058 1452 1135 XX.

938 1286 1343 1359 Prostitutus
1371 1312 1458 1359 ex
1483 1294 1790 1387 qeminis.

280 1515 382 1573 Ex
417 1511 675 1573 duobus
703 1512 962 1594 geminis
991 1510 1142 1573 alter
1165 1524 1433 1595 prostat,
1463 1512 1665 1573 reddit
1688 1512 1842 1574 alter
1860 1515 1929 1574 in
1959 1526 2174 1576 senatu
2202 1532 2411 1577 causas

1043 1613 1262 1672 mortis
1286 1612 1679 1673 voluntat-iffi.

839 1835 994 1883 PRO
1042 1832 1366 1881 FRATRE
1413 1830 1884 1881 MontTtJtto.

396 1973 702 2046 Utinam
724 1974 1045 2072 quidem,
1072 1994 1295 2074 patres
1316 1974 1716 2073 conscripti,
1742 1972 1922 2045 mori
1942 1970 2148 2045 vellet
2164 1970 2402 2046 Frater!

347 2092 586 2168 omini
614 2093 1041 2181 verecundo,
1079 2093 1191 2163 cui
1221 2118 1494 2165 necesse
1528 2107 1697 2180 est¹,
1730 2113 1813 2162 ut
1842 2114 1924 2162 ea
1954 2089 2039 2161 de
2074 2117 2407 2188 germano

288 2281 388 2334 ino
422 2299 555 2332 casu
584 2278 843 2330 honorem
868 2278 1100 2348 exprimi.
1131 2278 1314 2329 Senec.

286 2364 460 2429 Trag.
474 2356 669 2410 Troad.
693 2375 708 2408 ι
729 2375 786 2426 ¹7
802 2379 813 2408 t
835 2356 984 2408 «Tibi
1001 2369 1182 2407 nostra
1198 2358 1317 2408 ferit

298 2464 320 2486 ι
342 2439 534 2489 dextra
559 2435 815 2496 lacertos..
839 2436 1207 2506 numerosque
1236 2436 1317 2485 fe-

295 2542 318 2566 «
343 2521 414 2570 rit
455 2517 555 2570 tibi
592 2519 908 2585 sanguineos
929 2553 946 2582 ‚
976 2516 1096 2567 Tibi
1137 2528 1317 2566 nostra

297 2624 319 2646 «ι
343 2610 518 2670 caput
537 2595 749 2648 dextera
771 2594 963 2667 pulsat.
980 2593 1101 2645 Tibi
1121 2607 1316 2645 mater-

295 2704 318 2725 κ
343 2680 428 2729 nis
449 2676 615 2728 ubera
631 2674 818 2747 palmis
837 2675 1052 2725 Laniata
1067 2675 1267 2742 jacent.
1288 2697 1310 2720 ι

289 2757 483 2809 Patriae
526 2768 703 2805 autem
745 2752 966 2804 honoris
1012 2753 1177 2822 gratia
1199 2790 1214 2817 ‚
1263 2764 1314 2801 et

289 2848 523 2907 propter
547 2836 769 2905 patriam
787 2870 803 2898 ‚
834 2831 1023 2884 eodem
1050 2830 1306 2883 recidunt.

287 2912 460 2982 Quod
491 2925 678 2961 notum
703 2924 780 2962 est
804 2910 865 2961 iis
882 2949 899 2977 ‚
926 2913 1016 2980 qui
1040 2912 1308 2962 Plautinos

291 2990 509 3063 lepores
534 2984 960 3056 degustaverunt.
988 2988 1114 3039 Inde
1138 2986 1312 3059 Sulpi-

293 3071 376 3121 cia
411 3068 469 3118 in
505 3082 675 3139 satyra
710 3085 834 3131 sua,
870 3088 891 3111 ιι
917 3068 1198 3117 ...Summa
1229 3080 1310 3140 ty-

301 3174 323 3195 a
343 3166 517 3200 ranno
534 3148 654 3196 Haec
675 3148 870 3197 instant
891 3144 1041 3212 odia,
1060 3159 1111 3197 et
1126 3160 1307 3197 nostro

301 3252 323 3274 u
343 3227 617 3300 periturus
654 3223 859 3276 honore
902 3234 1006 3287 est;
1027 3249 1049 3272 ι
1091 3222 1151 3276 Id
1193 3237 1271 3276 est
1291 3262 1307 3290 ‚

292 3322 520 3382 propter
541 3324 653 3357 nos.
680 3307 891 3357 Dictum
905 3342 920 3371 ‚
941 3320 1000 3357 ut
1019 3304 1162 3377 apud
1181 3302 1309 3357 Cur-

295 3392 465 3452 tium,
515 3409 536 3432 ιι
559 3387 680 3439 Non
722 3385 925 3438 luxuria
973 3384 1307 3451 laboramus,

301 3495 324 3520 αι
347 3467 440 3522 sed
458 3467 619 3520 bello.
643 3492 665 3515 n
685 3469 882 3521 Seneca
897 3469 1046 3521 suas.
1067 3486 1122 3537 7:
1148 3491 1169 3513 ι
1187 3471 1307 3521 Non

304 3576 326 3599 a
348 3549 580 3602 laudabo
606 3550 923 3619 municipem
949 3562 1185 3599 nostrum
1210 3547 1310 3599 bo·

305 3655 327 3679 ιι
347 3649 420 3683 no
467 3646 639 3680 versu.
663 3651 684 3675 ι
736 3627 953 3680 ὃοηυιτ.
1001 3629 1077 3678 lta
1126 3628 1310 3700 patria!

301 3715 531 3773 vincent,
563 3709 753 3779 Justin.
786 3710 864 3774 11,
899 3721 950 3758 et
977 3708 1172 3779 passim
1201 3707 1304 3759 alii.

302 3795 393 3844 Est
416 3807 541 3841 vero
566 3789 798 3839 imitatus
824 3787 1150 3841 declamator
1171 3786 1304 3839 Vell.

302 3872 389 3942 qui
409 3867 499 3919 lib.
524 3868 595 3931 11,
611 3865 710 3931 35,
725 3865 852 3917 dixit
872 3865 939 3917 de
957 3864 1109 3919 Catil.
1138 3889 1160 3910 ι
1181 3867 1309 3916 For-

309 3974 331 3997 «
352 3949 546 4000 tissime
583 3944 837 3996 dimicans
872 3963 1026 4014 quem
1066 3946 1306 4016 spiritum

307 4052 330 4076 α
351 4026 610 4099 supplicio
626 4023 910 4089 debuerat,
924 4024 1105 4095 praelio
1127 4022 1306 4074 reddi-

310 4129 333 4152 «
353 4106 444 4158 dit.
468 4130 489 4152 n
517 4106 576 4155 Et
599 4106 666 4154 ita
687 4102 774 4154 ille
796 4104 951 4154 etiam
972 4103 1112 4154 alibi.
1135 4104 1301 4154 Eunu.

379 4203 397 4237 ι
411 4225 423 4236 .
439 4183 659 4236 Homini
675 4182 959 4233 verecundo
973 4220 991 4247 ‚
1008 4181 1096 4234 cui
1114 4200 1306 4234 necesse

307 4277 410 4331 est,
436 4280 532 4319 etc.
567 4266 732 4336 Lege,
767 4263 988 4317 Homini
1020 4263 1302 4317 verecundo

1397 2275 1534 2327 mihi
1561 2297 1755 2330 necesse
1777 2289 1878 2346 est,
1904 2291 1964 2330 ut
1989 2298 2049 2330 ea
2073 2279 2136 2329 de
2155 2294 2408 2349 germano

1398 2375 1511 2407 meo
1531 2358 1729 2424 dicam,
1750 2375 1883 2430 quoe,
1900 2369 2022 2408 ante
2045 2357 2204 2408 habeo
2221 2348 2404 2427 perire,

1399 2452 1463 2484 ne
1488 2436 1706 2487 videam.
1734 2438 1912 2503 Quum
1939 2448 2116 2488 autem
2140 2436 2279 2487 hanc
2304 2434 2407 2487 De-

1397 2512 1771 2565 clamationem
1818 2518 2117 2566 accuratius
2159 2513 2407 2565 conside-

1396 2613 1485 2661 ro,
1513 2593 1668 2645 facile
1698 2593 1892 2646 induco
1916 2597 2148 2646 animum
2167 2633 2182 2659 ‚
2208 2606 2266 2644 ut
2293 2613 2408 2645 cre-

1397 2671 1515 2722 dam
1530 2711 1545 2737 ,
1564 2671 1705 2723 hanc
1726 2672 2178 2725 Declamationem
2206 2692 2313 2724 nun
2338 2672 2405 2724 ab

1397 2750 1584 2806 eodem
1611 2754 1819 2807 fluxisse
1844 2755 2087 2824 ingenio,
2119 2773 2148 2804 a
2175 2773 2280 2825 quo
2302 2753 2407 2804 ha·

1393 2848 1507 2882 rum
1529 2833 1808 2903 pleraeque.
1832 2836 1971 2885 Inter
1983 2834 2407 2885 Declamationes

1395 2930 1639 2982 quoque,
1676 2929 1792 2981 quae
1828 2931 1925 2963 avo
1958 2910 2287 2980 Quintiliano
2326 2911 2407 2961 in-

1391 2989 1712 3053 scribuntur,
1743 2987 1965 3041 aliorum
1996 2984 2264 3041 nonnullae
2289 3007 2403 3041 esse

1390 3069 1651 3120 videntur.
1678 3071 1736 3118 ln
1759 3088 1865 3139 quo
1891 3071 1932 3119 si
1959 3069 2073 3140 quis
2099 3064 2335 3134 dubitet,
2358 3068 2402 3118 is

1391 3144 1518 3197 mihi
1544 3164 1631 3196 eas
1651 3144 1852 3211 videat,
1880 3164 1992 3215 quae
2016 3140 2397 3197 Declamation‘.
2474 3155 2489 3165 ⁹

1388 3224 1680 3277 CCCLXXI
1728 3224 2136 3297 subsequuntur.
2180 3222 2398 3277 Senum.

1389 3304 1579 3371 Forte,
1614 3302 1839 3356 Homini
1870 3303 2154 3355 verecundo
2186 3322 2280 3355 cur
2307 3323 2399 3356 ne-

1389 3380 1516 3439 'cesse
1540 3399 1641 3452 est,
1667 3400 1765 3438 etc.
1799 3386 1873 3436 lta
1903 3398 2085 3437 contra
2117 3388 2282 3438 curin
2314 3389 2399 3439 cui

1389 3468 1705 3517 mutavimus
1731 3480 1887 3536 supra
1912 3462 2057 3515 Decl.
2084 3462 2212 3531 ΧΠ,
2239 3479 2286 3516 et
2313 3485 2397 3518 so-

1389 3547 1499 3599 lent
1518 3546 1790 3599 confundi.
1812 3546 1937 3611 vel,
1958 3546 2091 3598 mori
2110 3545 2265 3598 veHet
2276 3542 2401 3616 fra-

1383 3638 1468 3680 ·ter
1481 3624 1685 3680 homini
1699 3624 2003 3689 verecundo,
2017 3626 2119 3691 cui,
2133 3639 2231 3676 etc.
2252 3625 2396 3698 quod

1388 3720 1568 3778 posset
1593 3704 1841 3777 explicari
1872 3705 1922 3755 in
1948 3707 2164 3773 gratiam
2191 3722 2360 3754 meam
2380 3742 2396 3769 ‚

1390 3805 1504 3837 mea
1520 3803 1677 3836 causa
1697 3797 1747 3835 et
1764 3782 2006 3835 utilitate.
2027 3784 2099 3833 lta
2120 3784 2286 3853 perire
2303 3774 2397 3833 alt*-

1387 3869 1472 3918 σαὶ
1497 3869 1655 3918 etiarn
1685 3884 1841 3936 supra
1870 3860 2179 3927 Decl.‘x11·‚
2211 3878 2396 3913 occur-

1385 3949 1467 3997 rit.
1499 3948 1562 3997 Et
1594 3945 1883 3995 Declamat.
1916 3940 2265 4013 praecedenti:
2297 3943 2395 3993 Pa·

1392 4048 1413 4070 κ
1434 4025 1541 4075 trioe
1557 4024 1799 4093 spiritum
1815 4019 2157 4093 profundere.
2180 4044 2201 4067 a
2227 4012 2393 4086 Quin-

1387 4116 1469 4155 tus
1506 4103 1718 4155 Curtius
1754 4103 1856 4165 vl,
1906 4116 1959 4151 ιι
1989 4120 2001 4149 :
2052 4122 2072 4143 ι
2096 4101 2215 4150 Non
2254 4101 2391 4151 enim

1393 4204 1414 4227 κ
1435 4179 1534 4233 sibi
1559 4217 1575 4245 ‚
1628 4177 1719 4231 sed
1770 4177 1909 4228 hosti
1959 4179 2226 4229 occisuros
2277 4197 2389 4229 esse

1391 4286 1412 4308 α
1437 4260 1805 4315 Alexandrum.
1830 4282 1850 4306 n
1883 4260 2048 4309 Bona.
