3200 5117
778 465 909 534 238
1276 462 1368 530 Μ.
1416 459 1668 528 Fun
1713 459 2351 546 Qum'rltlmt

775 586 990 682 idque
1023 609 1167 658 non
1195 580 1529 658 mediocri
1566 581 1834 658 ratione
1863 607 1880 654 ι
1916 606 2142 679 neque
2177 579 2372 654 enim
2403 578 2595 654 aliud
2617 593 2636 624 ¹
2668 580 2868 654 vide-

776 720 893 776 tur
942 697 1263 772 solatium
1313 695 1551 770 mortis
1579 752 1602 786 ,
1653 721 1866 792 quam
1913 693 2228 770 voluntas
2263 693 2458 766 ultra
2508 715 2862 768 mortem:

779 814 1045 911 alioqui
1076 833 1297 914 potest
1319 835 1521 911 grave
1539 810 1799 902 videri,
1824 810 2036 883 etiam
2063 809 2293 909 ipsum
2321 809 2822 908 patrimonium
2840 867 2862 901 ,

781 931 839 1008 si
864 957 1008 1004 non
1038 930 1379 1029 integram
1403 928 1632 1027 legem
1658 927 1905 1004 habet:
1938 947 2004 1002 et
2032 952 2257 1025 quum
2285 952 2496 999 omne
2515 926 2634 1028 jus
2659 927 2866 1002 nohis

780 1045 854 1118 in
901 1044 971 1118 id
1020 1044 1452 1143 permittatur
1494 1042 1882 1118 viventibus
1914 1099 1936 1133 ,
1986 1042 2340 1115 auferatur
2381 1042 2859 1116 morientibus.

778 1157 1185 1230 Proximum
1225 1158 1465 1230 locum
1496 1182 1541 1228 a
1576 1155 2004 1232 testamentis
2038 1154 2304 1230 habent
2335 1156 2709 1255 propinqui
2743 1184 2762 1228 :
2799 1177 2867 1229 et

780 1276 937 1365 ita2,
963 1275 1019 1346 si
1046 1276 1401 1350 intestatus
1418 1273 1573 1372 quis
1586 1301 1668 1350 ac
1681 1273 1832 1348 sine
1844 1272 2083 1348 liberis
2100 1273 2464 1347 decesserit
2481 1300 2496 1345 :
2520 1300 2664 1346 non
2680 1300 2862 1372 quo-

779 1391 975 1464 niam
998 1390 1238 1489 utique
1250 1387 1519 1489 justum
1542 1387 1666 1479 sit,
1681 1388 1768 1462 ad
1788 1389 1914 1462 hos
1933 1388 2288 1489 pervenire
2308 1388 2496 1460 bona
2515 1388 2867 1461 defuncto·

780 1532 979 1596 rum,
1021 1504 1141 1578 sed
1184 1501 1524 1601 quoniam
1564 1502 1834 1594 relicta,
1883 1524 1949 1576 et
1988 1503 2175 1576 velut
2220 1504 2293 1575 in
2343 1503 2575 1575 medio
2609 1503 2861 1603 posita,

783 1620 959 1692 nulli
988 1621 1273 1720 propius
1296 1619 1621 1692 videntur
1648 1620 2069 1719 contingere.
2094 1619 2286 1693 Nihil
2317 1641 2416 1693 est
2448 1647 2608 1719 ergo
2626 1678 2645 1710 ,
2676 1621 2860 1718 quod

782 1763 910 1808 nos
941 1763 1225 1810 onerare
1251 1755 1514 1809 tentent
1545 1737 1832 1810 nomine
1872 1737 2005 1810 isto
2041 1736 2609 1838 propinquitatis,
2635 1737 2862 1839 jacta-

784 1852 969 1923 tione
1012 1851 1367 1951 sanguinis
1410 1872 1477 1926 et
1518 1873 1818 1944 naturae,
1861 1852 2182 1926 homines
2223 1852 2408 1925 binis
2432 1852 2580 1953 jam
2614 1852 2863 1926 tabulis

786 1967 1248 2040 exheredati.
1198 1968 1226 2018 3
1284 1970 1374 2041 Et
1407 1994 1572 2041 sane
1607 1968 1875 2067 quoties
1914 1966 2195 2067 quaestio
2220 1966 2400 2068 juris
2433 1988 2531 2040 est
2560 1967 2760 2057 certi,
2802 1987 2866 2040 et

784 2106 827 2150 a
856 2081 1238 2182 majoribus
1262 2081 1649 2173 constituti,
1683 2081 1864 2154 nihil
1900 2108 2176 2154 necesse
2212 2102 2311 2154 est
2341 2081 2620 2155 laudare
2648 2082 2863 2181 legeS,

785 2195 1039 2292 quibus
1072 2195 1361 2286 utimur,
1390 2216 1457 2270 et
1486 2195 1580 2268 ad
1606 2223 1781 2294 quas
1808 2195 2003 2268 vobis
2021 2179 2486 2296 judicandum
2513 2216 2652 2269 est:
2686 2223 2870 2295 quae-

787 2309 914 2379 stio
936 2308 1143 2407 igitur
1163 2308 1366 2381 totius
1385 2336 1605 2381 causae
1628 2328 1902 2400 nostrae,
1935 2329 2011 2379 ut
2029 2309 2298 2407 opinor,
2329 2311 2400 2380 in
2426 2338 2507 2382 eo
2527 2312 2865 2401 consistit,

788 2449 879 2494 an
908 2424 1172 2497 amicus
1205 2451 1404 2497 meus
1432 2424 1787 2502 intestatus
1822 2422 2224 2500 decesserit:
2260 2424 2333 2495 in
2363 2452 2504 2524 qua
2530 2447 2718 2525 parte
2752 2427 2871 2497 de-

789 2537 1022 2626 lector,
1049 2539 1221 2610 nihil
1247 2560 1391 2611 tam
1418 2539 1743 2626 obscure,
1782 2537 1962 2610 nihil
1998 2558 2138 2609 tam
2179 2538 2356 2610 clam
2396 2567 2532 2612 esse
2568 2542 2863 2630 factum,

789 2673 866 2724 ut
888 2652 1090 2724 nobis
1109 2653 1553 2751 probandum
1574 2653 1679 2732 sit.
1702 2655 2058 2751 Interrogo
2073 2679 2193 2726 vos
2218 2653 2442 2751 igitur,
2468 2651 2863 2751 propinqui,

790 2796 877 2840 an
924 2769 1068 2859 hic,
1113 2796 1324 2867 quem
1369 2769 1767 2841 intestatum
1814 2768 2172 2842 decessisse
2220 2770 2439 2841 dicitis
2458 2826 2477 2859 ,
2521 2768 2868 2869 scripserit

791 2883 1167 2981 aliquando
1205 2881 1745 2956 testamentum?
1776 2883 2123 2982 interrogo
2151 2910 2303 2976 vos,
2337 2910 2423 2955 an
2457 2884 2558 2954 hae
2582 2882 2865 2971 tahulae,

789 3023 941 3098 quae
967 3024 1046 3072 ex
1070 3017 1259 3098 parte
1278 3019 1503 3076 nostra
1524 2999 1992 3104 proferuntur,
2018 2998 2238 3071 testati
2260 2997 2459 3071 sunt?
2482 2997 2868 3100 Intelligitis

868 3143 1257 3216 1.Nequeenim
1273 3143 1433 3198 aliud.
1450 3145 1636 3218 Neque
1651 3145 1790 3200 enim

792 3224 980 3292 majus,
1007 3223 1179 3275 AErod.
1207 3223 1308 3276 Alii
1316 3228 1519 3299 ,majus
1534 3225 1704 3278 datur.
1720 3253 1793 3263 —

793 3298 1022 3370 Alioqui.
1043 3301 1154 3355 Nec
1170 3263 1399 3373 aficuip.
1418 3302 1629 3376 μανίας
1644 3303 1792 3377 quid-

790 3396 951 3450 quam
976 3379 1139 3431 videri
1151 3400 1352 3452 ,quam
1380 3382 1580 3452 ipsum,
1611 3379 1786 3433 AErod.

790 3489 864 3499 —
882 3460 1147 3532 Inteqram
1177 3460 1648 3536 leqem.1nte9mm
1676 3481 1792 3514 mm

792 3534 972 3608 legem.
1000 3535 1216 3589 Senum.
1244 3541 1405 3591 -Et
1431 3559 1591 3613 quum
1621 3558 1789 3592 omne.

792 3614 1795 3683 Lqituthdnim351rossetst'

791 3711 973 3767 quum.
998 3694 1214 3748 Scantr.

865 3789 911 3823 2.
932 3771 1004 3823 Et
1025 3772 1114 3824 ita.
1136 3775 1415 3841 Francius,
1431 3775 1520 3828 sed
1538 3776 1707 3827 ἰεα.-
1726 3776 1789 3827 In

792 3852 1102 3910 mdiavffl.
1120 3854 1185 3908 ad
1201 3855 1434 3912 Daciam.
1454 3859 1497 3924 l,
1510 3854 1794 3911 8.--ΝιιΙΙί

786 3933 1001 4005 propius
1039 3933 1282 3988 videntur
1311 3935 1619 4008 contingere,
1663 3936 1792 3988 Pm-

789 4012 931 4082 prt'us
942 4048 961 4075 ‚
996 4012 1171 4066 AErod.
1206 4017 1287 4066 An
1322 4033 1462 4081 non,
1496 4013 1705 4067 nullon?
1734 4027 1793 4068 m

792 4088 945 4140 Ovid-
964 4089 1104 4161 Eleg.
1122 4094 1177 4144 in
1196 4093 1453 4160 Drusum,
1471 4111 1534 4163 9:
1558 4095 1792 4148 «Luctus

798 4187 822 4211 ι
843 4169 1064 4237 contigit
1093 4188 1293 4223 omnes.
1315 4194 1338 4217 ι·
1366 4172 1622 4228 Francius
1645 4171 1796 4228 vole·-

1870 3143 1998 3213 bat,
2030 3143 2170 3198 nulli
2203 3163 2360 3217 quam
2402 3142 2511 3204 illi,-
2544 3145 2645 3196 nisi
2682 3142 2863 3196 nullos.

1941 3221 1992 3275 3.
2027 3223 2164 3275 Binis
2182 3225 2304 3295 jam
2333 3222 2522 3274 tabulis
2555 3220 2864 3274 exheredati.

1870 3303 2003 3353 Nam
2043 3304 2218 3372 priore
2260 3313 2605 3364 testamento,
2649 3303 2870 3352 amicum

1870 3397 2067 3444 unum,
2104 3382 2432 3450 posteriore,
2466 3379 2690 3431 alterum
2724 3380 2869 3429 iusti-

1869 3470 2057 3511 tuerat.
2103 3459 2265 3527 Atqui
2301 3459 2581 3529 praeteritio
2621 3475 2869 3523 suorum,

1872 3541 2022 3610 quasi
2069 3538 2308 3609 qua-dam
2357 3537 2702 3590 exhaeredatio
2751 3549 2865 3589 est:

1870 3631 1998 3670 nota
2032 3636 2159 3670 vero
2197 3637 2308 3670 non
2347 3621 2550 3690 exigua.
2591 3619 2766 3672 AEno».
2800 3648 2872 3658 -

1868 3700 1955 3752 Ad
1975 3719 2104 3774 quas
2133 3701 2271 3753 vobis
2285 3700 2644 3773 judicandum
2676 3712 2764 3752 eut.
2797 3702 2873 3752 lta

1868 3778 2015 3832 Decl.
2067 3778 2310 3830 CCme
2334 3801 2346 3830 ι
2402 3778 2525 3830 «Ad
2569 3793 2714 3830 certa
2753 3781 2872 3848 jura

1877 3878 1900 3906 ι
1918 3857 2210 3911 considere.
2233 3881 2256 3906 n
2297 3859 2363 3912 Et
2406 3857 2670 3909 CCCXLV
2689 3880 2704 3910 e
2750 3879 2773 3902 ι
2792 3855 2873 3907 Ad

1877 3959 1900 3983 ι
1921 3937 2024 3990 hoc
2055 3941 2176 4007 jus,
2211 3937 2280 3991 ad
2309 3937 2450 3989 hane
2482 3937 2654 4008 legem
2686 3953 2871 3988 conse-

1877 4037 1900 4064 ·
1919 4016 2086 4069 distis.
2108 4039 2133 4063 ι
2159 4047 2232 4060 --
2256 4016 2447 4070 Testatt'
2465 4027 2601 4067 sunt.
2623 4014 2874 4067 reumatis

1870 4093 1990 4161 sint,
2008 4096 2258 4149 latinius.
2279 4098 2519 4150 Intestati
2537 4096 2655 4148 sint.
2680 4094 2872 4147 Scutt-

1871 4188 2095 4228 Tmolus,
