3200 5117
783 526 864 608 48
1286 522 1378 585 Μ.
1427 520 1674 585 FABu
1719 518 2346 602 QUINTILIANI

780 645 1148 734 discutere,
1179 663 1522 741 quantum
1551 640 1627 712 in
1657 633 1808 738 ipso
1837 659 2012 729 erat,
2049 639 2287 712 voluit.
2313 638 2560 712 Nescio
2588 665 2680 712 an
2697 640 2861 741 plus

779 759 1184 848 debeamus„
1219 758 1273 829 si
1305 756 1392 828 ad
1435 753 1779 827 indicium
1816 780 1960 826 non
1994 754 2192 825 certis
2233 755 2663 851 argumentis
2701 782 2861 854 per-

779 875 1027 950 ductus
1056 873 1179 944 sit:
1226 899 1390 943 nam
1424 871 1480 943 si
1522 871 1887 942 manifesta
1917 868 2272 942 detulisset
2284 900 2302 958 ;
2333 869 2390 940 si
2427 895 2538 960 ea,
2579 869 2664 942 de
2701 871 2864 968 qui-

775 989 908 1062 bus
951 988 1268 1062 dubitare
1311 1014 1519 1059 nemo
1566 1007 1885 1059 nostrum
1934 1005 2188 1085 posset,
2238 983 2622 1057 crederetur
2665 986 2862 1084 cupi—

779 1105 989 1178 ditate
1021 1102 1352 1176 manendi
1388 1104 1458 1173 in
1502 1102 1769 1174 civitate
1814 1100 2078 1174 fecisse.
2125 1098 2361 1173 Solam
2408 1101 2736 1198 pietatem
2782 1101 2856 1170 in

778 1248 980 1294 causa
1016 1220 1255 1292 indicii
1288 1219 1565 1309 habuit,
1594 1218 1723 1317 qui
1750 1218 1824 1289 in
1855 1216 2103 1291 urbem
2138 1216 2382 1291 detulit
2408 1217 2637 1307 litem,
2671 1239 2739 1289 et
2777 1216 2861 1288 li-

777 1357 916 1409 tem
958 1336 1285 1437 injustam
1305 1349 1322 1380 ¹
1368 1334 1804 1406 conditione:
1837 1361 1918 1405 ex
1941 1333 2154 1406 altera
2184 1354 2374 1432 parte
2397 1333 2616 1438 solus,
2644 1354 2710 1405 et
2737 1360 2857 1406 ex-

776 1453 919 1538 sul,
948 1451 1359 1539 damnatus;
1393 1478 1472 1522 ex
1506 1450 1714 1522 altera
1746 1471 1936 1549 parte
1962 1451 2172 1522 homo
2197 1471 2471 1550 potens,
2503 1445 2851 1548 gratiosus

777 1570 1047 1640 Omnes
1081 1568 1205 1639 ista
1234 1567 1604 1665 diligenter
1632 1567 2064 1666 perpendite:
2102 1566 2501 1665 intelligetis
2537 1592 2680 1637 non
2714 1591 2856 1638 esse

776 1683 1141 1754 sententias
1171 1707 1384 1781 pares.
1417 1680 1614 1773 Quid
1659 1702 1758 1753 est
1789 1680 2041 1779 igitur?
2087 1708 2213 1779 ego
2256 1680 2463 1752 etiam
2507 1706 2630 1778 pro
2672 1680 2852 1779 ipso,

775 1798 897 1893 qui
917 1796 1271 1869 absolutus
1299 1819 1430 1886 est,
1454 1824 1603 1886 reo,
1626 1796 1939 1870 existimo
1973 1823 2117 1868 esse
2143 1821 2421 1868 manere
2446 1795 2634 1885 hunc
2661 1796 2732 1866 in
2759 1796 2858 1867 ci-

773 1891 1013 1983 vitate?
1044 1911 1225 1984 Illud
1254 1913 1481 1985 dicere
1509 1939 1636 2014 pro
1662 1913 2016 2011 republica
2036 1912 2194 1984 satis
2218 1934 2390 2003 erat,
2411 1910 2754 1984 habemus
2778 1911 2855 1984 in

775 2026 1036 2098 civitate
1070 2028 1450 2099 custodem.
1489 2028 1785 2125 Inquirit
1816 2028 2075 2100 adhuc:
2120 2028 2405 2100 forsitan
2439 2026 2676 2099 omnia
2712 2046 2852 2098 tam

772 2140 1002 2211 videre
1035 2167 1175 2222 nou
1219 2141 1445 2240 potuit
1484 2143 1706 2232 exsul,
1743 2169 1886 2214 non
1921 2142 2162 2214 omnia
2197 2163 2342 2213 tam
2376 2141 2555 2212 clare
2597 2140 2854 2241 perspi-

773 2280 964 2325 cere:
996 2250 1126 2327 hoc
1157 2255 1370 2327 visuri
1390 2269 1414 2299 ²
1448 2282 1571 2355 pro
1607 2254 1937 2352 opinione
1971 2255 2153 2362 ejus3
2182 2256 2303 2354 qui
2330 2254 2687 2326 absolutus
2718 2275 2850 2346 est,

773 2394 917 2439 non
965 2369 1342 2459 timebitur,
1388 2371 1729 2468 quamdiu
1765 2369 1879 2441 hic
1917 2370 2119 2442 fuerit
2174 2370 2245 2440 in
2293 2369 2578 2443 civitate.
2626 2373 2853 2440 Immo

772 2481 1052 2555 hercule
1084 2484 1142 2555 si
1177 2484 1510 2555 mentitus
1545 2506 1676 2573 est,
1710 2484 1765 2555 si
1797 2484 2035 2556 fictum
2071 2483 2315 2556 detulit
2352 2482 2615 2555 crimen
2634 2511 2652 2570 ;
2694 2482 2852 2553 satis

773 2594 1038 2693 alioqui
1078 2595 1358 2667 daturus
1393 2616 1489 2667 est
1525 2623 1885 2695 poenarum
1926 2596 2110 2670 inter.
2139 2597 2456 2669 inimicos
2497 2616 2847 2696 potentes»,

773 2731 840 2782 et
866 2710 1186 2782 inimicos
1215 2712 1560 2810 gratiosos,

1629 2918 1993 2983 SERMO.

856 3076 1095 3158 Totam
1130 3093 1355 3140 autem
1391 3076 1689 3142 existimo
1726 3076 2244 3142 commodiorem
2280 3099 2423 3142 esse
2456 3092 2709 3164 partem
2747 3072 2849 3139 di-

769 3203 1060 3246 versam:
1096 3180 1344 3247 suadeo
1369 3178 1507 3262 his,
1547 3183 1663 3272 qui
1691 3182 1930 3248 dicturi
1964 3167 2151 3261 sunt,
2184 3183 2252 3245 in
2283 3180 2462 3246 illam
2492 3181 2714 3269 potius
2745 3181 2848 3245 in-

769 3287 1098 3352 cumbant.

847 3478 892 3513 1.
917 3461 1190 3533 Injustam.
1214 3464 1416 3534 Injusta
1444 3462 1768 3529 conditione,
1923 3481 1971 3515 2.
1997 3466 2116 3517 Hoc
2147 3463 2322 3517 visuri.
2350 3463 2467 3517 Hoc
2498 3464 2649 3517 usuri.
2685 3464 2848 3515 Porro

770 3541 826 3594 id
860 3554 970 3607 est,
1007 3543 1161 3615 91·αυί
1174 3564 1194 3606 ,·
1230 3559 1287 3595 ut
1328 3545 1547 3617 injustus
1568 3544 1765 3616 fascis,
1849 3548 2191 3618 oppressiones
2207 3547 2338 3616 eius,
2360 3565 2410 3618 q.
2431 3566 2480 3596 a.
2502 3565 2545 3596 e.
2568 3561 2673 3596 non
2697 3543 2847 3594 time-

770 3622 953 3695 virgil.
978 3622 1170 3695 Georg.
1197 3624 1295 3690 111,
1316 3625 1439 3696 347.
1464 3624 1682 3678 Suum-r.
1851 3622 1991 3690 bitis,
2018 3642 2068 3696 q.
2097 3623 2178 3688 h„
2206 3640 2308 3677 etc.
2334 3626 2549 3678 Senum.
