3200 5117
749 550 876 636 37⁹
1185 557 1192 564 ”
1251 547 1345 612 Μ.
1395 547 1645 610 FABII
1693 546 2326 632 QUINTILIA-NI

742 675 1028 761 cissem,
1064 671 1120 742 si
1157 669 1351 741 nulla
1387 669 1650 768 opponi
1691 668 1856 740 huic
1890 689 2020 740 tuae
2046 669 2195 741 voci
2234 690 2459 768 posset
2491 668 2837 769 exceptio,

743 790 1090 876 dicerem;
1138 786 1730 885 circumscripsisti
1778 787 2060 859 fratrem
2085 843 2104 877 ,
2151 812 2281 858 nec
2328 785 2612 858 difficile
2656 786 2838 874 fuit,

744 907 1116 978 minorem.
1153 901 1386 992 ,Quod
1435 903 1490 974 si
1543 902 1741 974 nulla
1784 903 1851 973 vi
1900 923 2217 992 coactus,
2266 901 2479 974 nullis
2528 902 2839 993 insidiis,

742 1022 933 1119 quod
972 1019 1176 1091 nobis
1212 1017 1439 1090 solum
1477 1039 1668 1117 pater
1695 1017 2061 1117 reliquerat
2084 1032 2131 1109 ¹,
2169 1017 2297 1089 tibi
2337 1018 2463 1090 uni
2497 1017 2795 1090 concessi
2818 1074 2840 1106 ,

747 1136 957 1209 debes
987 1135 1237 1207 referre
1267 1133 1510 1207 animo
1543 1134 1836 1232 gratiam
1857 1191 1876 1224 ,
1908 1154 1985 1205 ut
2011 1134 2141 1205 hoc
2161 1133 2355 1206 fratri
2383 1133 2565 1204 bene
2590 1132 2846 1205 dicere·

744 1269 895 1322 tur:
942 1249 1063 1320 sed
1101 1269 1445 1347 quatenus
1486 1249 1711 1320 exsuis
1753 1274 2017 1320 nomen
2056 1247 2279 1336 istud,
2323 1266 2394 1320 et
2433 1273 2560 1318 nos
2596 1246 2685 1318 ad
2723 1248 2843 1348 jus

743 1365 972 1437 solum
1006 1389 1240 1451 vocas,
1279 1362 1409 1435 sub
1453 1362 1850 1435 conditione
1890 1362 2092 1452 cessi,
2126 1362 2223 1433 sic
2253 1361 2445 1434 enim
2478 1381 2841 1459 tamquam

743 1476 952 1550 alieni
995 1475 1390 1572 loquamur.
1434 1474 1608 1547 Stari
1644 1501 1807 1546 voce
1855 1501 2013 1546 mea
2044 1475 2134 1547 sit
2173 1488 2497 1574 aequum²
2537 1501 2843 1547 conven-

747 1592 934 1665 tione
959 1611 1355 1691 pactorum:
1385 1590 1574 1688 quod
1605 1591 1810 1689 quale
1839 1589 2021 1663 fuit?
2044 1611 2120 1662 ut
2146 1617 2393 1690 agrum
2424 1590 2839 1688 possideres:

661 1781 686 1798 Ι
751 1706 882 1797 ita,
929 1727 1004 1776 ut
1049 1706 1336 1804 opinor,
1387 1726 1463 1776 ut
1505 1730 1590 1777 aes
1638 1705 1995 1795 alienum,
2039 1704 2227 1804 quod
2267 1704 2481 1804 patris
2526 1704 2628 1775 tui
2672 1704 2844 1794 fuit,

752 1820 1066 1893 solveres.
1097 1818 1386 1890 Nullam
1417 1818 1633 1917 igitur
1661 1818 1873 1920 hujus
1903 1818 2049 1918 agri
2083 1817 2385 1890 habuisti
2418 1817 2847 1916 adhuc-pro-

749 1936 983 2037 priam
1025 1934 1573 2035 possessionem3
1612 1936 1781 2035 quia
1818 1960 2253 2034 quaecunque
2284 1934 2415 2008 sub
2453 1933 2849 2005 conditione

752 2052 1150 2140 traduntur,
1181 2051 1281 2123 ita
1313 2050 1603 2122 demum
1640 2050 1787 2122 fieri
1824 2070 2113 2149 possunt
2140 2051 2416 2149 propria
2444 2077 2523 2121 ac
2552 2049 2854 2149 peculia-

755 2164 859 2235 ria
879 2222 898 2256 ,
931 2165 987 2237 si
1031 2164 1341 2236 conditio
1379 2184 1862 2237 consummata
1896 2184 2013 2236 est.
2051 2163 2212 2236 Fuit
2244 2164 2479 2263 igitur,
2512 2191 2730 2263 usque
2762 2163 2853 2237 ad

755 2279 1030 2351 tabulas
1061 2305 1303 2369 novas,
1331 2278 1730 2351 communis
1755 2279 1960 2351 nobis
1992 2305 2193 2377 ager:
2228 2300 2291 2351 et
2324 2300 2402 2351 ut
2431 2280 2705 2352 facilius
2732 2306 2855 2378 ap-

757 2393 1072 2493 pareat³,
1126 2394 1520 2492 fingamus,
1569 2415 1635 2466 te
1686 2422 1774 2476 aes
1820 2394 2136 2466 alienum
2187 2394 2493 2467 noluisse
2542 2397 2802 2478 solvere
2832 2452 2852 2486 ,

761 2511 977 2610 egisse
1003 2512 1181 2609 pacti
1211 2512 1420 2609 hujus
1444 2511 1965 2610 poenitentiam;
1997 2538 2173 2604 num
2204 2511 2500 2583 dubium
2531 2533 2655 2604 est,
2679 2512 2854 2608 quin

764 2653 891 2724 ego
914 2645 1239 2696 venturus
1269 2627 1537 2723 optimo
1557 2628 1717 2726 jure
1742 2626 1815 2698 in
1844 2626 2025 2697 hanc
2050 2621 2304 2697 fuerim
2326 2623 2854 2725 possessionem?

764 2766 908 2812 non
951 2739 1310 2837 quaeritur,
1360 2761 1442 2810 ut
1482 2740 1770 2838 opinor3
1828 2767 1995 2812 nam
2034 2739 2298 2812 etiamsi
2338 2740 2463 2811 hoc
2504 2739 2681 2810 inter
2717 2765 2849 2811 nos

768 2875 1213 2958 convenerat,
1248 2874 1326 2925 ut
1353 2874 1428 2925 tu
1458 2880 1543 2926 aes
1573 2854 1884 2927 alienum
1918 2855 2121 2952 patris
2145 2854 2431 2930 solveres
2451 2914 2470 2947 ,
2500 2880 2739 2953 cogere
2768 2880 2853 2928 eo

845 3071 889 3106 1.
926 3053 1073 3124 Quod
1100 3056 1241 3108 nobis
1269 3056 1438 3109 solam
1468 3067 1622 3131 pater
1651 3057 1772 3111 reli-
1850 3057 2177 3110 Thaddaeus:
2212 3060 2355 3112 Stan'
2373 3063 2498 3132 jure
2528 3078 2644 3112 mea
2674 3060 2859 3126 sit-ae-

768 3145 963 3206 querat.
989 3135 1175 3186 Forte:
1201 3137 1343 3209 quod
1364 3136 1505 3189 nobis
1521 3148 1675 3210 pater
1695 3155 1774 3188 re-
1852 3149 1979 3191 tum.
2006 3139 2277 3192 AErodius:
2309 3140 2451 3194 Stati
2480 3160 2596 3192 vero
2623 3142 2700 3206 ei,
2721 3138 2863 3213 quod

770 3211 1026 3284 liquerat,
1053 3214 1277 3267 solidum
1305 3215 1396 3267 tibi
1419 3219 1513 3268 uni
1534 3218 1768 3270 concessi.
1850 3221 1916 3271 sit
1936 3230 2140 3287 aetam,
2165 3233 2216 3273 et
2234 3222 2569 3275 conventioni
2585 3233 2859 3293 pactorum

770 3292 935 3343 Gnou.
961 3293 1027 3343 Id
1047 3294 1186 3365 quod
1203 3296 1371 3359 nobis,
1399 3296 1576 3348 AErod.
1591 3297 1776 3348 —De·

774 3367 925 3421 beu-es.
960 3369 1150 3435 Debes,
1187 3391 1349 3442 marg.
1384 3372 1561 3426 AErod.
1597 3405 1670 3415 —
1708 3375 1778 3427 Ut

764 3445 930 3519 fratri
958 3447 1081 3497 bene
1106 3448 1366 3503 deberetur.
1391 3453 1449 3502 ‘ro'
1476 3463 1537 3504 at
1561 3471 1669 3504 non
1696 3465 1776 3505 est

776 3521 1070 3590 ThaddaeO,
1099 3539 1256 3597 atque
1283 3530 1511 3582 AErodio.
1542 3533 1607 3582 Et
1637 3546 1777 3584 certe

776 3624 1162 3677 supervacuum
1183 3623 1275 3661 est.
1304 3611 1510 3664 Scribe:
1528 3615 1771 3685 qratiam.

779 3688 896 3741 Hoc
906 3689 1073 3759 fratri
1095 3690 1226 3742 bono
1244 3692 1527 3745 diceretur.-
1549 3696 1639 3746 sed
1657 3713 1781 3766 qua-

779 3780 926 3824 tenus
948 3786 1010 3820 ex
1025 3770 1126 3820 suis
1145 3788 1332 3822 nomen
1359 3771 1518 3840 istud,
1536 3787 1586 3826 et
1604 3792 1696 3828 nos
1712 3774 1783 3826 ad

766 3848 886 3921 jus,
896 3845 1110 3918 foram,
1133 3859 1293 3900 vocat.
1316 3849 1547 3905 Gnonov.
1572 3852 1642 3903 Ut
1660 3849 1781 3905 huie

772 3928 937 3998 fratri
967 3929 1088 3980 bene
1119 3930 1169 3982 d.
1199 3931 1281 3982 vel
1315 3931 1438 3999 hoe,
1465 3933 1519 3985 id
1549 3947 1655 3998 est,
1686 3952 1784 4006 per

769 4005 900 4057 dioc.
918 4006 1133 4060 Scncvr.
1156 4009 1411 4063 Gratt'am.
1431 4012 1546 4064 Hoc
1552 4013 1719 4084 fratri
1737 4013 1784 4063 b.

785 4085 837 4136 d.
873 4086 1002 4141 Obr.
1046 4090 1252 4156 Malim,
1280 4091 1533 4165 qratiam,
1571 4106 1623 4146 et
1663 4094 1787 4146 huic

776 4162 938 4236 fratri
960 4165 1081 4218 bene
1101 4167 1285 4220 dicere.

863 4259 891 4292 2
958 4243 1096 4296 Stari
1136 4265 1257 4298 voce
1301 4266 1417 4301 mea
1454 4251 1522 4301 sit
1557 4269 1783 4322 «equum.

1854 3313 2067 3373 oportet.
2094 3303 2340 3355 Fortasse
2358 3324 2371 3354 ε
2391 3303 2531 3355 Stan‘
2552 3303 2767 3355 omnino
2790 3312 2862 3355 est

1853 3396 2061 3449 aequam
2084 3381 2425 3432 conventione
2448 3393 2737 3453 paetomm.
2762 3380 2860 3433 Gn.

1854 3456 1993 3508 Stare·
2026 3458 2140 3508 voci
2172 3475 2297 3510 meoe
2328 3460 2395 3511 st’t
2420 3478 2483 3512 αι’.
2513 3478 2661 3511 conv.
2690 3458 2859 3511 naett’:

1856 3533 1997 3607 quod
2013 3533 2324 3607 qualefm't?
2341 3535 2561 3589 Senum.
2576 3538 2719 3591 Stan‘
2737 3538 2791 3589 in
2813 3553 2864 3587 re

1858 3634 1974 3667 mea
1991 3617 2057 3667 sit
2078 3628 2375 3670 ratumena.
2400 3629 2704 3689 pactorum,
2733 3617 2861 3670 Obr.

1857 3692 2005 3746 Stare
2032 3712 2159 3745 vero
2193 3707 2273 3747 est
2304 3696 2357 3746 in
2389 3693 2514 3748 edit.
2545 3695 2766 3748 AErodii.
2794 3724 2866 3737 -

1867 3776 1935 3827 Ut
1957 3794 2023 3828 ως
2043 3774 2298 3828 alienam.
2324 3778 2384 3830 Si
2406 3795 2473 3830 «τε
2493 3776 2565 3829 al.
2592 3777 2773 3829 AErod.
2795 3805 2866 3818 --

1864 3855 2012 3926 Quod
2042 3856 2206 3926 patris
2240 3856 2470 3930 tuifiu‘t.
2506 3859 2703 3923 lmmo,
2728 3857 2871 3929 quod
2984 3913 2993 3922 ‚

1857 3935 2020 4005 patris
2055 3936 2216 3988 nostri
2234 3938 2365 4007 suit.
2403 3934 2572 3990 Giton.
2605 3936 2757 4005 Quod
2773 3954 2870 4006 pa-

1867 4013 1954 4067 tris
1964 4016 2111 4085 fuit,
2135 4016 2266 4069 Obr.

1937 4095 1988 4147 3.
2009 4098 2082 4148 Et
2103 4110 2161 4149 ut
2172 4097 2397 4167 facilius
2412 4108 2677 4172 appareat.
2698 4100 2834 4167 Lege
2853 4118 2868 4148 ε

1864 4174 1932 4226 Id
1954 4188 2010 4227 ut
2019 4177 2243 4246 facilius
2263 4190 2529 4251 appareat.
2554 4179 2875 4231 Gna-Num

1865 4251 2097 4306 dubium.
2123 4257 2284 4309 Nunc
2307 4257 2545 4310 dubium.
2570 4259 2737 4326 Mam.
2762 4256 2871 4309 Εἴ.
