3200 5117
770 561 1606 630 DECLAMATIONES.
1653 568 1906 633 XLIX.

2258 575 2385 664 593

290 685 641 758 infantem
684 685 914 758 adhuc
940 686 1146 786 jussit
1175 687 1371 778 feriS,
1414 688 1744 781 canibus,
1784 711 1854 762 et
1895 691 2063 764 diris
2100 694 2386 768 alitibus

290 799 598 898 exponi:
643 820 850 897 putu,
894 800 1100 900 patris
1141 799 1384 874 similis
1418 803 1742 902 apparuit
1770 817 1827 894 ¹,
1858 805 2046 876 unde
2086 828 2383 880 matrem

290 933 444 983 tam
481 912 773 1013 graviter
809 913 1122 985 offendit.
1158 917 1342 986 Nam
1377 916 1498 1012 qui
1534 938 1754 1016 potest
1791 920 2171 1018 expositum
2205 950 2386 1022 prae-

293 1027 543 1100 terite?
576 1028 851 1126 ignosce
869 1085 887 1118 ‚
915 1055 1058 1101 non
1085 1030 1316 1127 potui:
1343 1050 1421 1102 tu
1445 1057 1560 1102 me
1588 1031 1948 1124 docueras,
1970 1034 2388 1133 puella,‚mi-

290 1144 600 1215 sereri²z
642 1143 725 1214 de
771 1164 989 1215 matre
1034 1144 1209 1216 nihil
1259 1146 1602 1218 meminit.
1651 1149 1719 1221 O
1757 1148 2077 1246 gratum³
2106 1150 2386 1226 infantis

291 1259 638 1329 errorem!
677 1280 740 1329 te
775 1259 1114 1330 existimat
1141 1281 1459 1335 matrem.
1497 1262 1698 1334 Disce
1718 1318 1736 1351 ,
1767 1264 2008 1336 infelix
2036 1292 2231 1364 puer,
2256 1295 2384 1339 na-

249 1458 253 1463 ,
293 1371 542 1443 talium
576 1393 858 1445 tuorum
890 1373 1072 1446 disce
1099 1376 1491 1448 fortunam:
1530 1379 1781 1476 pariter
1802 1406 1929 1453 nos
1952 1380 2196 1453 ambos
2221 1410 2387 1456 mu-

292 1485 428 1558 lier
460 1486 733 1559 afflixit:
760 1509 827 1559 et
858 1489 1113 1586 pariter
1143 1491 1403 1565 factum
1437 1491 1621 1563 alia4
1654 1493 1959 1567 servavit.

291 1654 349 1691 tn
365 1639 682 1711 intelligere,
700 1656 758 1694 ut
774 1662 894 1695 cum
908 1642 1301 1697 Declamatione

291 1734 628 1789 congruant:
654 1740 752 1774 nos
775 1721 864 1774 diu
895 1736 948 1773 et
970 1723 1163 1774 frustra
1192 1723 1301 1775 hae-

292 1797 425 1847 sisse
439 1798 691 1863 fatemur;
712 1801 908 1871 quippe
923 1801 1170 1853 mirantes
1189 1800 1300 1853 haec

292 1888 406 1926 tam
431 1876 656 1929 obscura
674 1896 705 1928 a
725 1892 832 1930 tam
851 1878 1021 1931 doctis
1043 1882 1300 1953 iuterpre-

293 1952 438 2005 tibus
464 1973 577 2006 esse
601 1958 888 2027 praeterita,
914 1977 941 2009 e
963 1958 1156 2029 quibus
1179 1960 1298 2011 nul-

291 2034 378 2086 lus
415 2053 597 2090 sensus
633 2036 750 2090 elici
785 2052 992 2109 potest:
1033 2041 1107 2091 sic
1142 2041 1300 2109 igitur

290 2115 713 2187 interpunximus
756 2120 960 2190 peperit
984 2140 998 2167 .·
1049 2121 1296 2190 exposuit.

292 2194 743 2268 Raptor-suscepit,
762 2209 860 2248 etc.
881 2214 984 2267 qua
1004 2199 1297 2250 mutatione

293 2274 473 2323 omnia
498 2276 602 2342 jam
630 2273 748 2325 luce
777 2275 998 2327 clariora
1024 2279 1078 2328 in
1105 2276 1298 2329 Decla-

291 2357 526 2406 matione
553 2354 798 2408 evadunt.
829 2358 921 2407 En.
949 2386 1023 2397 -·
1047 2358 1204 2411 Venit
1229 2359 1299 2408 ad

293 2454 381 2487 vos
409 2454 572 2507 prava
601 2436 804 2489 mulier.
839 2437 1054 2503 Malim,
1088 2438 1294 2492 veniat.-

291 2530 484 2584 nempe
506 2532 614 2566 non
639 2514 750 2568 haec
775 2534 890 2567 mea
906 2553 923 2582 ,
951 2517 1173 2568 maxime
1203 2520 1298 2569 mi·

293 2593 513 2646 sericors
538 2606 590 2644 et
611 2594 716 2664 pia.
741 2592 958 2645 Senum.

371 2690 413 2724 1.
457 2675 630 2727 Patris
667 2674 849 2728 similis
888 2676 1147 2747 apparuit.
1187 2676 1295 2742 Qui

292 2757 466 2826 rapuit
508 2769 561 2808 et
593 2758 699 2809 vim
735 2756 910 2808 intulit
952 2761 1121 2810 unatri.
1157 2759 1293 2829 Lege

293 2850 469 2888 autem
481 2875 496 2901 ,
514 2837 675 2907 patris
686 2837 868 2891 similis
879 2841 1126 2909 apparuit
1138 2861 1154 2888 .·
1175 2841 1295 2893 inde

292 2926 506 2965 matrem
528 2925 634 2965 tam
650 2917 879 2989 yraviter
890 2918 1134 2988 offendit.
1153 2921 1294 2971 Nam

291 2998 433 3070 quis,
475 3009 573 3048 etc.
613 2999 715 3049 nisi
747 3000 891 3050 Num
929 3000 1040 3069 quis
1077 3018 1293 3052 censeas

294 3076 503 3127 rectius.
524 3076 742 3128 Scnuvr.
763 3076 895 3127 Vide
915 3075 981 3126 de
1001 3076 1104 3128 hoc
1124 3076 1293 3129 decla-

294 3158 515 3207 matorio
546 3159 785 3209 acumine
814 3154 985 3207 Barth.
1013 3155 1288 3209 Adversar.

295 3232 381 3285 lib.
408 3234 574 3300 XLII,
600 3253 717 3306 cap.
747 3235 827 3287 18.

362 3333 412 3367 2.
438 3316 521 3366 Tu
546 3317 630 3367 m'e
650 3317 925 3381 docueras,
950 3315 1163 3388 puella,
1190 3319 1291 3369 mi·

292 3395 454 3447 sereri.
471 3398 701 3447 Uxorem
720 3413 869 3448 suam
888 3394 1128 3464 intelligit
1144 3395 1291 3466 puel·

290 3474 349 3528 lae
384 3478 634 3528 nomine:
676 3474 824 3547 quod
859 3477 1031 3527 minus
1070 3477 1289 3541 mirum,

293 3575 451 3627 quum
485 3569 537 3608 et
567 3556 817 3629 virginem
848 3554 1147 3626 appellent,
1179 3574 1288 3608 non

294 3635 492 3701 solum,
530 3654 642 3708 quae
678 3636 846 3686 virum
881 3653 1068 3704 passa,
1105 3633 1198 3687 sed
1238 3649 1289 3687 ct

295 3732 403 3785 quse
427 3719 537 3787 jam
565 3731 730 3768 mater
757 3729 852 3767 est.
887 3713 1077 3765 Calvus
1108 3716 1162 3765 in
1190 3716 1248 3766 lo
1272 3738 1283 3765 :

300 3817 319 3840 ι
337 3793 442 3846 Ah!
465 3797 611 3865 virgo
631 3793 842 3857 infelix,
857 3793 1035 3846 herbis
1055 3796 1288 3865 pasceris

299 3894 320 3918 α
340 3874 540 3925 amaris.
563 3896 587 3919 ιο
620 3873 782 3940 Quod
818 3874 1023 3925 Servius
1060 3873 1186 3925 citat
1217 3871 1287 3923 nd

293 3953 418 4006 illud
446 3952 678 4023 Virgilii,
719 3953 915 4023 Ecloga
943 3954 1010 4004 Vl
1043 3952 1109 4004 de
1143 3955 1286 4005 Pasi-

1380 1645 1571 1697 Matth.
1608 1666 1724 1718 cap.
1764 1663 1816 1712 t,
1854 1648 1937 1700 23.
1971 1646 2189 1700 Senum.
2215 1676 2287 1689 —
2308 1650 2387 1703 De

1381 1737 1546 1778 matre
1575 1726 1716 1779 nihil
1743 1729 1998 1780 meminit.
2040 1730 2240 1797 Immo,
2275 1749 2387 1783 me-

1380 1806 1530 1856 mini.
1558 1806 1733 1873 Quam
1765 1805 1993 1859 crudelis
2026 1806 2116 1859 illa
2146 1826 2269 1878 erga
2300 1828 2385 1862 me

1378 1887 1565 1954 fuerit,
1586 1888 1782 1941 oblitus
1802 1905 1946 1941 sum:
1972 1906 2070 1940 nec
2095 1886 2150 1940 id
2167 1889 2221 1940 in
2241 1908 2386 1942 com-

1379 1971 1526 2020 muni
1548 1970 1747 2022 infante
1769 1971 1948 2023 ulcisci
1964 1989 2198 2043 possum.
2217 1973 2385 2028 Giton.

1377 2050 1616 2103 Clariora
1639 2051 1751 2105 haec
1769 2091 1786 2119 ,
1814 2054 1893 2104 De
1919 2065 2084 2106 matre
2110 2053 2250 2105 nihil
2275 2073 2385 2107 me-

1378 2133 1588 2185 minerit
1599 2155 1614 2183 .·
1632 2152 1662 2184 o
1672 2146 1885 2206 gratum
1900 2135 2124 2205 infantis
2136 2139 2386 2188 errorem!

1379 2220 1427 2262 te
1448 2211 1759 2264 existimabit
1782 2221 2017 2263 matrem.
2043 2211 2262 2264 Senum.

1447 2290 1498 2341 3.
1529 2291 1575 2342 Ο
1593 2302 1819 2363 qratiam.
1848 2292 1945 2341 Hic
1969 2288 2119 2341 locus
2139 2292 2215 2341 sic
2232 2308 2387 2363 repo-

1377 2366 1582 2419 nendus
1616 2367 1823 2420 videtur
1852 2367 2107 2421 Neveleto
2140 2385 2258 2419 meo
2279 2404 2297 2434 ,
2339 2370 2387 2420 Ο

1372 2459 1581 2520 gratum
1612 2446 1830 2518 infantis
1856 2450 2108 2498 errorem!
2137 2458 2185 2497 te
2214 2445 2383 2498 existi-

1376 2535 1487 2575 mat
1500 2537 1716 2577 matrem
1731 2546 1746 2575 .·
1762 2525 1913 2589 disce,
1932 2522 2123 2596 infelix
2132 2542 2281 2594 puer,
2298 2542 2385 2575 na-

1379 2603 1564 2655 talium
1591 2615 1794 2656 tuorum
1807 2603 2021 2674 fatam,
2050 2601 2185 2655 disce
2199 2602 2385 2673 fortu-

1377 2701 1517 2733 nam.
1545 2680 1752 2733 Pariter
1779 2700 1869 2733 nos
1894 2681 2071 2732 ambos
2102 2690 2270 2732 mater
2293 2679 2383 2751 af·

1359 2759 1539 2835 flixit,
1556 2770 1607 2810 et
1616 2759 1812 2831 pariter
1822 2759 1931 2810 alia
1944 2758 2190 2825 servavit,
2208 2772 2379 2811 acute.

1374 2841 1521 2890 Prru.
1551 2838 1853 2889 Discessere
1885 2839 1939 2888 in
1974 2838 2289 2890 sententiam
2321 2834 2381 2888 il-

1373 2918 1500 2984 lius,
1527 2921 1568 2971 si
1593 2921 1712 2991 quis
1736 2918 1909 2983 malit,
1934 2918 2082 2970 Disce
2105 2916 2383 2988 infelicita-

1376 3013 1474 3052 tem
1488 3038 1505 3065 ,
1527 3020 1674 3070 puer,
1698 2999 1958 3051 nataliam
1980 3010 2188 3051 tuorum
2199 3035 2220 3063 ,
2246 2998 2382 3052 disce

1362 3082 1658 3152 fortunam.
1680 3077 1896 3133 Natales
1918 3093 1978 3131 ut
2000 3080 2132 3143 sint,
2153 3081 2303 3151 origo
2327 3091 2381 3131 et

1372 3159 1567 3209 familia
1583 3181 1597 3221 ;
1625 3158 1892 3228 quomodo
1904 3159 1967 3207 ‘in
1983 3156 2379 3226 vulgatissimis,

1371 3236 1585 3287 Res-litui
1600 3234 1883 3300 natalibus,
1906 3248 1985 3300 et,
2000 3233 2258 3285 natalibus
2270 3252 2376 3285 non

1372 3312 1581 3386 officere
1604 3314 2079 3366 manumissionem.
2105 3311 2321 3364 Senum.

1440 3395 1491 3460 4.
1523 3393 1650 3445 Alia
1680 3394 1914 3447 servavit.
1948 3395 2111 3460 Puto,
2141 3395 2371 3447 servabit.

1368 3474 1452 3526 Sic
1478 3473 1713 3545 loquitur
1733 3475 1909 3524 mitius
1931 3474 2043 3542 jam
2067 3486 2224 3541 agens
2252 3490 2375 3524 cum

1370 3572 1565 3619 uxore,
1597 3556 1749 3624 quasi
1782 3572 1999 3623 sperans
2026 3552 2165 3604 ultro
2191 3556 2374 3605 remis-

1370 3654 1561 3689 suram.
1588 3636 1753 3687 Gnos.
1783 3637 1885 3686 Diu
1918 3654 2000 3687 me
2031 3633 2140 3686 hoec
2168 3632 2374 3686 habue-

1367 3730 1490 3769 runt
1529 3717 1814 3769 exercitum
1837 3737 1850 3766 ε
1897 3729 1951 3768 et
1990 3715 2231 3767 nondum
2272 3732 2371 3786 pro

1368 3811 1516 3849 certo
1557 3799 1667 3849 scio
1688 3833 1705 3860 ,
1748 3815 1816 3847 an
1861 3796 2077 3847 viderim
2122 3816 2216 3861 ea,
2258 3814 2372 3867 quoe

1364 3878 1629 3945 scripserit
1640 3888 1841 3926 auctor.
1856 3874 2050 3926 Sensus
2064 3887 2240 3925 tamen
2254 3891 2371 3925 ma-

1363 3957 1587 4009 nifestus
1616 3956 1669 4006 in
1699 3953 1783 4007 his
1814 3967 2065 4027 apparet,
2095 3965 2149 4006 et
2174 3955 2375 4025 pariter

293 4031 455 4104 phas,
479 4045 583 4084 tres
608 4033 718 4102 jam
741 4031 966 4096 liberos,
989 4030 1280 4096 Phaedram,
1352 4037 1528 4106 factos
1561 4036 1764 4089 alienos
1796 4038 2029 4089 servabit.
2068 4034 2277 4091 Obtulit
2313 4052 2370 4086 se

293 4114 549 4168 Ariadnen
567 4153 585 4180 ,
631 4126 684 4166 et
724 4111 1064 4184 Androgeum
1114 4116 1279 4164 enixa.

301 4218 319 4242 κ
337 4197 439 4249 Ah!
462 4199 607 4267 virgo
627 4195 835 4262 infelix,
858 4213 973 4268 quae
998 4208 1049 4247 te
1072 4193 1281 4247 demen-

301 4296 320 4319 ιι
338 4277 405 4326 tia
438 4275 610 4347 cepit?
630 4299 652 4333 η
682 4273 830 4327 Adde
867 4287 920 4327 et
949 4274 1188 4326 Grotium
1214 4273 1280 4326 ad

497 4360 547 4416 6.

1363 4116 1521 4167 etiam
1536 4152 1553 4180 ,
1573 4116 1777 4187 pariter
1784 4115 1932 4186 forte
1954 4134 2093 4168 nunc
2114 4115 2371 4168 alienatos

1362 4195 1595 4246 servabit.
1644 4195 1738 4246 His
1786 4206 1963 4247 autem
2006 4196 2265 4261 minatur,
2312 4213 2367 4246 se

1363 4272 1522 4340 hanc,
1542 4275 1644 4326 nisi
1663 4272 1958 4341 desisteret,
1973 4272 2367 4353 derelicturum,

2052 4360 2119 4413 38
