3200 5117
760 515 846 605 98
1263 512 1355 576 M.
1405 509 1658 576 FABH
1701 489 2338 592 Qu'mTlmAm

764 657 895 727 est,
927 662 1148 733 quum
1178 634 1313 706 sint
1335 630 1657 704 exorandi
1689 628 1915 702 adhuc
1943 629 2202 721 animi,
2234 630 2619 704 multorum
2642 636 2844 707 susti-

765 752 1000 824 nenda
1029 747 1428 847 malignitas
1464 775 1478 817 :
1523 746 1669 817 haec
1712 745 1889 816 mihi
1925 744 2168 816 omnia
2200 772 2314 816 arx
2341 747 2528 818 feeit.
2573 750 2679 819 An
2714 774 2843 847 ego

761 893 1045 966 possum
1070 891 1214 938 non
1233 863 1420 952 flere,
1448 861 1714 957 quoties
1743 860 1993 959 cogito,
2010 887 2183 960 quos
2204 862 2572 935 habuerim
2603 890 2843 962 paren-

762 1005 889 1074 tes,
927 1009 1136 1080 quam
1169 981 1417 1052 domus
1445 979 1747 1067 famam,
1779 1001 1950 1074 quas
1980 1003 2133 1076 spes
2155 977 2632 1052 adolescentiae
2657 981 2843 1052 infe-

760 1099 871 1171 lici
896 1096 1275 1170 temeritate
1294 1152 1312 1186 ‚
1340 1092 1754 1166 damnandis
1779 1091 2279 1191 cupiditatibus
2299 1149 2318 1183 ,
2346 1094 2705 1166 everterim
2722 1152 2742 1185 ‚
2769 1115 2845 1166 ut

760 1213 1010 1301 sentio,
1056 1211 1128 1282 in
1173 1207 1630 1308 perpetuum?
1677 1206 1859 1282 nihil
1902 1229 1999 1280 est
2045 1208 2235 1280 enim
2273 1208 2464 1307 quod
2503 1232 2845 1283 accusator

760 1352 959 1398 meus
1003 1325 1441 1397 simulatione
1495 1323 1799 1421 quadam
1827 1380 1846 1412 ‚
1898 1322 1987 1394 ad
2040 1349 2122 1394 ea
2172 1350 2328 1422 quae
2376 1338 2393 1369 ¹
2421 1325 2800 1422 praeteriere
2822 1382 2842 1416 ,

759 1441 1049 1540 obliqua
1091 1439 1521 1539 malignitate
1562 1438 1862 1539 objicere
1907 1459 2215 1510 conetur.
2263 1441 2408 1537 Ego
2449 1466 2561 1510 me
2604 1440 2845 1512 fecisse

762 1557 950 1655 quod
977 1555 1236 1628 nollem
1254 1610 1274 1643 ‚
1297 1577 1366 1626 et
1385 1554 1556 1642 scio,
1575 1553 1852 1654 judices
1870 1610 1889 1642 ‚
1920 1573 1986 1624 et
2008 1553 2345 1628 confiteor
2369 1581 2383 1625 ε
2420 1575 2486 1626 et
2507 1555 2843 1656 quamdiu

761 1672 1013 1758 vixero,
1037 1694 1310 1767 semper
1331 1666 1463 1740 hoc
1487 1668 1753 1757 animo,
1779 1688 1921 1740 tota
1940 1690 2173 1740 mente
2196 1668 2557 1742 inhaerebit
2580 1697 2845 1768 :neque

763 1783 953 1854 enim
979 1782 1129 1854 illas
1146 1839 1165 1872 ,
1192 1805 1345 1881 quae
1370 1807 1482 1852 me
1508 1780 1875 1880 tetigerant
1898 1781 2352 1881 suspiciones,
2387 1784 2731 1882 pertinere
2756 1785 2845 1856 ad

761 1918 1166 1996 praesentem
1203 1896 1684 1969 defensionem
1722 1916 1930 1994 puto,
1969 1898 2408 1970 securissima
2442 1898 2843 1998 republica:

760 2037 889 2082 nec
905 2011 1079 2109 quid
1101 2010 1272 2083 illud
1292 2009 1533 2101 fuerit,
1555 2037 1645 2081 an
1662 2009 1904 2081 alienis
1921 2011 2415 2111 cupiditatibus
2430 2013 2809 2087 obstiterim
2824 2072 2843 2107 ,

763 2126 934 2198 dum
970 2152 1192 2217 meas,
1226 2126 1438 2199 simul
1470 2126 1754 2200 omnia²
1789 2127 1914 2199 ista
1953 2128 2269 2201 absoluta
2310 2157 2452 2203 esse
2491 2131 2728 2223 credo,
2763 2158 2846 2204 eo

761 2263 1106 2342 tempore,
1137 2270 1276 2342 quo
1306 2242 1485 2316 inter
1511 2268 1628 2314 me
1662 2269 1949 2342 remque
1982 2244 2341 2342 publicam
2369 2247 2730 2337 convenit,
2772 2268 2845 2319 ut

763 2360 909 2433 hoec
946 2359 1183 2433 omnia
1219 2360 1568 2433 memoriae
1603 2358 2015 2449 exciderint,
2047 2381 2122 2432 ut
2151 2385 2294 2433 non
2322 2362 2410 2433 ad
2444 2363 2666 2461 leges,
2702 2389 2844 2434 non

762 2477 851 2548 ad
874 2476 1117 2548 odium
1146 2477 1595 2575 pertinerent:
1621 2496 1787 2548 tunc
1813 2497 1990 2549 certe
2010 2477 2418 2551 laudabatiS.
2446 2479 2580 2552 Sed
2603 2506 2848 2576 quern-

765 2592 1150 2664 admodum
1194 2592 1382 2690 apud
1425 2617 1538 2665 vos
1587 2592 2078 2663 moderationis
2126 2594 2391 2666 famam
2438 2614 2844 2667 consecutus

763 2735 918 2781 sum
939 2765 958 2797 ‚
992 2707 1083 2779 ita
1112 2707 1304 2806 apud
1334 2733 1446 2778 me
1472 2708 1705 2806 ipsum
1736 2735 1750 2777 ε
1788 2708 1934 2780 haec
1960 2735 2241 2807 quoque
2276 2709 2497 2809 gravis
2518 2735 2849 2782 verecun-

765 2823 880 2895 dia
904 2823 1140 2896 animo
1163 2823 1298 2895 fuit
1314 2880 1332 2914 ‚
1360 2823 1548 2922 quod
1571 2822 1859 2902 videbar
1885 2823 2016 2895 hoc
2037 2825 2279 2898 fecisse
2307 2845 2665 2925 tamquam
2698 2851 2850 2897 mo-

766 2939 1056 3011 derator.
1105 2938 1299 3029 Quid
1343 2939 1627 3038 postea?
1673 2939 2086 3012 satellitesne
2133 2942 2431 3014 contraxi
2479 2941 2565 3012 ad
2612 2938 2849 3012 arma?

764 3053 980 3125 habui
1005 3074 1163 3125 ante
1188 3053 1477 3125 divisam
1496 3051 1910 3152 pecuniam?
1927 3053 2192 3151 aliquid
2213 3055 2391 3126 inter
2410 3053 2664 3126 amicos
2684 3080 2850 3124 con—

766 3167 988 3239 tinui?
1021 3155 1191 3268 quid
1225 3167 1431 3270 objici
1466 3167 1642 3240 mihi
1674 3189 1894 3267 potest
1921 3168 1992 3240 in
2021 3169 2373 3258 futurum,
2410 3194 2632 3267 quum
2669 3194 2847 3267 prae-

845 3351 862 3385 ι
876 3373 889 3385 .
915 3333 1001 3388 Ad
1015 3354 1077 3388 ea
1098 3354 1215 3406 quoe
1234 3338 1535 3408 proeteriere.
1556 3337 1762 3390 Scribe:

766 3416 911 3488 quod
936 3428 1205 3468 accusator
1232 3435 1372 3469 meras
1390 3458 1407 3483 ‚
1429 3416 1768 3469 simulatione

767 3513 961 3561 causo,
984 3508 1035 3548 et
1055 3517 1144 3562 ea,
1166 3514 1284 3569 qua
1301 3501 1616 3569 parturiere,
1641 3498 1770 3552 obli-

767 3593 873 3648 qua
893 3574 1223 3652 malignitate
1236 3578 1449 3647 objicere
1462 3587 1687 3630 conetur.
1708 3576 1767 3629 Id

770 3669 867 3721 est,
883 3654 1012 3707 dum
1023 3654 1249 3723 videtur,
1268 3670 1320 3709 et
1337 3660 1546 3729 praefert
1557 3659 1696 3711 hanc
1712 3678 1767 3713 se

770 3755 986 3792 eausam
1019 3755 1209 3810 agere,
1244 3752 1429 3791 oneret
1457 3759 1543 3804 *me
1574 3740 1769 3793 invidia

769 3823 1144 3891 praeteritorum
1160 3858 1178 3887 ,
1203 3839 1316 3893 quae
1340 3819 1537 3874 abolita
1562 3835 1615 3874 et
1637 3841 1771 3874 cou-

771 3898 971 3954 donata
1002 3913 1145 3952 sunt.
1184 3898 1409 3972 obliqua
1439 3900 1769 3974 malignitas,

770 3992 831 4030 ut
868 3977 1090 4051 obliquis
1125 3978 1445 4032 orationibus
1479 3988 1529 4031 et
1563 3979 1770 4043 edictis,

770 4055 1056 4118 Suetonio;
1090 4054 1289 4129 obliqui
1318 4057 1561 4110 carminis
1589 4067 1735 4111 oestus
1751 4094 1770 4123 ,

772 4131 1770 4214 Statio.Gnosov‚Dissimrdationequoe-

772 4212 892 4264 dam
911 4225 961 4265 et
978 4233 1040 4265 ea
1058 4233 1172 4286 quoe
1187 4235 1269 4287 pr.
1291 4215 1507 4272 Senum.

1920 3356 1966 3389 α.
1987 3339 2131 3389 Dum
2149 3355 2289 3394 meas
2305 3336 2465 3390 simul
2479 3338 2678 3389 omnia.
2698 3335 2850 3390 AEro·

1846 3416 1965 3470 dius
1990 3417 2204 3488 corrigit
2226 3429 2278 3469 et
2301 3411 2548 3489 supplet?
2576 3419 2696 3470 dum
2726 3417 2851 3471 meis

1846 3496 2185 3569 indulqerem.
2213 3497 2391 3550 Simul
2411 3498 2607 3551 mnia.
2637 3498 2849 3549 Fortas-

1847 3579 1947 3630 sis:
1974 3597 2043 3630 an
2067 3576 2253 3632 alienis
2274 3581 2638 3656 cupiditatibus
2659 3577 2852 3631 obstite-

1848 3658 1946 3707 rim
1962 3693 1979 3720 ,
2015 3653 2140 3708 dum
2175 3675 2312 3731 meas
2333 3655 2474 3729 finio
2490 3679 2506 3705 .·
2541 3655 2721 3709 omnia
2753 3656 2850 3708 ista

1847 3736 2081 3790 absoluta
2126 3756 2228 3791 esse
2268 3737 2433 3790 credo.
2484 3735 2851 3807 Suspicionem

1847 3833 2024 3872 movet
2047 3821 2217 3891 ipsam
2240 3818 2309 3870 ob
2336 3815 2666 3889 tyrannidem
2688 3816 2852 3889 depo·

1850 3899 2031 3966 sitam,
2050 3896 2312 3971 quosdam
2331 3894 2435 3949 sibi
2455 3897 2850 3962 succensuisse,

1851 3981 1942 4050 qui
1955 3978 2155 4034 seilicet
2168 3977 2306 4032 iuius
2323 3976 2520 4031 invidia
2537 3977 2847 4050 peccabant.

1849 4062 1920 4112 Ut
1937 4062 2099 4114 faciat
2116 4078 2224 4114 nou
2245 4058 2475 4112 alienum
2494 4078 2526 4110 a
2545 4057 2853 4125 flde‚aoeu-

1847 4153 2086 4194 satorem
2119 4140 2258 4194 itaer
2294 4135 2396 4192 hos
2444 4153 2562 4192 osso
2596 4138 2850 4208 potuisset

1847 4219 2081 4276 Guouov.
