3200 5117
851 538 1694 637 DECLAMATIONES.
1738 541 2004 606 CCLX.
2399 567 2477 630 77

386 662 733 765 quamdiu
752 660 958 734 fuerit
978 660 1111 734 hoc
1132 662 1642 762 patrimonium
1662 639 1799 750 ’.sic
1821 691 1936 735 ero
1955 722 1973 756 ,
1994 664 2089 736 sic
2111 685 2305 752 utar3
2333 684 2400 736 et
2425 665 2479 735 si

388 778 775 851 defecerint
814 776 1094 866 omnia,
1137 802 1282 847 non
1317 796 1553 847 tamen
1598 801 1975 873 pauperem
2018 805 2132 850 me
2179 778 2481 877 putab0‚

384 920 622 993 neque
659 912 1020 990 egentem:
1063 890 1180 963 sed
1214 917 1337 989 pro
1376 889 1511 962 illis
1555 890 1854 990 paternis
1897 892 2438 990 possessionibus
2464 951 2483 984 ,

383 1006 518 1079 hos
551 1005 916 1079 ostendam
951 1005 1170 1094 cives;
1206 1032 1330 1104 pro
1374 1003 1498 1076 illo
1541 1004 1835 1094 foenore,
1877 1004 2065 1078 hunc
2110 1008 2478 1106 populum.

384 1124 480 1194 Et
517 1148 673 1221 quae
708 1141 898 1193 tanta
935 1120 1244 1220 patribus
1274 1120 1408 1208 ira,
1443 1146 1596 1219 quae
1626 1139 1817 1192 tanta
1848 1119 2207 1194 infelicitas
2237 1145 2480 1197 nostrae

387 1237 713 1327 civitatis»,
758 1235 947 1335 quod
989 1235 1379 1333 reipublicae
1419 1236 1678 1324 fatum,
1729 1254 1806 1306 ut
1842 1234 2020 1306 istud
2071 1236 2328 1309 diutius
2368 1261 2488 1311 aut

386 1350 714 1451 pluribus
742 1377 1013 1422 necesse
1042 1349 1168 1421 sit?
1205 1371 1272 1422 et
1298 1376 1387 1422 ne
1420 1349 1613 1420 vobis
1649 1347 1956 1420 multum
1993 1349 2225 1422 videar
2251 1351 2486 1450 impu·
2546 1363 2567 1383 ⁶

386 1489 576 1557 tare,
614 1493 758 1538 non
784 1486 948 1538 sunt
975 1464 1084 1537 isti
1117 1464 1388 1537 onerosi
1417 1463 1865 1536 facultatibus
1893 1465 2102 1557 meis,
2138 1492 2281 1538 non
2312 1494 2486 1566 quos

388 1580 671 1679 ampla,
710 1579 875 1679 quia
900 1579 996 1650 sic
1031 1604 1075 1649 a
1114 1576 1519 1676 parentibus
1547 1577 1722 1649 meis
1750 1577 2116 1652 constituta
2153 1602 2252 1653 est
2274 1595 2320 1670 ¹,
2353 1582 2487 1654 for-

392 1715 571 1765 tuna
593 1720 826 1792 graves
855 1691 1132 1780 sentiat3
1154 1691 1320 1789 quia
1338 1690 1638 1762 vivimus
1658 1718 1888 1790 parce.
1911 1694 2356 1784 Quantulum
2385 1718 2487 1769 est

391 1809 589 1881 enim
632 1807 824 1908 quod
863 1805 1264 1905 accipiunt?
1312 1806 1735 1904 quantulum
1781 1829 1883 1880 est
1922 1810 2111 1908 quod
2156 1811 2487 1910 exigunt?

387 1950 516 1995 vos
548 1923 833 1994 fortasse
865 1920 1022 2019 plus
1052 1919 1643 2018 consumpseritis,
1675 1942 1904 2020 patres
1924 1980 1942 2013 ,
1978 1924 2098 2022 qui
2135 1925 2362 1997 studia
2389 1927 2485 1997 fo·

386 2037 620 2125 vistis,
646 2034 769 2132 qui
800 2033 887 2104 ad
921 2033 1101 2104 hanc
1136 2052 1401 2104 aetatem
1427 2059 1648 2131 usque
1680 2035 1970 2108 vixistis:
2003 2037 2180 2109 mihi
2217 2066 2482 2111 servare

385 2152 580 2223 cives
612 2149 772 2220 satis
801 2169 920 2221 est.
967 2151 1065 2220 Ac
1095 2147 1556 2221 nihilominus
1579 2149 1770 2247 quod
1798 2151 1872 2222 in
1907 2152 2066 2225 istos
2095 2137 2432 2253 impendo
2459 2212 2478 2244 ,

387 2266 455 2338 si
486 2262 786 2352 creditis,
821 2263 964 2362 ipse
989 2261 1331 2360 frugalius
1357 2263 1547 2335 vivo:
1580 2263 1926 2363 quidquid
1957 2266 2031 2338 in
2055 2268 2180 2340 hos
2209 2273 2483 2342 confer-

388 2401 512 2451 tur
557 2397 761 2476 atque
806 2377 1235 2476 congeritur,
1280 2377 1366 2449 de
1414 2405 1572 2449 meo
1618 2399 1756 2465 est3
1804 2378 2181 2451 detrahitur
2220 2383 2485 2455 adoles-

395 2493 638 2567 centiae
658 2483 1148 2591 voluptatibus,
1170 2492 1552 2565 detrahitur
1571 2494 1914 2567 concessis
1934 2522 1948 2566 ε
1974 2494 2238 2594 alioqui
2254 2523 2488 2593 quam-

398 2609 522 2680 «liu
554 2608 626 2679 in
666 2607 772 2678 his
805 2607 1008 2678 annis
1046 2633 1290 2679 sumus
1328 2607 1791 2706 cupiditatum
1814 2666 1832 2698 ‚
1886 2609 2022 2681 duo
2056 2609 2265 2682 simul
2304 2636 2487 2682 asse-

399 2750 611 2821 quor3
657 2722 845 2821 quod
876 2744 942 2795 et
963 2721 1312 2794 liberalius
1337 2743 1404 2795 et
1424 2724 1762 2823 frugalius
1788 2725 1962 2798 vivo.

399 2929 580 2964 omnes
595 2912 824 2982 primum
838 2908 1115 2961 induxerat
1128 2908 1401 2962 abdicatos
1482 2913 1642 2983 eoepit
1650 2912 1847 2983 passim
1858 2910 2132 2964 abdicatos
2146 2911 2483 2967 alere.AEnon.

399 2991 541 3045 alere
556 3014 571 3043 t
598 2991 691 3045 sed
711 2990 803 3043 ubi
825 2989 987 3044 semel
1010 2988 1078 3042 ab
1104 3008 1212 3042 uno
1242 3008 1401 3061 roga·
1484 2994 1572 3062 qui
1592 3011 1700 3045 non
1722 2992 1883 3044 habet
1902 3011 2079 3045 omnes
2097 2992 2231 3043 idem
2253 3012 2359 3065 roq-

398 3085 486 3124 ωε
501 3084 606 3137 est,
623 3073 709 3122 cui
725 3088 917 3141 negare
932 3088 1037 3121 non
1053 3072 1226 3141 potuit
1246 3090 1257 3118 ε
1275 3069 1401 3121 dum
1560 3090 1578 3124 1
1591 3112 1603 3124 .
1625 3075 1914 3126 Constituto
1928 3085 2014 3127 est.
2033 3072 2330 3144 Eleganter,
2350 3073 2487 3126 bene

399 3150 686 3202 multorum
712 3149 935 3201 aliorum
956 3166 1133 3218 parem
1152 3147 1405 3199 intellexit
1483 3150 1725 3217 fundata,
1738 3151 1961 3217 firmata,
1975 3166 2033 3203 ut
2052 3171 2162 3203 non
2177 3151 2331 3206 facile
2346 3171 2486 3205 ever-

405 3247 522 3282 esse
543 3231 707 3283 vicem
740 3244 791 3282 et
823 3228 1183 3282 conditionem
1199 3266 1216 3290 ‚
1242 3247 1405 3300 quum
1486 3245 1567 3282 tar
1603 3231 1848 3283 omnibns
1884 3231 2058 3283 bonis.
2100 3233 2180 3284 Ita
2216 3232 2381 3284 Cicer.
2418 3233 2487 3285 nd

405 3309 607 3361 factum
622 3314 997 3376 excusantium,
1013 3309 1161 3383 quod
1175 3308 1407 3362 abdicati
1487 3311 1631 3362 Fam.
1653 3309 1704 3374 1,
1724 3328 1787 3379 9:
1819 3330 1844 3356 κ
1863 3309 2217 3363 constitutum
2242 3315 2489 3382 patrimo-

410 3400 620 3452 essent‚
652 3401 760 3439 tum
792 3408 1003 3441 omnem
1035 3407 1252 3460 operam
1282 3386 1406 3439 huic
1494 3413 1516 3437 ι
1535 3392 1683 3443 nium
1703 3415 1725 3438 n
1763 3389 1909 3442 dixit.
1934 3390 2055 3443 Vid.
2090 3391 2158 3444 ad
2190 3394 2373 3447 Vellei.
2407 3395 2492 3459 11,

403 3467 556 3521 diviti
603 3466 916 3523 adolescenti
959 3468 1369 3542 pollicitantium
1388 3506 1404 3535 ‚
1493 3470 1607 3522 103.
1636 3471 1803 3521 nunu.
