3200 5117
758 543 840 610 56
1263 545 1356 610 M.
1403 545 1652 610 FABII
1696 544 2332 628 QUINTILIANI

751 668 1055 769 pudium
1096 669 1305 769 igitur
1341 671 1675 769 imperas,
1716 691 1782 743 et
1826 670 2181 769 copulatos
2203 670 2356 771 jam
2405 671 2527 743 diu
2563 670 2840 742 diducis

753 784 1059 857 animos:
1094 812 1320 884 neque
1353 786 1547 857 enim
1581 786 1655 856 in
1686 784 1818 857 hoc
1859 806 1934 857 tu
1970 787 2405 884 spectaveris‚
2437 785 2631 883 quod
2673 813 2839 857 cum

753 927 960 974 uxore
991 928 1150 974 mea
1183 929 1328 975 non
1361 901 1482 973 diu
1518 901 1690 974 vixi:
1725 903 1873 975 sine
1905 902 2117 975 dubio
2147 902 2537 975 secundum
2566 903 2841 1001 nuptias

750 1016 1100 1112 profectus
1143 1043 1335 1105 sum3
1381 1015 1714 1088 continuo
1758 1043 1873 1089 me
1921 1017 2383 1117 peregrinatio
2416 1017 2724 1115 excepit:
2774 1036 2843 1088 et

751 1129 860 1201 vel
897 1129 1030 1203 hoc
1074 1130 1223 1229 ipso
1254 1130 1560 1227 iniquius
1585 1151 1688 1202 est
1709 1131 2059 1230 repudiari
2088 1158 2280 1220 eam,
2308 1158 2462 1230 quae
2488 1151 2667 1203 certe
2696 1156 2839 1201 non

750 1245 980 1343 potuit
1023 1245 1398 1319 offendere.
1447 1246 1970 1321 Descendamus
2012 1273 2178 1320 sane
2219 1247 2307 1320 ad
2349 1246 2529 1319 hanc
2562 1272 2840 1344 quoque

752 1361 1236 1434 necessitatem
1267 1376 1317 1453 ¹,
1364 1383 1442 1434 ut
1488 1362 1874 1461 imperante
1918 1385 2150 1462 patre,
2201 1363 2412 1436 etiam
2466 1362 2838 1462 repudium

753 1476 945 1549 filius
989 1476 1236 1550 debeat
1280 1479 1470 1576 pati3
1509 1478 1681 1575 quid
1714 1480 1800 1552 de
1834 1480 2014 1578 ipsa,
2058 1507 2269 1578 quam
2307 1479 2658 1579 repudiari
2699 1478 2838 1566 vis»,

755 1593 1046 1690 querar?
1071 1619 1239 1665 sane
1270 1614 1462 1692 pater
1489 1595 1697 1666 fuerit
1729 1594 2091 1685 inimicus;
2124 1623 2246 1666 cur
2275 1597 2421 1666 haec
2450 1621 2669 1666 nurus
2699 1621 2840 1688 esse

756 1708 1055 1798 desinat,
1082 1736 1295 1808 quam
1325 1708 1505 1780 nihil
1534 1736 1850 1807 peccasse
1881 1731 1955 1782 tu
1991 1737 2271 1811 quoque
2303 1710 2684 1800 confiteris,
2723 1709 2844 1805 qui

758 1822 1078 1922 expellis?
1120 1828 1346 1922 Negas
1391 1823 1722 1897 idoneam
1765 1851 1908 1897 esse
1952 1826 2398 1897 matrimonio
2449 1851 2606 1897 meo
2659 1824 2843 1896 locu⁶

754 1939 1032 2037 pletem.
1066 1941 1307 2030 Quam
1331 1966 1599 2029 vereor,
1633 1967 1721 2013 ne
1761 1940 1874 2013 cui
1911 1941 2228 2013 videatur
2259 1962 2450 2039 pater
2483 1940 2578 2012 sic
2611 1938 2848 2011 inimi-

757 2079 878 2126 cus
911 2054 1102 2127 diviti
1152 2081 1293 2127 esse
1342 2054 1660 2155 coepisse:
1712 2082 1855 2128 non
1891 2057 2084 2128 enim
2126 2057 2407 2128 fortuna
2460 2055 2535 2126 in
2589 2074 2845 2128 utram-

756 2169 929 2242 libet
979 2190 1245 2268 partem
1291 2171 1632 2244 intuenda
1675 2194 1797 2245 est.
1845 2175 1957 2244 An
1997 2200 2158 2244 vero
2209 2172 2400 2271 apud
2449 2198 2563 2243 me
2605 2191 2848 2243 noceat

760 2284 1044 2384 puellae,
1078 2285 1267 2385 quod
1310 2285 1500 2360 dives
1529 2308 1663 2377 est3
1694 2314 1918 2385 quum
1948 2288 2136 2386 apud
2173 2309 2442 2389 patrem
2486 2286 2671 2358 illius
2699 2311 2843 2358 non

759 2402 1078 2474 nocuerit
1100 2402 1281 2474 mihi
1301 2460 1321 2493 ‚
1359 2403 1549 2503 quod
1575 2429 1840 2502 pauper
1866 2432 2021 2477 sum
2036 2404 2296 2478 RDives
2324 2427 2466 2478 est:
2498 2401 2846 2501 numquid

763 2543 926 2616 ergo
964 2515 1098 2591 hoc
1140 2517 1368 2591 dicere
1404 2538 1597 2617 potes
1610 2549 1628 2609 ;
1669 2521 2027 2618 superbior
2059 2521 2220 2612 erit,
2262 2541 2328 2596 et
2359 2519 2699 2594 fastidiet?
2741 2545 2848 2591 se-

758 2750 853 2801 tris
868 2786 887 2815 ,
914 2751 1127 2821 nuptias
1159 2753 1398 2822 potuisse
1429 2752 1763 2805 contrahere.

760 2827 796 2881 l.
820 2831 865 2882 si
892 2827 1026 2882 filius
1047 2836 1159 2902 ejus
1189 2832 1247 2882 ff.
1269 2829 1337 2883 de
1359 2834 1460 2883 ritu
1478 2846 1629 2903 nupt.
1651 2832 1685 2884 l.
1712 2834 1764 2885 in

761 2907 905 2960 bello
937 2907 985 2979 §-
1006 2908 1184 2962 medio
1206 2908 1265 2970 ff.
1296 2909 1365 2982 de
1394 2912 1630 2983 captivis.
1664 2909 1766 2964 Sed

762 2988 1005 3043 Julianus
1021 2989 1169 3043 addit
1187 2994 1549 3063 exceptionem
1561 3030 1579 3058 ,
1594 2994 1767 3046 sieam

761 3069 899 3123 filius
915 3069 1102 3136 ducat,
1117 3074 1268 3141 cujus
1283 3072 1643 3125 conditionem
1659 3093 1768 3127 cer-

763 3165 876 3201 tum
898 3152 963 3203 sit
977 3141 1183 3222 patrem
1202 3170 1312 3203 non
1328 3151 1730 3223 repudiaturum
1751 3176 1764 3205 ε

764 3233 821 3284 in
854 3251 962 3302 quo
986 3245 1224 3285 versatur
1248 3231 1361 3286 hee
1388 3237 1762 3288 controversia.

765 3311 948 3364 AEnon.

844 3407 863 3441 1
877 3428 887 3440 .
910 3390 1288 3443 Descendamus
1308 3391 1379 3442 ad
1403 3391 1538 3443 hanc
1561 3396 1766 3446 necessi·

766 3479 941 3521 tatem.
969 3469 1086 3519 Hoc
1110 3481 1216 3535 eet,
1238 3468 1424 3522 demun
1449 3470 1533 3523 vel
1556 3471 1650 3524 filii
1677 3486 1770 3524 aut

762 3548 879 3600 fiuae
907 3565 1000 3599 seu
1028 3546 1342 3618 repudium,
1365 3569 1458 3603 seu
1488 3549 1770 3605 divortium

761 3628 817 3678 in
846 3640 1106 3697 potestate
1132 3629 1300 3696 patris
1327 3646 1473 3695 esse,
1498 3643 1682 3683 contra
1711 3629 1763 3681 id

766 3705 912 3778 quod
927 3708 1050 3777 jure
1073 3719 1123 3759 et
1149 3725 1210 3757 ex
1232 3725 1412 3779 aequo,
1437 3721 1489 3761 et
1510 3708 1657 3761 bono
1686 3728 1770 3762 re-

764 3799 979 3858 ceptum
992 3797 1102 3837 est:
1126 3785 1255 3858 quid
1268 3785 1336 3839 de
1349 3790 1492 3859 ipsa,
1512 3803 1612 3843 etc.
1632 3790 1767 3842 Pau-

764 3863 875 3930 lus,
900 3866 989 3919 lib.
1018 3868 1064 3915 V
1096 3879 1324 3919 sentent.
1360 3869 1437 3920 tit.
1472 3867 1538 3921 de
1570 3867 1764 3922 Inter-d.

772 3966 794 3990 ⁸
812 3948 954 3999 Bene
997 3945 1334 4001 concordam
1377 3949 1770 4001 matrimonium

771 4047 795 4072 ιι
815 4026 1048 4094 separari
1074 4045 1105 4078 a
1133 4040 1283 4097 patre
1309 4024 1461 4081 divus
1488 4028 1613 4079 Pius
1641 4045 1768 4097 pro—

773 4127 795 4151 «
816 4103 1005 4157 hibuit.
1027 4131 1049 4153 ιι
1082 4106 1286 4180 Ulpian.
1313 4108 1393 4160 tit.
1418 4106 1485 4159 de
1507 4106 1659 4160 liber.
1681 4126 1769 4159 ex-

768 4185 876 4238 hib.
905 4186 994 4239 lib.
1025 4189 1077 4240 1:
1114 4211 1137 4233 ⁸
1157 4187 1210 4241 Si
1239 4189 1356 4261 quis
1388 4189 1548 4241 filiam
1583 4207 1767 4255 suam,

774 4289 795 4309 ιο
818 4282 931 4336 quoe
959 4264 1088 4317 mibi
1112 4280 1277 4338 nupta
1307 4280 1417 4331 est,
1446 4266 1572 4320 velit
1598 4267 1769 4321 abdu-

1852 2777 1873 2799 ⁸
1893 2775 2038 2822 cere,
2058 2755 2141 2806 vel
2170 2753 2406 2808 exhiberi
2427 2755 2527 2808 sibi
2550 2752 2842 2807 desideret:

1852 2847 1873 2869 ⁸
1895 2846 1962 2878 an
1983 2825 2229 2879 adversus
2249 2824 2587 2878 interdictum
2609 2827 2847 2895 exceptio

1851 2927 1876 2951 ⁸
1895 2904 2074 2978 danda
2097 2910 2192 2971 eit,
2215 2907 2260 2959 ei
2281 2907 2419 2958 forte
2445 2919 2596 2978 pater
2622 2922 2850 2957 concon-

1853 3008 1876 3033 ⁸
1895 2985 2027 3039 dane
2051 2987 2471 3051 matrimonium,
2490 2997 2543 3037 et
2559 2985 2698 3036 forte
2716 2983 2846 3035 libe·

1852 3090 1875 3114 ·
1896 3069 1966 3119 ris
1991 3067 2270 3119 subnixum
2292 3067 2413 3119 velit
2437 3065 2759 3118 dissolvere?
2781 3063 2847 3116 Et

1853 3171 1875 3195 ⁸
1894 3161 2041 3200 certo
2067 3153 2189 3221 jure
2218 3151 2437 3212 utimur,
2467 3165 2532 3198 ne
2555 3145 2691 3198 bene
2715 3163 2849 3197 con-

1851 3253 1874 3277 ⁸
1893 3229 2166 3284 con-damin
2187 3229 2518 3283 matrimonia
2529 3231 2649 3298 jure
2667 3229 2847 3298 patrie

1850 3332 1871 3356 ⁸
1893 3312 2170 3382 potestatis
2184 3307 2475 3360 turbentur.
2494 3304 2655 3375 Quod
2672 3320 2847 3359 tamen

1853 3416 1874 3440 ιι
1896 3394 1969 3444 sic
2018 3393 2114 3444 erit
2162 3388 2521 3442 adhibendum
2542 3426 2559 3454 ,
2605 3402 2666 3441 ut
2709 3390 2848 3459 patri

1853 3494 1875 3518 ⁸
1894 3471 2278 3544 persuadeatur
2313 3470 2410 3540 (ut
2441 3473 2498 3524 in
2531 3470 2632 3523 bec
2663 3469 2849 3550 peel.)

1853 3578 1874 3600 ⁸
1894 3572 1961 3606 ne
2017 3552 2206 3605 acerbe
2257 3554 2482 3624 patriam
2530 3564 2847 3624 potestatem

1853 3655 1874 3677 ⁸
1893 3644 2146 3684 exerceat.
2171 3653 2193 3675 ¹·
2221 3630 2467 3704 vulgaris
2491 3642 2568 3682 est
2593 3628 2675 3679 hic
2695 3626 2848 3680 locus

1847 3709 1989 3783 apud
2000 3722 2211 3778 nostros
2220 3710 2354 3779 juris
2365 3722 2622 3761 auctores.
2635 3704 2669 3756 l.
2681 3723 2848 3775 quum

1845 3789 1935 3844 hic
1955 3801 2139 3856 statue,
2163 3788 2207 3861 ξ.
2229 3789 2273 3841 si
2291 3807 2458 3840 socer.
2484 3783 2544 3836 ff.
2568 3784 2635 3837 de
2660 3782 2845 3837 donat.

1848 3874 2004 3926 inter.
2042 3875 2134 3926 vir.
2170 3874 2204 3928 l.
2239 3892 2359 3927 cum
2391 3884 2459 3921 te.
2493 3869 2551 3921 C.
2591 3866 2659 3919 de
2690 3865 2845 3919 inoff.

1849 3968 1966 4007 test.
1994 3953 2031 4007 l.
2064 3954 2197 4007 filiae.
2225 3952 2262 4004 l.
2288 3948 2659 4004 dissentientis.
2692 3947 2750 3998 C.
2782 3944 2847 3997 de

1850 4037 2099 4109 repudiis.
2135 4038 2313 4089 AEnon.
2350 4032 2456 4099 Qui
2494 4043 2547 4082 et
2583 4027 2846 4082 Briseonio

1846 4115 2011 4169 videri
2028 4154 2045 4183 ,
2090 4112 2369 4187 legendum
2414 4127 2529 4162 esse
2575 4106 2847 4161 descenda-

1846 4213 1962 4248 mus
1973 4234 1993 4262 ‚
2023 4195 2253 4248 notavit:
2293 4193 2406 4262 ipse
2440 4186 2634 4254 edidit,
2669 4185 2846 4258 defea-

1848 4275 2048 4330 damus.
