3200 5117
798 555 1635 631 DECLAMATIONES.
1680 558 1869 621 xxl.
2252 560 2371 627 561

293 830 1064 854 mmmmm
1555 824 2383 850 mmmm-Q

1220 1030 1465 1105 XXI.

1004 1260 1287 1331 Pictura
1316 1264 1450 1330 viri
1457 1259 1690 1356 sortis.

305 1466 604 1527 Vmomm
643 1482 920 1524 mmmm
957 1482 1146 1522 rAcrA
1185 1482 1554 1522 rinnau-run.
1581 1462 1739 1522 Vim
1780 1482 2002 1524 ron-ms
2034 1482 2110 1524 m:
2144 1484 2394 1524 rumino

388 1582 572 1622 Arimis
596 1578 1014 1620 commum-r.
1041 1560 1278 1619 Fratres
1303 1556 1540 1619 fortiter
1564 1557 1868 1619 fecerunt:
1898 1573 2074 1641 pater
2096 1582 2130 1620 a
2155 1562 2399 1621 minore

387 1659 574 1740 petit,
614 1672 683 1716 ut
721 1654 944 1737 majori
982 1655 1254 1716 cederet:
1295 1676 1426 1716 non
1455 1657 1826 1738 impetravit.
1860 1658 2079 1717 Praelio
2111 1658 2403 1717 interficit

390 1752 682 1834 majorem
724 1753 946 1813 minor.
988 1752 1147 1812 Petit
1183 1752 1476 1834 praemio,
1510 1773 1588 1811 ne
1624 1752 1787 1812 facta
1822 1754 2179 1834 pingantur.
2224 1756 2402 1815 Pater

391 1850 777 1911 contradicit.

1004 2000 1336 2046 CONTRA
1387 1999 1712 2046 FILIUM.

412 2135 484 2205 Si
518 2133 687 2232 quid
718 2131 1034 2232 precibus
1065 2152 1298 2204 contra
1328 2132 1555 2203 filium
1588 2158 1831 2205 meum
1863 2158 2135 2231 possem
2156 2189 2175 2223 ,
2207 2133 2401 2206 domi

317 2274 640 2337 monere,
688 2275 902 2346 quam
947 2247 1222 2347 publice
1271 2247 1700 2319 maluissem.
1748 2245 1943 2317 Nihil
1989 2248 2213 2319 audeo
2261 2249 2405 2322 filio

320 2365 583 2435 dicere¹
629 2390 841 2462 quam
892 2361 1083 2461 quod
1134 2360 1221 2433 ab
1275 2362 1426 2460 ipso
1482 2377 1709 2461 nuper
1759 2362 2028 2452 audivi3
2066 2363 2250 2461 leges
2302 2364 2401 2435 uti

316 2478 629 2568 valeant,
677 2505 891 2577 quam
935 2477 1321 2576 quidquam
1373 2477 1540 2548 mali
1588 2476 1888 2549 facere‘2.
1941 2477 2128 2549 Cede
2175 2479 2405 2570 fratri,

321 2592 483 2666 cede
517 2592 619 2664 vel
655 2593 868 2692 patri,
902 2592 1118 2664 victor
1151 2594 1317 2681 eriS,
1360 2591 1538 2664 mihi
1577 2594 1814 2680 crede,
1851 2593 1905 2663 si
1945 2593 2243 2665 cesseriS.
2287 2594 2408 2665 Di-

321 2707 454 2779 dici
485 2707 684 2780 salvis
713 2707 982 2805 legibus
1007 2706 1456 2805 parricidium
1488 2733 1683 2805 posse
1714 2706 2050 2779 committi
2070 2705 2132 2777 3:
2171 2728 2410 2779 eaetera

313 2822 460 2922 jam
494 2849 633 2893 non
668 2844 829 2893 sunt
860 2825 1240 2912 narranda,
1267 2823 1620 2922 pingenda
1644 2843 1825 2897 sunt.
1855 2826 2057 2903 Vana
2082 2843 2147 2894 et
2172 2823 2408 2921 inepta

322 2936 621 3007 formido
660 2957 793 3025 est,
829 2936 1058 3007 videre
1099 2963 1243 3009 non
1289 2964 1527 3036 posse,
1571 2938 1761 3035 quod
1800 2937 2078 3027 feceriS,
2122 2957 2189 3008 et
2228 2935 2408 3009 colo·
2454 2932 2469 2942 ’

327 3077 472 3122 rem
493 3049 735 3121 timere
752 3106 771 3141 ‚
796 3051 984 3147 quod
1009 3073 1132 3150 per
1157 3050 1660 3149 sanguinem*4
1675 3083 1692 3139 ;
1720 3051 2084 3123 simuletur
2108 3050 2239 3124 hoc
2262 3053 2409 3125 fac-

400 3256 444 3291 1.
483 3236 642 3291 Nihil
674 3239 837 3290 audeo
858 3237 985 3311 filio
1020 3239 1200 3290 dicere.
1239 3237 1324 3289 An

326 3321 446 3391 quia
469 3315 822 3389 parricidiales
848 3317 984 3367 illius
1009 3319 1193 3368 metuit
1218 3333 1326 3366 ma-

326 3399 459 3451 nus?
476 3414 543 3447 au
564 3414 684 3446 vero
712 3395 870 3449 habeo
889 3398 943 3445 in
966 3393 1045 3445 his
1069 3397 1186 3444 fuit.
1202 3394 1321 3444 vid.

327 3476 554 3528 Gronov.
572 3471 638 3524 ad
654 3471 902 3524 Controv.
918 3473 1036 3524 Sen.
1056 3474 1076 3523 1
1092 3472 1178 3523 fin.
1202 3470 1322 3523 Seu.

399 3571 447 3604 2.
468 3553 634 3621 Quam
655 3550 934 3624 quidquam
957 3548 1087 3600 mali
1092 3550 1322 3622 faceret,

330 3647 427 3687 etc.
469 3628 812 3683 vitiosissima
852 3631 997 3695 haec,
1039 3642 1090 3682 et
1134 3629 1325 3701 quibus

331 3730 632 3768 succurrere
674 3729 780 3762 non
823 3729 1076 3781 possum,
1120 3710 1162 3761 si
1200 3711 1324 3761 istas

332 3793 468 3849 solas
481 3810 637 3843 voces
653 3790 932 3842 adhibeam
945 3792 999 3840 in
1019 3788 1326 3848 consilium

332 3875 419 3929 sed
451 3892 633 3926 sensus
662 3871 766 3922 hoc
795 3885 885 3923 aut
906 3869 1072 3923 simile
1095 3870 1326 3939 flagitare

331 3953 560 4017 videtur,
592 3950 750 4003 Nihil
786 3949 943 4000 habeo
966 3945 1094 4019 filio
1130 3948 1325 4011 dicere,

334 4054 489 4107 quam
522 4031 661 4106 quod
692 4033 757 4082 ab
791 4032 900 4101 ipso
928 4048 1095 4100 nuper
1120 4028 1328 4092 audivi,

336 4114 465 4187 [eyes
509 4114 588 4166 uti
627 4110 833 4164 valeant
854 4134 867 4161 .-
911 4128 1073 4182 quum
1119 4109 1332 4179 nequic-

337 4211 486 4264 quam
521 4191 652 4244 mali
671 4191 906 4263 faceret,
936 4189 1187 4255 dicerem,
1216 4186 1333 4238 cede

330 4272 516 4343 fratri,
541 4286 640 4324 etc.
666 4272 879 4325 Senum.
903 4298 973 4309 --
996 4267 1126 4321 Cede
1143 4266 1226 4320 vel
1242 4286 1335 4338 pa-

550 4358 600 4410 6.

1406 3241 1488 3289 tri.
1532 3239 1782 3290 Francius
1828 3237 2068 3308 legebat,
2105 3238 2227 3290 cede
2267 3238 2408 3293 velut

1400 3329 1905 3446 pugn-Parricidium
1940 3414 2086 3467 posse
2119 3399 2404 3466 committi,

1405 3486 1505 3525 etc.
1546 3474 1667 3523 Haec
1705 3492 1916 3544 quoqne
1954 3490 2202 3545 corrupta
2239 3491 2290 3529 et
2329 3480 2406 3529 sie

1403 3550 1743 3621 refingenda,
1789 3552 1964 3604 Didici
2010 3553 2163 3605 salvis
2213 3553 2408 3629 leyibus

1402 3630 1681 3701 parricidia
1700 3648 1843 3702 posse
1865 3632 2133 3683 committi.
2159 3635 2408 3683 Caeterum

1389 3713 1510 3781 jam
1541 3728 1643 3761 non
1677 3719 1796 3759 sunt
1819 3712 2079 3780 patranda
2096 3733 2115 3771 ,·
2141 3710 2410 3783 pingenda

1404 3800 1539 3841 sunt.
1566 3789 1782 3839 Scuuvr.

1477 3866 1527 3933 4.
1555 3868 1659 3918 Per
1680 3868 2001 3939 sanquinem.
2030 3867 2125 3918 Hic
2145 3867 2299 3939 adjici
2319 3869 2410 3921 de-

1408 3946 1497 3998 bet
1522 3947 1800 3997 asteriscus
1817 3942 1855 4011 ‘‚
1881 3947 1969 4015 qui
1994 3959 2301 4015 corruptum
2326 3947 2408 3999 lo·

1411 4045 1531 4078 cum
1564 4037 1803 4090 notaret,
1837 4038 1887 4077 et
1920 4042 1981 4075 ex
2018 4023 2141 4075 edit.
2175 4027 2285 4097 Rip.
2316 4048 2411 4099 po-

1410 4108 1627 4157 suimus.
1672 4105 1762 4155 En.
1809 4104 1913 4154 Diu
1959 4105 2072 4173 quis
2120 4102 2409 4173 laborabit,

1411 4188 1715 4257 priusquam
1751 4195 1995 4255 expuet,
2024 4183 2150 4254 quid
2177 4184 2285 4238 haec
2314 4187 2415 4239 sibi

1411 4264 1589 4318 velint.
1613 4265 1868 4319 Restituta
1883 4283 2090 4317 sensum
2107 4264 2377 4319 habebunt
2397 4287 2410 4315 ε
