3200 5117
755 597 1596 668 DECLAMATIONES.
1644 597 2157 671 chxxxvl.
2378 601 2495 669 165

1122 1035 1799 1115 CCLXXXVI.

988 1269 1284 1342 Adulter
1286 1268 1536 1368 fiutns
1558 1291 1646 1339 ex
1665 1292 1927 1366 sponso.

414 1463 730 1528 Anmcuoe
769 1486 845 1527 n·
884 1485 1194 1528 arenam
1234 1483 1468 1526 mem-r.
1509 1464 1718 1524 Bar-ra
1758 1481 2051 1524 umam
2092 1481 2214 1523 Aur
2248 1483 2507 1525 non-rim

494 1583 705 1640 orm-r,
739 1584 861 1625 Aur
890 1583 1167 1624 num-m.
1202 1560 1660 1642 peregrinantis
1694 1559 1950 1641 quidam
1981 1557 2183 1620 fratris
2209 1580 2505 1643 sponsam

495 1662 737 1743 rapuit:
773 1662 979 1745 puella
995 1707 1014 1739 ‚
1043 1661 1409 1743 deprecante
1440 1671 1650 1742 patre,
1683 1660 1947 1742 raptoris
1970 1661 2219 1741 nuptias
2246 1661 2501 1742 optavit.

495 1758 783 1836 «Iuvenis,
817 1781 1126 1820 reversum
1156 1757 1443 1834 fratrem,
1472 1769 1543 1817 ut
1572 1758 1641 1817 in
1674 1756 1982 1818 adulterio
2020 1755 2504 1842 deprehensum,

495 1875 692 1936 quum
712 1876 832 1939 pro
855 1856 966 1916 illo
990 1866 1165 1938 pater
1188 1854 1640 1937 deprecaretur,
1665 1853 1888 1915 occidit
1907 1868 1923 1897 ¹
1945 1878 1962 1914 2
1990 1854 2338 1916 abdicatur.

1273 2040 1640 2107 SERMO.

503 2179 608 2239 An
647 2177 899 2256 omnia,
942 2199 1092 2267 quae
1127 2174 1442 2242 adversus
1476 2178 1887 2242 voluntatem
1920 2195 2184 2267 patrum
2218 2179 2502 2248 admissa

410 2297 601 2360 sunt,
632 2279 917 2373 debeant
959 2279 1373 2346 abdicatione
1414 2282 1675 2371 puniri?
1712 2304 1797 2346 an
1837 2300 2112 2373 propter
2150 2282 2219 2351 id
2263 2283 2502 2352 debeat

405 2383 732 2468 abdicari,
761 2386 942 2477 quod
965 2387 1113 2475 lege
1137 2385 1413 2451 fecerit?

1105 2585 1814 2655 DECLAMATIO.

508 2726 915 2800 Feliciores²
949 2746 1180 2827 patres
1217 2727 1315 2801 sic
1345 2727 1541 2801 irasci
1578 2729 1836 2821 solent3
1873 2731 2069 2805 Nihil
2096 2759 2242 2804 non
2276 2733 2501 2806 facere

413 2840 707 2914 debuisti
732 2842 1119 2915 secundum
1150 2869 1381 2915 meam
1410 2843 1839 2918 voluntatem
1864 2873 1884 2919 t
1909 2845 2161 2947 objicio
2190 2847 2313 2919 tibi
2343 2874 2504 2920 mu-

413 2982 547 3028 nus
579 2955 788 3030 lucis:
817 2956 1028 3058 jactat
1065 2984 1135 3030 se
1171 2979 1472 3058 potestas
1504 2959 1625 3032 illa
1659 2983 1978 3061 patrum,
2018 2964 2223 3035 etiam
2251 2962 2325 3033 in
2355 2990 2504 3035 ma-

414 3069 731 3168 gistratus
745 3130 764 3163 ‚
791 3072 1003 3144 etiam
1026 3073 1104 3145 in
1122 3073 1448 3147 victores:
1472 3102 1618 3146 non
1640 3077 1835 3176 exigo
1857 3097 2095 3149 tamen
2109 3134 2128 3169 ‚
2155 3098 2233 3149 ut
2254 3077 2499 3171 faciae,

417 3184 605 3281 quod
622 3186 837 3286 jubeo
865 3215 883 3259 z
919 3209 1112 3288 peto,
1142 3209 1221 3261 ut
1245 3189 1491 3280 faciae,
1523 3190 1717 3287 quod
1748 3191 2157 3289 rogaverim.
2193 3191 2410 3281 Quod
2440 3192 2497 3264 si

414 3321 592 3373 certe
620 3329 761 3377 non
788 3305 1135 3379 sufficeret
1166 3306 1256 3378 ad
1282 3304 1793 3379 abdicationem
1813 3363 1835 3397 ,
1863 3307 2179 3379 multum
2214 3308 2501 3406 profice-

412 3436 519 3489 ret
549 3416 675 3490 ista
701 3417 1049 3494 defensio:
1090 3446 1234 3493 non
1272 3417 1508 3511 dicit-3,
1552 3441 1915 3519 tamquam
1952 3420 2166 3519 patri,
2201 3421 2503 3522 oportuit

408 3531 670 3622 facere3
697 3532 853 3626 sed,
872 3534 1071 3607 licuit
1098 3533 1316 3626 mihi,
1336 3554 1700 3632 tamquam
1729 3534 1985 3608 alieno.
2016 3537 2159 3608 Lex
2184 3557 2320 3625 est,
2345 3560 2500 3633 quae

407 3648 766 3745 permittat
800 3649 1197 3723 adulterum
1231 3677 1396 3722 cum
1428 3647 1740 3722 adult-era
1771 3649 2103 3723 occidere.
2147 3649 2259 3722 Sic
2295 3669 2502 3747 agam

411 3760 545 3835 boc
563 3822 581 3855 ,
612 3786 974 3867 tamquam
1003 3765 1206 3839 caed‘is
1232 3763 1573 3840 causam&
1585 3792 1603 3836 ;
1634 3765 1828 3865 quod'
1853 3765 1916 3837 εἰ
1935 3767 2275 3855 facerem,
2305 3765 2504 3862 igno-

486 3934 533 3968 ι.
566 3918 782 3972 occidit.
805 3923 865 3973 ha
889 3923 1020 3992 ipsis
1044 3921 1242 3992 nuptiis
1263 3918 1415 3971 vide-
1495 3920 1688 3972 centin
1703 3920 2033 3972 atrocissimo
2049 3916 2261 3970 scelere.
2277 3915 2499 3969 Scitum.

406 4007 495 4047 tur
508 3996 986 4070 factum‚ideoque
1004 4011 1213 4071 raptum
1233 3997 1425 4069 objicit
1567 3997 1618 4049 3.
1660 3998 1785 4049 Non
1827 3996 1968 4048 dicit.
2009 3995 2166 4065 Quod'
2195 4012 2302 4046 non
2342 3994 2498 4060 dicit,

405 4088 577 4149 pater,
595 4095 768 4149 eoque
784 4080 856 4132 ait
870 4080 1276 4133 abdicasse-Est
1290 4096 1415 4131 vero
1495 4096 1818 4152 quamquam
1841 4096 1900 4149 p.
1926 4094 1974 4129 ο.
1991 4075 2048 4148 f.
2073 4094 2112 4127 s.
2142 4074 2178 4127 l.
2209 4093 2279 4126 m.
2305 4092 2498 4146 quam-

404 4154 736 4208 Declamatio
757 4158 1168 4211 intricaussima.
1194 4158 1413 4210 Senum.
1495 4175 1653 4229 quam
1678 4155 1869 4209 ali'eno.
1897 4154 2114 4208 Senum.

477 4252 525 4288 2.
570 4237 860 4293 Feliciores.
902 4238 1180 4294 Facilior-es
1197 4277 1213 4304 ,
1248 4256 1414 4310 marg.
1565 4235 1618 4302 4.
1635 4236 1722 4290 Sic
1738 4255 1893 4309 aqam
1919 4234 2038 4302 hoc,
2059 4246 2329 4309 tamquam
2351 4233 2502 4288 coedt'ae

408 4313 589 4368 AErod.
616 4345 689 4356 —
709 4317 802 4371 Sic
834 4318 999 4372 irasci.
1024 4321 1096 4372 Ut
1126 4335 1228 4370 nec
1261 4315 1417 4369 abdi·
1496 4335 1724 4371 cata-sam.
1770 4316 1869 4369 Hie
1910 4314 2039 4367 mibi
2078 4316 2501 4387 suspectissimu·
