3200 5117
773 589 899 669 406
1272 586 1366 649 M.
1413 583 1662 648 FABII
1707 581 2338 666 QUINTILIANI

1456 749 2170 860 DECLAMATtoss

730 971 755 990 ‘⁸
857 954 1006 1045 QUI
1035 973 1475 1026 VOLUNTATE
1502 972 1769 1025 DOMINI
1800 973 1876 1022 IN
1909 970 2304 1022 LIBERTATE
2330 969 2617 1039 FUER1T‚
2645 969 2850 1023 LIBER

760 1087 895 1140 sl'r.
936 1067 1005 1139 Si
1045 1068 1128 1140 de
1168 1068 1275 1141 his
1305 1069 1696 1167 loqueretur
1731 1063 1874 1157 lex,
1912 1093 2085 1164 quos
2116 1064 2446 1136 dominus
2485 1065 2849 1135 manumi-

760 1183 980 1273 sisset,
1010 1204 1076 1255 et
1107 1184 1360 1256 liberos
1391 1211 1532 1256 esse
1556 1182 1914 1271 voluisset,
1942 1208 2440 1282 supervacuum
2469 1200 2646 1252 erat:
2677 1209 2844 1254 nam

754 1299 964 1370 etiam
993 1299 1121 1372 hac
1153 1300 1303 1399 lege
1335 1299 1643 1386 sublata,
1684 1325 1826 1370 non
1870 1298 2337 1386 dubitabatur,
2374 1295 2550 1392 quin
2584 1323 2846 1369 manu-

755 1412 946 1484 missi
972 1412 1169 1485 liberi
1191 1434 1431 1488 essent.
1456 1415 1781 1506 Praeterea
1802 1411 1993 1483 aliud
2015 1436 2158 1483 esse
2174 1468 2191 1498 ,
2223 1410 2295 1481 in
2326 1409 2638 1482 libertate
2664 1439 2845 1503 esse,

751 1527 943 1600 aliud
977 1529 1275 1602 liberum
1308 1558 1486 1621 esse,
1522 1529 1730 1601 etiam
1767 1556 1845 1600 ex
1879 1556 1959 1600 eo
1996 1528 2442 1600 manifestum
2479 1547 2616 1616 est,
2653 1529 2845 1626 quod

752 1669 908 1733 εοε,
944 1644 1066 1741 qui
1096 1644 1171 1716 in
1205 1644 1518 1716 libertate
1555 1641 1852 1733 fuerint,
1886 1641 2139 1713 liberos
2172 1668 2311 1713 esse
2345 1640 2451 1713 lex
2474 1640 2701 1742 jubet.
2732 1643 2841 1716 Ad

750 1784 925 1857 quos
953 1787 1115 1858 ergo
1143 1760 1247 1832 lex
1277 1760 1613 1860 pertinet,
1642 1780 1718 1831 ut
1740 1759 1826 1831 ad
1858 1779 2162 1830 nostram
2194 1757 2584 1829 finitionem
2612 1758 2846 1831 redea-

749 1874 951 1946 mus?
976 1873 1122 1966 Qui
1147 1875 1536 1964 volentibus
1567 1874 1873 1946 dominis
1906 1871 2197 1945 fecerint
2220 1871 2456 1970 aliqua
2482 1892 2840 1970 tamquam

748 1988 991 2062 liberi:
1019 2013 1099 2063 ut
1124 2015 1321 2093 puta,
1347 1992 1643 2093 signavit
1666 1991 1929 2090 aliquid
1954 1991 2224 2062 volente
2256 1989 2547 2061 domino
2574 1979 2844 2063 servus?

746 2101 1053 2177 liberum
1087 2132 1227 2179 esse
1250 2106 1434 2179 vult:
1473 2107 1800 2204 iniquum
1836 2106 2034 2177 enim
2058 2105 2220 2177 erit¹
2259 2104 2527 2176 tabulas
2551 2106 2841 2195 auferri,

748 2241 815 2290 et
848 2218 1443 2321 circumscriptum
1489 2248 1632 2294 esse
1673 2219 1905 2292 nescio
1945 2247 2156 2317 quem
2179 2276 2198 2309 ‚
2238 2217 2350 2289 cui
2389 2217 2673 2317 signatae
2704 2218 2844 2291 sint

745 2333 1020 2406 tabulae.
1074 2337 1301 2410 Judex
1354 2339 1533 2410 inter
1582 2337 1756 2415 duos
1802 2335 2261 2422 convenerim
2309 2356 2376 2405 et
2425 2334 2840 2407 sententiam

745 2447 980 2523 tulerit
1004 2452 1279 2526 volente
1310 2452 1641 2528 domino?
1668 2453 1966 2525 liberum
1997 2479 2138 2524 esse
2165 2452 2356 2523 hunc
2379 2451 2626 2544 voluit,
2659 2476 2735 2525 ut
2760 2479 2844 2525 ea

747 2590 886 2655 res,
931 2593 1086 2663 quae
1115 2567 1425 2668 judicata
1462 2592 1637 2662 erat,
1676 2568 1959 2642 haberet
1989 2596 2198 2641 suum
2240 2569 2474 2644 finem.
2507 2568 2837 2665 Denique

746 2680 1104 2753 neminem
1120 2739 1139 2771 ,
1166 2684 1289 2781 qui
1316 2684 1391 2756 in
1415 2684 1652 2783 aliqua
1672 2685 1977 2758 formula
2001 2681 2373 2757 libertatis³
2393 2680 2656 2770 fuisset,
2682 2680 2826 2752 nisi

821 2866 864 2901 1.
885 2848 1165 2901 Inimicum
1185 2853 1326 2904 enim
1348 2853 1461 2904 erit.
1480 2855 1600 2905 Haec
1617 2855 1749 2906 ratio
1830 2852 2030 2922 legunt.
2067 2853 2198 2908 Vide
2238 2855 2451 2904 Fon-ner.
2493 2849 2680 2902 Select.
2717 2850 2833 2917 111¹,

742 2941 851 2978 non
872 2939 1130 2997 perpetuo
1146 2945 1271 2979 vera
1288 2943 1384 2982 est.
1403 2932 1541 2981 Nam
1556 2931 1750 2985 tabuloe
1830 2933 1949 3001 oap'.
1978 2931 2038 2997 4,,
2063 2943 2116 2983 et
2139 2932 2210 2984 ita
2235 2948 2398 3002 supra
2418 2929 2498 2980 bis
2519 2941 2663 2980 terve
2687 2946 2837 2980 eom·

741 3021 1130 3075 nonnunquam
1151 3006 1308 3059 flnnoe
1328 3022 1379 3059 et
1398 3022 1519 3060 ratae
1538 3027 1756 3063 manere
1831 3008 2049 3072 mutari,
2067 3006 2179 3058 haec
2199 3007 2357 3060 verba
2376 3004 2629 3072 vidimus,
2648 3004 2714 3057 ad
2732 3007 2841 3060 De-

739 3095 997 3152 possunt‚
1025 3097 1077 3135 et
1107 3085 1253 3136 testis
1285 3085 1371 3138 ille
1404 3085 1745 3140 nihilominus

740 3161 792 3210 in
825 3163 1123 3213 servitutem
1149 3166 1277 3235 peti.
1304 3166 1351 3231 S.
1381 3164 1476 3216 sed
1499 3184 1621 3217 eum
1649 3166 1747 3218 ali-

743 3242 860 3312 quis
882 3243 935 3293 iu
961 3243 1243 3295 Institutio.
1269 3243 1334 3298 de
1358 3260 1477 3298 test.
1505 3246 1743 3298 ordinau.

743 3315 887 3368 Servi
903 3338 1116 3391 quoque
1132 3320 1336 3375 nullum
1353 3324 1626 3376 arbitrium
1642 3339 1747 3391 est,

743 3408 803 3448 ut
826 3398 1082 3470 Ulpianus
1110 3404 1182 3454 ait
1212 3404 1279 3456 ad
1308 3403 1538 3457 edictum
1565 3405 1632 3458 de
1661 3426 1747 3458 re·

743 3480 911 3549 ceptis
949 3480 1187 3533 arbitris:
1229 3498 1279 3536 et
1311 3499 1487 3538 tamen
1522 3500 1747 3558 possunt

596 3567 605 3572 “
668 3627 669 3630 ¹
741 3557 915 3611 valere
936 3579 1049 3631 quoe
1071 3565 1212 3635 apud
1238 3586 1359 3617 eum
1380 3583 1497 3619 acta
1519 3582 1668 3634 sunt,
1689 3582 1746 3620 ut

743 3651 918 3689 tamen
952 3637 1088 3691 liber
1114 3660 1224 3694 non
1251 3642 1522 3697 efficiatur.
1554 3646 1590 3697 l.
1619 3650 1748 3699 Bar-

742 3716 918 3770 barius
936 3756 952 3784 ‚
980 3719 1040 3770 ff.
1073 3719 1138 3772 de
1164 3723 1342 3775 officio
1366 3727 1616 3795 praetoris.
1645 3726 1747 3779 Sed

744 3815 909 3868 quum
952 3812 1237 3870 utrumque
1276 3800 1486 3855 volente
1530 3804 1745 3857 domino

744 3878 945 3929 factum
974 3880 1099 3945 erit,
1131 3883 1344 3951 quaestio
1370 3882 1457 3934 illa
1483 3887 1745 3953 nascitur,

747 3973 815 4005 an
834 3957 991 4008 tacite
1012 3959 1060 4007 ei
1078 3955 1322 4011 dominus
1341 3958 1635 4013 libertatem
1655 3962 1750 4015 do·

743 4047 897 4088 nasse
922 4033 1177 4101 videatur,
1198 4051 1257 4088 ut
1280 4055 1442 4109 quum
1465 4057 1587 4091 eum
1613 4055 1750 4093 tuto-

748 4126 859 4160 rem
899 4111 1022 4179 dat,
1066 4128 1158 4165 aut
1196 4114 1447 4169 heredem
1486 4120 1744 4172 instituit:

748 4203 861 4257 quae
884 4205 995 4241 non
1019 4192 1117 4243 nisi
1140 4191 1425 4246 liberorum
1445 4210 1567 4248 sunt
1585 4200 1750 4250 nomi·

747 4281 835 4316 na.
860 4263 1039 4320 AEnon
1069 4269 1348 4324 Inimicum
1374 4273 1551 4326 AErod.
1582 4288 1636 4328 et
1656 4276 1748 4328 alii

1827 3088 1981 3140 clam.
2003 3087 2272 3139 cccxln.
2286 3118 2360 3142 -.-
2376 3088 2603 3140 Tabulas
2619 3081 2835 3160 auferri.

1825 3166 1982 3217 Forte
2002 3203 2018 3230 ‚
2062 3165 2270 3217 aboleri.
2313 3167 2480 3219 Gnon.
2518 3166 2594 3217 Εἰ
2637 3165 2836 3221 tabulas

1826 3243 2031 3316 offerre.
2059 3242 2276 3295 Senum.

1899 3339 1950 3373 2.
1987 3322 2158 3373 ludex
2194 3324 2332 3373 inter
2363 3322 2489 3374 duos
2521 3323 2832 3375 convenerit.

1809 3387 2164 3475 ‘Coqnoveriss
2203 3400 2457 3455 Obrecht.
2503 3402 2598 3455 sed
2633 3403 2836 3455 nullam

1826 3482 2260 3537 causamvideo:
2297 3501 2433 3558 saepe
2467 3487 2607 3538 enim
2641 3503 2835 3537 conve—

1827 3562 1958 3616 nisse
1973 3564 2141 3635 judex
2171 3562 2381 3616 dicitur.
2407 3562 2526 3615 vid.
2552 3567 2729 3617 Vol-st.
2761 3563 2836 3616 nd

1825 3638 1940 3692 Val.
1966 3641 2104 3692 Max.
2130 3642 2203 3705 11,
2229 3642 2290 3707 8,
2318 3658 2366 3692 ι.
2392 3643 2562 3694 Bonan.

1896 3719 1945 3772 3.
1969 3719 2034 3769 In
2047 3717 2287 3789 formula
2307 3717 2568 3774 libertatis.
2589 3722 2701 3787 An,
2713 3720 2836 3793 fior·

1827 3809 1955 3852 tuna
1968 3838 1986 3865 ,
2006 3813 2065 3852 ut
2081 3800 2229 3851 Deci.
2251 3799 2499 3854 00ch2
2527 3824 2551 3848 ι
2572 3804 2629 3853 In
2649 3799 2833 3871 aliqua

1832 3902 1854 3927 ιι
1873 3882 2088 3933 fortuna
2111 3880 2429 3954 reipublieae.
2449 3907 2471 3931 ι
2495 3884 2561 3935 Et
2583 3885 2654 3936 ita
2678 3882 2831 3936 Decl.

1827 3957 2141 4026 OOCXLIX,
2173 3980 2271 4034 pro
2294 3961 2553 4032 fortuna,
2582 3960 2834 4033 formula

1829 4043 2136 4113 reponenda.
2185 4041 2490 4096 Scuuvrnw.
2540 4046 2652 4114 Ego
2697 4041 2838 4094 nihil

1827 4132 2006 4171 mutet
2049 4123 2122 4172 ita
2163 4122 2303 4173 enim
2346 4139 2480 4193 saepe
2518 4122 2696 4174 Livius
2711 4159 2727 4187 ‚
2768 4133 2839 4173 ut

1825 4195 1914 4247 lib.
1959 4199 2147 4265 XLIII,
2183 4200 2218 4252 6
2239 4222 2253 4251 :
2298 4220 2320 4245 ι
2337 4201 2725 4272 Lampsacenos
2770 4200 2835 4250 in

1831 4280 2134 4333 «sociorum
2179 4281 2468 4334 formulam
2515 4282 2712 4335 referre
2755 4281 2830 4347 Q.
