3200 5117
734 576 860 664 276
1234 572 1330 634 M.
1376 570 1628 633 FABn
1675 567 2309 652 QUINTILIANI

730 721 1087 796 supremas
1120 693 1283 767 audi
1319 691 1526 792 patris
1560 690 1937 764 miserrimi
1969 716 2201 763 voces:
2236 689 2369 761 hoc
2405 690 2651 765 saltem
2685 694 2828 766 for-

733 834 917 886 tunae
951 836 1121 883 meae
1153 828 1426 909 praesta,
1455 805 1687 880 Semel
1715 805 1937 878 ferias.

1677 939 1682 946 ’
1889 941 1934 980 δ

1375 1084 2246 1108 §RNV-§mmmmm
2256 1084 2826 1106 §summm

733 1092 979 1112 mm

1527 1287 2026 1366 CCCXVI.

1377 1519 1572 1591 Flens
1609 1518 1942 1592 luxuriosi
1966 1532 2180 1617 paler.

772 1727 951 1788 Flens
989 1740 1161 1809 pater
1202 1747 1312 1808 per
1349 1724 1705 1808 publicum,
1738 1722 1941 1783 filium
1979 1722 2365 1783 luxuriosum
2401 1723 2780 1806 sequebatur.

1462 1822 1801 1882 Dementiae
1828 1840 1966 1880 neus
1993 1836 2099 1880 est.

1593 2029 1957 2096 SERMO.

823 2193 968 2256 Hoc
989 2214 1198 2279 genus
1215 2192 1812 2258 controversiarum
1835 2214 2024 2280 paene
2045 2189 2437 2254 divisionem
2454 2212 2589 2253 non
2606 2188 2819 2279 exigit.

728 2295 845 2361 Illa
868 2299 1236 2362 communis
1263 2299 1432 2377 fere,
1464 2299 1773 2363 omnibus
1804 2297 2050 2385 exlege
2074 2295 2436 2361 dementiae
2469 2294 2820 2384 pendenti..

731 2400 857 2466 bus
887 2406 1386 2482 controversiiS,
1419 2404 1697 2493 quaestio
1729 2418 1863 2483 est3
1897 2401 2077 2491 quod
2103 2399 2439 2466 dementia
2464 2403 2618 2482 sit¹;
2649 2419 2715 2467 et
2740 2423 2822 2467 an

722 2504 869 2572 haec
893 2505 1225 2572 dementia
1252 2510 1353 2573 sit.
1386 2510 1461 2571 In
1494 2531 1575 2573 eo
1605 2507 1802 2597 quod·
1822 2508 2218 2597 quaerimus,
2256 2505 2416 2596 quid
2442 2508 2524 2571 sit
2551 2505 2826 2572 demen-

724 2613 845 2691 tia,
874 2627 942 2676 et
969 2609 1382 2679 finitionibus
1416 2616 1728 2703 utrinque
1752 2615 2014 2702 positis,
2048 2629 2117 2678 et
2140 2614 2321 2678 omni
2349 2627 2618 2677 tractatu
2643 2609 2818 2677 hanc

729 2718 1247 2783 controversiam
1287 2717 1697 2784 dividemus:
1740 2734 1814 2783 ut
1845 2737 2197 2808 quaeratur,
2236 2735 2450 2783 utrum
2481 2715 2818 2783 dementia

725 2846 803 2889 ea
828 2822 1105 2888 demum
1126 2824 1338 2913 accipi
1364 2823 1634 2903 debeat,
1662 2848 1812 2914 quae
1837 2823 2081 2891 habeat
2101 2824 2418 2914 aequalem
2444 2824 2681 2889 mentis
2711 2846 2817 2889 er-

723 2952 945 2995 rorem
960 2979 977 3010 ‚
998 2951 1082 2994 an
1114 2929 1313 2995 etiam
1337 2952 1415 2993 ex
1440 2930 1714 3019 singulis
1734 2930 1839 2994 vel
1864 2931 2089 3022 paucis
2112 2930 2389 3019 intelligi
2411 2930 2633 3019 possit.
2660 2931 2820 3000 Haec

728 3060 904 3127 saepe
931 3051 1200 3101 tractata
1230 3052 1417 3101 sunt:
1451 3034 1537 3104 ad
1574 3037 1826 3101 crimen
1866 3038 2084 3125 ipsum
2118 3038 2480 3124 veniamus.
2518 3035 2817 3126 Intelligo

727 3159 794 3207 et
836 3140 1161 3230 indignari
1200 3165 1392 3230 posse
1431 3142 1614 3207 hunc
1652 3160 1944 3231 patrem,
1983 3141 2166 3233 quod
2204 3167 2357 3209 reus
2394 3141 2745 3207 dementiae
2779 3166 2817 3206 a

724 3246 1062 3313 luxurioso
1108 3247 1221 3312 fiat
1241 3298 1257 3327 ,
1305 3265 1371 3312 et
1415 3271 1569 3313 eum
1616 3247 1822 3312 multa
1869 3249 2156 3336 graviter
2207 3265 2274 3312 et
2320 3270 2552 3335 aspere
2601 3246 2817 3313 dicere

727 3369 956 3416 contra
979 3352 1189 3417 filium
1218 3377 1432 3442 posse.
1460 3353 1721 3441 Recipit
1742 3352 2097 3419 adversarii
2121 3377 2403 3442 persona
2426 3377 2438 3415 :
2466 3352 2583 3417 sed
2605 3352 2820 3418 videa·

729 3479 912 3537 muS,
941 3481 1023 3521 an
1049 3459 1323 3548 recipiat
1356 3477 1580 3525 nostra
1605 3484 1618 3522 z
1657 3482 1812 3524 nam
1837 3460 2005 3523 sicut
2036 3459 2262 3548 paullo
2293 3477 2446 3524 ante
2481 3460 2817 3549 praecipie-

809 3664 826 3697 ι
840 3686 853 3697 .
890 3645 1036 3716 Quod
1058 3646 1318 3699 dementia
1341 3649 1424 3701 sit.
1455 3647 1595 3718 Quid
1614 3648 1667 3698 d.
1696 3668 1734 3701 s.
1823 3669 1846 3693 ι
1866 3666 1974 3699 non
1992 3663 2071 3700 est
2086 3647 2193 3701 hoc
2209 3647 2502 3700 dementem
2521 3666 2653 3714 esse,
2669 3661 2768 3700 etc.
2790 3672 2812 3694 ι

728 3724 928 3779 Schult.
947 3724 1451 3780 Obrecht—Simili
1465 3728 1573 3779 fere
1590 3741 1738 3779 teno-
1816 3725 1961 3777 Idem
1994 3727 2120 3794 Vll,
2152 3729 2218 3795 4,
2259 3725 2354 3777 25:
2395 3749 2416 3771 α
2437 3724 2583 3792 Quid
2620 3727 2686 3778 sit
2724 3724 2818 3777 de-

728 3824 787 3857 re
806 3842 822 3865 ‚
854 3807 1194 3875 quaestionem
1224 3803 1495 3858 dementiae
1524 3807 1736 3857 tractari
1822 3827 1844 3850 ι
1867 3807 2095 3871 mentia,
2137 3805 2344 3856 finitur:
2369 3828 2391 3850 ι
2432 3803 2509 3854 Ex
2546 3805 2820 3855 iteratione

728 3886 966 3955 praecipit
992 3883 1217 3950 Fabius,
1242 3884 1410 3936 Instit.
1437 3883 1585 3935 Orat.
1609 3886 1701 3936 vu
1717 3922 1734 3951 ,
1818 3885 2000 3952 quanti
2059 3884 2314 3934 momenti
2371 3883 2435 3932 sit
2496 3893 2820 3952 praeceptum

731 3961 793 4026 3,
820 3981 879 4014 2:
913 3986 935 4009 a
955 3964 1167 4013 Interim
1192 3981 1221 4013 a
1247 3963 1500 4032 qualitate
1523 3963 1590 4014 ad
1616 3963 1735 4013 fmi-
1816 3964 2158 4016 denuncians.
2194 3963 2286 4015 En.
2316 3990 2383 4004 -
2405 3963 2480 4013 Et
2509 3962 2659 4012 omni
2690 3972 2818 4012 trac-

734 4063 757 4088 «
778 4044 977 4095 tionem
1007 4041 1368 4110 descenditur,
1398 4058 1454 4094 ut
1483 4046 1537 4096 in
1567 4045 1735 4097 actio-
1819 4054 1947 4095 tatu.
1968 4045 2081 4108 An,
2103 4054 2156 4094 et
2175 4043 2410 4096 omnibus
2432 4043 2671 4093 tractatis.
2697 4041 2814 4091 Sca.

739 4140 761 4163 κ
781 4119 934 4172 nibu's
953 4119 1252 4186 dementiae,
1273 4136 1372 4173 etc.
1398 4124 1451 4172 in
1477 4124 1669 4194 quibus
1692 4125 1735 4174 si
1816 4154 1888 4163 —-
1904 4126 2030 4177 Hoec
2047 4142 2194 4195 soepe.
2215 4123 2342 4175 Haec
2360 4122 2446 4174 aba·
2462 4123 2582 4175 satis
2604 4130 2820 4174 tractata

739 4219 761 4246 ι
783 4213 923 4252 recte
944 4203 1081 4253 faeta
1102 4221 1245 4268 esse,
1262 4223 1375 4274 quae
1396 4204 1735 4275 objiciuntur,
1815 4217 1954 4270 sunt,
1969 4205 2056 4257 ad.
2072 4203 2525 4273 Setinum—Quod
2537 4200 2822 4271 reus.de

741 4299 763 4323 α
782 4276 888 4329 dici
920 4297 1029 4331 non
1056 4294 1231 4350 potest
1246 4320 1262 4347 ‚
1291 4280 1419 4331 illud
1443 4282 1703 4334 succurrit
1717 4320 1733 4347 ‚
1816 4295 1870 4332 et
1887 4299 2010 4336 reus.
2037 4283 2219 4335 AEnon.
2241 4282 2358 4352 Bip.
2379 4298 2483 4353 quo
2503 4300 2614 4333 reus
2631 4304 2644 4331 .·
2664 4277 2818 4331 male.
