3200 5117
774 561 900 642 42ss
1272 563 1373 626 Μ,
1412 561 1665 624 FABII
1711 559 2354 643 QUINTILIANI

772 682 970 755 aliud
1012 682 1413 756 cubiculum
1436 697 1486 772 ¹,
1523 682 1723 783 juxta
1752 681 2100 754 adulteros
2133 709 2327 755 meos
2359 680 2856 754 collocaturus?

772 825 863 871 an
911 825 1133 896 quum
1177 799 1519 872 venissem
1566 799 1641 870 in
1692 797 2136 885 cubiculum,
2189 818 2258 869 et
2294 797 2643 899 jacentem
2695 824 2856 869 cum

776 911 1086 986 adultero
1135 940 1417 985 uxorem
1465 939 1699 985 meam
1750 911 2398 1011 deprehendissem,
2444 913 2856 985 excitaturus

778 1028 1104 1099 tantum?
1150 1027 1323 1126 quid
1355 1027 1655 1100 deinde?
1697 1047 2227 1126 recepturusne,
2274 1052 2364 1098 an
2408 1025 2760 1099 cessurus?
2805 1026 2859 1097 si

775 1141 986 1213 talem
1019 1141 1380 1214 habiturus
1408 1167 1600 1214 eram
1625 1142 1983 1231 animum,
2010 1141 2144 1231 dii,
2168 1142 2416 1240 gratias
2445 1167 2577 1240 ago
2591 1155 2642 1232 ²,
2674 1140 2860 1238 quod

778 1275 979 1329 nocte
1008 1256 1187 1328 veni.
1212 1261 1355 1329 Vos
1380 1258 1718 1356 profecto,
1750 1257 1847 1329 dii
1878 1257 2315 1358 conjugales,
2341 1257 2522 1329 hanc
2546 1256 2644 1328 illi
2669 1281 2862 1328 men-

779 1392 923 1444 tem
972 1370 1253 1444 dedistis
1270 1413 1295 1462 -,
1349 1394 1429 1444 ut
1472 1372 1765 1444 domum
1811 1371 1886 1442 in
1935 1370 2173 1443 dotem
2216 1371 2444 1461 daret,
2495 1392 2573 1444 ut
2619 1369 2861 1443 eadem

780 1486 1053 1559 familia
1083 1488 1482 1576 excubaret3
1518 1508 1597 1559 ut
1635 1488 1690 1559 is
1713 1486 1974 1587 janitor
2000 1509 2208 1578 esset,
2237 1488 2359 1586 qui
2391 1513 2508 1559 me
2543 1485 2862 1559 admitte-

786 1623 922 1691 ret;
966 1624 1041 1675 ut
1081 1631 1385 1678 reversus
1423 1604 1726 1702 denique
1759 1603 1932 1676 nihil
1971 1605 2133 1680 novi
2169 1605 2590 1695 invenirem,
2627 1623 2862 1703 praeter

782 1715 1150 1791 adulteros.
1188 1721 1369 1818 Ergo
1404 1718 1619 1792 ‘uxor-³
1652 1720 1748 1792 sic
1780 1748 1823 1791 a
1859 1746 1971 1791 me
2010 1741 2274 1809 amata,
2317 1740 2727 1792 testamento
2759 1746 2863 1792 re-

787 1831 950 1903 licta
988 1833 1219 1923 heres,
1267 1833 1503 1906 audita
1542 1854 1759 1905 morte
1804 1835 2072 1925 mariti,
2115 1861 2260 1906 non
2307 1833 2699 1931 inquisivit,
2750 1834 2863 1906 ubi

791 1948 1145 2048 periissem
1166 2006 1186 2041 ,
1224 1977 1366 2022 non
1404 1949 1673 2048 aliquos
1701 1951 2017 2024 certiores
2044 1951 2362 2040 nuntios,
2397 1978 2542 2024 non
2571 1976 2867 2023 reversu-

793 2089 903 2135 ros
943 2091 984 2136 a
1022 2064 1361 2163 supremis
1394 2063 1645 2138 officiis
1675 2065 1974 2139 servulos
2007 2065 2493 2164 exspectavit4:
2531 2064 2652 2138 sed
2684 2063 2866 2137 festi-

794 2197 956 2248 nato
989 2203 1270 2276 quoque
1306 2179 1576 2279 nupsit,
1615 2200 1684 2251 et
1717 2178 1790 2250 in
1821 2206 2010 2251 novae
2038 2179 2352 2252 lihidinis
2384 2205 2694 2252 amorem
2720 2203 2870 2250 mea

787 2288 1061 2389 judicia
1091 2293 1406 2391 protinus
1436 2293 1822 2384 transtulit,
1859 2291 1935 2365 in
1963 2294 2207 2366 eadem
2242 2293 2454 2365 domo
2472 2351 2491 2383 ,
2527 2294 2603 2366 in
2631 2292 2870 2365 eodem

800 2404 1156 2498 cubiculo,
1206 2408 1280 2478 in
1330 2408 1579 2480 eodem
1627 2407 1845 2480 lecto?
1890 2408 2064 2480 adeo
2109 2408 2340 2479 mariti
2387 2408 2634 2514 prioris
2674 2407 2873 2478 etiam

801 2522 1141 2595 memoria
1170 2524 1492 2597 abierat⁵.
1533 2524 1721 2596 Desii
1757 2524 1886 2597 ista
1918 2525 2193 2613 mirari,
2223 2550 2448 2625 quum
2481 2522 2876 2595 adulterum

802 2633 939 2706 vidi
977 2634 1359 2738 juvenem,
1398 2659 1679 2738 propter
1723 2665 1934 2739 quem
1982 2637 2249 2712 tamdiu
2289 2637 2494 2711 vidua
2538 2661 2679 2708 esse
2722 2661 2871 2707 non

880 2858 925 2892 1.
958 2841 1045 2895 An
1080 2862 1164 2894 me
1198 2844 1253 2896 in
1285 2844 1455 2897 alium
1487 2846 1798 2899 cubiculum.
1879 2850 2100 2904 servulos
2116 2850 2438 2921 exspectavit.
2457 2845 2669 2898 Porcius
2686 2840 2754 2894 de
2771 2840 2881 2892 Te-

804 2922 1013 2988 Scribe,
1046 2924 1102 2975 iu
1130 2924 1264 2976 idem
1293 2924 1610 2977 cubiculum.
1636 2927 1799 2979 Geor«.
1883 2934 2086 2986 rentio=
2122 2953 2145 2977 α
2164 2933 2361 2981 Eorum
2383 2929 2473 2980 ille
2501 2943 2663 2998 opera
2687 2942 2756 2975 ne
2783 2923 2881 2974 do-

803 3002 873 3053 In
888 3019 1061 3053 meum
1073 3002 1390 3068 cubiculum,
1407 3001 1540 3055 Obr.
1558 3004 1625 3055 In
1639 3003 1803 3069 aliud,
1890 3031 1913 3056 ι
1933 3025 2078 3059 mum
2118 3007 2330 3079 quidem
2377 3006 2563 3058 habuit
2607 3002 2886 3055 conducti·-

806 3080 1005 3134 Schult.
1037 3085 1189 3151 cujus
1217 3081 1643 3135 emendationem
1671 3085 1807 3136 reci-

806 3165 1009 3234 pimus,
1032 3165 1133 3216 etsi
1158 3182 1341 3219 omnes
1371 3177 1559 3217 nostrae
1586 3164 1805 3217 edition.

806 3240 973 3293 alium
1001 3241 1292 3295 cubiculum
1322 3241 1584 3308 habeant,
1612 3245 1810 3315 quippe

808 3339 922 3391 qun
940 3326 1150 3394 gravius
1170 3323 1479 3376 latinitatem
1504 3322 1713 3377 laedant.
1738 3327 1809 3377 Ut

807 3402 961 3454 valde
982 3404 1233 3456 miremur
1262 3404 1572 3459 mendosam
1603 3422 1808 3457 mascu-

808 3484 902 3535 lini
915 3485 1118 3554 generis
1133 3504 1253 3537 curn
1269 3500 1457 3538 neutro
1478 3487 1811 3555 conjunctio·

810 3581 935 3615 nem
956 3559 1129 3615 doctis
1145 3564 1523 3636 interpretibus
1545 3582 1659 3615 esse
1683 3582 1811 3634 prte-

813 3644 1116 3696 ter-missam.
1137 3646 1230 3696 En.
1250 3646 1317 3698 In
1337 3644 1477 3698 §thul
1490 3643 1808 3712 cubiculum,

811 3722 1077 3774 Francius.

884 3818 933 3853 a.
959 3800 1242 3865 Animum,
1265 3798 1342 3853 dis·
1358 3802 1553 3872 gratias
1573 3818 1688 3874 ayo.
1715 3800 1812 3852 nic

812 3883 990 3935 malim
1015 3904 1029 3933 ι
1071 3882 1131 3934 Si
1170 3877 1327 3932 talem
1370 3880 1631 3934 habiturus
1671 3899 1813 3932 eram

812 3961 1049 4014 anivnum
1072 3998 1089 4025 ‚
1132 3961 1229 4012 diis
1264 3960 1465 4034 gratias
1500 3979 1632 4035 eqo,
1678 3960 1820 4033 quod

814 4050 963 4091 nocte
986 4039 1121 4092 veni.
1145 4038 1310 4092 Giton.

886 4117 935 4168 3.
957 4117 1097 4190 Eryo
1121 4136 1266 4170 uxor.
1296 4117 1526 4169 Pertinet
1547 4129 1603 4169 et
1624 4116 1692 4170 ad
1712 4114 1817 4169 hoc

814 4192 853 4245 l.
880 4211 1030 4246 uxor.
1056 4195 1113 4247 C.
1141 4195 1207 4247 de
1232 4192 1435 4265 Repud.
1458 4197 1604 4247 Prru.

884 4273 936 4341 4.
966 4276 1266 4332 never-sums
1294 4295 1328 4327 a
1354 4276 1606 4348 supremis
1631 4272 1821 4348 officiis

1892 3101 1915 3126 ι
1934 3080 2097 3138 cium
2124 3077 2307 3132 saltem
2328 3090 2392 3128 ut
2414 3089 2579 3141 esset,
2599 3093 2707 3146 quo
2731 3074 2884 3125 refer-

1892 3183 1915 3208 «
1936 3173 2016 3212 ret
2065 3159 2271 3211 obitum
2325 3157 2532 3210 domini
2585 3155 2832 3207 servolus.
2854 3177 2877 3200 ιι

1887 3241 2048 3307 Quod
2069 3241 2203 3294 male
2224 3243 2445 3291 mutavit
2465 3237 2724 3308 Scaliger:
2748 3259 2770 3282 ι
2783 3235 2886 3303 Qui

1894 3341 1918 3366 ι
1937 3322 2155 3374 referret
2195 3319 2399 3371 obitum
2440 3316 2676 3380 domini,
2713 3330 2884 3368 servo-

1894 3424 1917 3449 ·
1938 3401 2035 3456 lus.
2058 3424 2081 3447 ο
2113 3402 2353 3454 Gaouov.
2387 3401 2657 3464 Reversus,
2679 3395 2886 3448 volebat

1887 3481 2161 3532 Francius.
2190 3509 2263 3521 —-
2291 3480 2364 3531 Et
2395 3480 2453 3530 iu
2491 3494 2638 3530 πονο
2671 3472 2889 3528 libidinis

1890 3577 2134 3611 amor-em.
2155 3561 2289 3609 Puto
2307 3568 2587 3609 auctorem,
2617 3549 2890 3625 Meajudi-

1891 3636 1973 3687 cia
1984 3675 2002 3703 ,
2023 3636 2076 3688 id
2096 3650 2201 3702 est,
2224 3634 2370 3708 quod
2390 3654 2488 3705 ego
2508 3635 2557 3686 ei
2582 3641 2886 3685 testamento

1892 3717 2222 3788 reliqueram.
2239 3718 2318 3768 Ne
2332 3717 2494 3767 facias
2511 3733 2634 3764 cnm
2651 3710 2887 3773 AErodio‚

1892 3814 2008 3846 mea
2012 3795 2222 3868 judicia
2240 3794 2465 3848 eludens.
2489 3793 2656 3844 Gnou.
2681 3794 2799 3842 Mea
2810 3791 2890 3859 ju-

1892 3876 2030 3928 dicia
2067 3876 2306 3947 protinus
2345 3874 2564 3926 eludens
2578 3912 2592 3932 ‚
2636 3868 2895 3924 musmlit

1894 3955 2146 4007 moechum
2173 3957 2228 4006 in
2252 3954 2459 4017 eadem,
2487 3948 2666 4002 AErod.

1969 4035 2018 4087 5.
2035 4034 2210 4085 Etiam
2227 4032 2476 4084 memoria
2493 4032 2707 4083 abierat.
2726 4024 2895 4079 Credo

1899 4134 1929 4167 e
1947 4113 2081 4165 libro
2102 4131 2216 4165 esse
2235 4111 2439 4163 Pithoei.
2457 4109 2671 4180 Alioqui
2695 4126 2800 4159 non
2822 4109 2898 4157 in-

1899 4193 2177 4245 commode
2207 4190 2500 4244 Thaddaeus
2534 4205 2584 4240 et
2621 4186 2863 4239 AErodius
2881 4223 2900 4251 ‚

1900 4275 2200 4326 memoriam
2223 4272 2488 4339 abjecerat.
2515 4269 2686 4321 Gaoa.
