3200 5117
716 560 1546 628 DECLAMATIONES.
1592 564 1996 633 CCLXXX.
2279 571 2399 638 153

327 711 689 788 poenarum
716 684 824 757 vel
855 680 1302 786 'praemioruni
1331 705 1606 783 tempus
1639 707 1759 758 aut
1782 688 2236 762 constitutum
2265 712 2363 763 est
2381 749 2399 782 ,
2503 721 2518 730 ·

326 822 443 872 aut
468 809 796 900 pusaeus:
822 799 1089 898 quoties
1116 798 1355 871 finitur
1378 798 1561 889 dies,
1588 802 2110 898 exspectandus:
2138 803 2401 902 quoties

324 942 482 988 vero
506 940 653 986 non
676 914 1019 1004 differtur,
1045 939 1341 1012 praesens
1361 934 1482 985 est.
1500 916 1741 1013 ltaque
1766 913 1942 988 sicut
1963 916 2187 1002 skdies
2214 919 2404 993 finia-

325 1049 460 1120 tur,
484 1028 662 1101 nihil
697 1028 874 1101 ultra
900 1056 1064 1101 eum
1082 1027 1266 1128 juris
1291 1029 1610 1099 futurum
1641 1049 1778 1100 est:
1805 1028 1900 1100 ita
1927 1029 2039 1102 die
2068 1059 2212 1104 non
2237 1062 2401 1133 prae·

326 1144 556 1235 finito,
577 1143 975 1243 proximum
996 1169 1139 1216 esse
1150 1137 1607 1218 ‘manifestum
1630 1164 1763 1232 est,
1788 1143 1967 1215 nihil
1992 1146 2165 1218 ultra
2189 1149 2405 1248 proxi·

326 1286 527 1330 mum
558 1258 675 1358 jus
703 1257 807 1330 sit.
839 1258 918 1330 Id
951 1284 1186 1358 porro,
1218 1257 1408 1355 quod
1441 1258 1510 1329 in
1539 1258 1858 1357 quolibet
1887 1258 2045 1358 jure
2079 1262 2218 1334 alio
2248 1290 2404 1334 ma·

326 1375 660 1447 nifestum
702 1376 922 1464 foret,
966 1374 1042 1445 in
1085 1373 1215 1446 hac
1256 1373 1408 1472 lege
1456 1373 1758 1473 apertius
1800 1396 1899 1447 est
1934 1402 1949 1446 ε
1998 1378 2171 1476 quid
2219 1379 2403 1450 enim

330 1488 540 1563 dicit?
579 1493 828 1562 RAPTA
872 1508 1222 1562 RAP‘roms
1259 1506 1573 1561 MORTEM
1615 1508 1753 1560 vm„
1795 1511 2101 1564 numus
2145 1513 2403 1566 οΡΤΕΤ.

325 1608 584 1679 Neutra
608 1633 711 1680 res
732 1628 861 1698 est,
883 1632 1097 1706 quam
1129 1604 1392 1676 differri
1412 1624 1757 1702 oporteat:
1793 1606 1930 1680 sive
1956 1608 2012 1679 is
2036 1628 2135 1680 est
2157 1630 2404 1709 raptor,

328 1724 450 1822 qui
471 1742 1134 1824 poenam'mereatur,
1154 1747 1297 1793 non
1321 1742 1624 1794 meretur
1641 1722 2164 1797 advocationem
2187 1741 2203 1771 ¹
2229 1726 2403 1799 :sive

328 1839 710 1937 ignoscitur
728 1837 1013 1937 raptori,
1035 1864 1178 1910 non
1202 1835 1722 1910 debenthahere
1741 1866 2007 1912 moram
2026 1841 2280 1940 nuptiae
2298 1829 2403 1914 vel

330 1952 661 2025 inchoatae
697 1979 712 2023 :
748 1952 805 2023 si
844 1970 1116 2023 tantum
1148 1976 1293 2022 non
1323 1951 1550 2024 statim
1581 1950 1940 2042 educeres,
1972 1953 2119 2026 haec
2143 1955 2409 2027 fortiter

327 2068 761 2141 dicerentur:
785 2092 977 2136 nunc
1000 2065 1286 2137 educere
1305 2065 1402 2138 vis
1424 2086 1580 2165 post
1600 2068 1897 2167 nuptias.
1920 2071 2175 2142 Utrum
2203 2069 2410 2168 igitur

315 2183 481 2283 jure
516 2180 745 2280 prius,
788 2207 880 2252 an
913 2179 1233 2278 aequitate
1267 2181 1637 2254 consistes?
1665 2182 1782 2281 jus
1819 2183 1965 2283 ipsa
2005 2183 2175 2282 legis
2218 2184 2402 2283 posi-

325 2295 515 2368 tione
545 2295 992 2367 manifestum
1022 2315 1161 2368 est:
1195 2321 1361 2366 nam
1392 2322 1615 2394 quum
1646 2315 1910 2395 raptam
1940 2296 2138 2371 educi
2172 2298 2246 2368 in
2275 2299 2406 2370 hoc

316 2410 593 2510 jubeat,
628 2430 708 2483 ut
740 2429 1036 2482 mortem
1062 2408 1173 2482 vel
1207 2410 1487 2510 nuptias
1520 2432 1743 2511 optet3
1781 2412 2145 2484 manifesto
2183 2434 2407 2485 osten-

214 2519 225 2532 ’
329 2525 423 2597 dit
445 2552 604 2598 eam
629 2525 831 2599 educi
859 2547 1165 2626 oportere
1185 2583 1203 2614 ,
1230 2526 1343 2597 cui
1368 2546 1743 2627 utrumque
1768 2527 2070 2600 liberum
2099 2528 2205 2599 sit.
2227 2530 2406 2599 Prae-

326 2662 501 2712 terea
520 2641 671 2743 jam
700 2668 790 2714 ne
820 2663 1022 2741 raptae
1052 2641 1341 2741 quidem
1383 2667 1642 2716 nomen
1681 2643 1937 2736 habere
1967 2664 2222 2742 potest,
2254 2670 2407 2741 quae

326 2779 541 2855 nupta
573 2778 712 2830 est:
754 2757 955 2829 sicuti
990 2784 1247 2831 nomen
1288 2759 1725 2857 pupillorum
1760 2758 2067 2858 legitimo
2100 2780 2407 2857 tempore

329 2870 608 2944 finitur:
644 2873 824 2944 sicut
853 2871 1093 2944 orbam
1128 2899 1336 2947 nemo
1380 2895 1532 2972 post
1565 2874 1849 2973 nuptias
1886 2873 2171 2946 dixerit:
2207 2873 2404 2945 sicuti

324 2988 601 3086 virginis
633 2988 1169 3089 appellationem
1202 3018 1339 3063 nox
1367 2990 1851 3066 illa'maritalis
1883 2992 2142 3080 aufert;
2186 2989 2278 3060 ita
2318 3016 2406 3061 ne

330 3123 522 3200 rapta
555 3102 842 3200 quidem
879 3104 1012 3175 diei
1047 3126 1305 3203 potest,
1344 3130 1494 3201 quae
1526 3105 1856 3178 maritum
1889 3105 2142 3176 habere
2171 3103 2403 3201 coepit:

328 3213 490 3287 licet
532 3217 740 3316 igitur
786 3240 992 3317 raptae
1035 3220 1454 3318 permissum
1495 3219 1581 3290 sit
1613 3245 2058 3317 quocumque
2099 3239 2405 3317 tempore

328 3351 599 3430 optare,
631 3354 865 3434 nuptae
899 3355 1131 3433 optare
1167 3319 1586 3431 permissum
1621 3359 1764 3404 non
1799 3352 1919 3404 est.
1951 3334 2115 3405 Haec
2145 3359 2222 3403 ex
2255 3332 2402 3431 lege

326 3447 696 3520 manifesta
726 3469 923 3538 sunt,
964 3448 1083 3521 illa
1119 3475 1197 3520 ex
1230 3446 1586 3546 aequitate:
1621 3467 1778 3519 ante
1808 3447 2048 3518 omnia
2083 3473 2224 3518 non
2260 3469 2402 3518 tam

324 3562 570 3636 duram
620 3590 761 3636 esse
803 3565 911 3636 lex
951 3564 1167 3638 voluit
1203 3562 1717 3649 conditionem,
1745 3580 1839 3648 *ut
1869 3588 2141 3662 semper
2175 3583 2406 3660 raptor

325 3680 726 3777 puniretur:
759 3679 916 3751 ideo
947 3699 1010 3751 et
1043 3675 1526 3751 misericordia:
1557 3676 1789 3747 locum
1819 3675 2000 3748 fecit.
2034 3678 2122 3746 Et
2153 3673 2404 3746 idcirco

311 3793 461 3892 jam
491 3820 633 3866 non
661 3796 751 3867 ad
781 3796 1014 3895 ipsum
1040 3792 1529 3867 tantummodo
1546 3806 1598 3882 ²,
1622 3790 1741 3888 qui
1769 3791 2027 3890 rapuit,
2054 3789 2169 3860 sed
2198 3787 2404 3858 etiam

398 3957 417 3991 1
431 3980 443 3990 .
470 3940 702 3994 Meretur
720 3943 1125 3995 advocationem.
1159 3940 1217 3992 ld
1242 3955 1321 3994 est
1401 3936 1779 3991 tanuen-modo.
1799 3936 1984 3988 Noluit
2002 3935 2115 3996 lex,
2131 3946 2186 3985 ut
2202 3949 2408 4002 semper

319 4037 547 4083 moram,
570 4018 894 4074 dilationem.
912 4019 1029 4073 vid.
1056 4021 1135 4072 Cl.
1156 4021 1319 4072 Graev.
1402 4033 1585 4091 raptor
1619 4021 1912 4091 puniretur,
1939 4027 2299 4087 perpetuaque
2328 4031 2406 4066 es-

318 4097 384 4149 ad
400 4098 570 4151 Cicer.
588 4098 653 4151 ad
670 4102 817 4153 Fam.
832 4100 925 4150 Vn
937 4137 954 4166 ‚
976 4116 994 4151 1
1013 4115 1058 4166 ι,
1078 4112 1130 4151 et
1145 4099 1320 4154 vom.
1402 4115 1482 4153 set
1504 4099 1756 4153 adversus
1775 4117 1898 4150 eum
1916 4097 2183 4150 accusatio
2203 4108 2254 4147 et
2274 4094 2406 4150 elec-

318 4176 383 4229 ad
406 4176 522 4230 val.
547 4180 690 4232 Max.
718 4181 791 4243 11,
816 4197 878 4247 9,
906 4194 949 4229 ι.
974 4179 1143 4230 Bonna.
1401 4180 1493 4231 tio.
1516 4181 1593 4232 Ita
1614 4178 1699 4244 fit,
1721 4196 1882 4248 quum
1903 4189 2058 4249 rapta
2075 4174 2275 4228 nullam
2295 4194 2405 4226 am-

389 4276 436 4311 2.
461 4262 533 4313 Et
562 4260 755 4314 idcirco
773 4263 895 4332 jam
924 4279 1032 4313 non
1058 4259 1129 4312 ad
1155 4262 1322 4334 ipsum
1400 4261 1542 4334 plius
1578 4261 1844 4316 actionem
1878 4258 2105 4324 habeat,
2142 4277 2256 4330 quoe
2292 4276 2404 4309 non
