3200 5117
723 565 1563 638 DECLAMA-TIONES.
1611 563 2068 633 ccchm.
2315 569 2448 649 ,4ι3

354 697 568 769 fuisse
596 696 1079 768 manifestum:
1112 692 1235 792 qui
1262 693 1320 762 si
1359 710 1676 791 apparet,
1711 717 1754 760 a
1787 710 1852 761 te
1892 690 2449 790 circumscriptus

356 837 537 883 sum.
558 813 720 882 Jam
738 811 1079 883 venimus*
1112 808 1202 881 ad
1229 807 1421 879 illam
1449 805 1725 879 tertiam
1754 826 2016 904 partem
2050 832 2271 878 causae
2298 832 2450 878 nos-

355 946 507 1017 trae,
543 927 617 997 in
650 953 789 1025 qua
818 908 1183 997 ostendam
1211 923 1443 1013 vobis,
1476 948 1690 1018 quam
1720 920 1961 1017 inique
1990 921 2122 992 sim
2153 922 2451 993 circum-

357 1040 669 1140 scriptus,
703 1040 996 1139 Nuptias
1038 1038 1195 1110 filiae
1231 1060 1365 1111 tuae
1400 1058 1638 1134 pactus
1665 1060 1862 1107 sum:
1900 1061 2046 1107 nou
2079 1035 2230 1107 dico
2259 1093 2277 1125 ,
2312 1063 2451 1134 qua

357 1155 711 1228 mercede:
746 1176 983 1255 pactus
1011 1182 1169 1227 sum
1186 1168 1238 1224 ².
1277 1152 1482 1223 Fides
1507 1178 1915 1250 supremum
1940 1178 2174 1223 rerum
2202 1152 2453 1224 huma·

358 1294 607 1340 narum
636 1269 998 1341 vinculum
1033 1288 1169 1338 est:
1212 1293 1400 1338 saera
1435 1266 1586 1338 laus
1630 1265 1793 1338 fidei
1828 1265 2008 1337 inter
2038 1266 2267 1337 hostes
2289 1323 2309 1356 ,
2345 1292 2455 1338 sa-

357 1409 507 1473 cra,
544 1384 733 1481 quod
774 1409 1001 1480 nuper
1038 1380 1394 1480 comperi,
1442 1380 1621 1451 inter
1661 1380 1951 1478 piratas:
1996 1401 2204 1452 tantae
2242 1380 2454 1452 etiam

357 1498 544 1597 apud
575 1498 796 1569 malos
828 1495 1279 1585 auctoritatis,
1323 1514 1401 1565 ut
1441 1521 1665 1593 quum
1709 1494 1971 1567 tradere
2007 1494 2188 1566 mihi
2232 1493 2452 1565 filiam

356 1634 551 1684 tuam
580 1612 833 1701 nolleS,
860 1637 1109 1709 negare
1134 1630 1364 1710 aperte
1388 1635 1533 1681 non
1558 1609 1985 1682 sustinueris,
2009 1612 2095 1680 Et
2118 1637 2256 1706 qua
2278 1637 2454 1682 mer-

359 1726 520 1797 cede
559 1747 800 1825 pactus
839 1723 1069 1796 eram?
1109 1746 1185 1794 ut
1226 1724 1682 1795 redimerem:
1718 1751 1864 1796 non
1895 1724 2050 1796 dico
2084 1751 2124 1796 a
2153 1726 2450 1824 quibus3

360 1838 679 1910 nondum
715 1839 907 1927 dico,
940 1865 1080 1934 quo
1120 1836 1450 1935 periculo.
1490 1838 1764 1910 Scilicet
1802 1837 1987 1910 male
2022 1859 2253 1910 tecum
2285 1867 2451 1938 age-

359 1955 584 2046 batur,
615 1956 671 2026 si
697 1955 809 2027 cui
835 1975 1126 2054 coeperat
1154 1955 1309 2052 plus
1328 1953 1614 2046 debere,
1641 1982 1856 2053 quam
1874 1954 1998 2026 tibi
2027 1982 2042 2026 :
2077 1954 2150 2026 in
2175 1981 2454 2027 summa

360 2067 586 2166 qualis
630 2068 718 2139 sit
762 2068 887 2139 ista
933 2067 1279 2159 conditi0,
1323 2067 1421 2140 sic
1465 2069 1955 2141 aestimandum
2009 2090 2152 2160 est3
2195 2091 2272 2141 tu
2321 2096 2453 2168 po-

361 2181 593 2254 suisti:
623 2183 753 2255 hoc
781 2183 868 2254 ad
905 2182 1237 2255 meritum
1272 2184 1599 2282 pertinet,
1634 2184 1811 2256 illud
1841 2184 1930 2257 ad
1949 2184 2293 2284 pericula.
2320 2187 2455 2257 Na-

360 2296 578 2396 vigavi
620 2297 709 2369 ad
753 2298 1044 2397 piratas,
1098 2298 1173 2369 in
1218 2324 1392 2396 quos
1440 2298 1743 2371 incidere
1785 2300 2262 2371 miserrimum
2306 2322 2448 2373 est:

363 2412 679 2510 quaesivi,
721 2440 963 2485 omnes
1006 2413 1327 2512 scopulos
1370 2434 1705 2487 scrutatus
1738 2442 1893 2487 sum
1919 2472 1938 2504 ‚
1975 2416 2213 2488 omnia
2254 2416 2457 2489 litora

364 2528 642 2600 excussi.
704 2527 985 2601 Accedit
1034 2527 1302 2626 aliquid
1358 2527 1683 2629 ponderis
1732 2529 1899 2600 huic
1947 2529 2195 2601 merito
2245 2555 2449 2602 meo:

361 2671 625 2744 pauper
653 2645 785 2718 hoc
813 2645 989 2735 feci3
1023 2672 1170 2718 rem
1200 2644 1395 2717 diviti
1421 2673 1740 2745 gravem,
1770 2645 1947 2718 mihi
1977 2648 2451 2719 necessariam.

360 2760 446 2830 Et
490 2787 702 2857 quare
743 2780 991 2858 negata
1039 2759 1183 2831 est?
1218 2780 1297 2831 ut
1333 2760 1781 2832 collocaretur
1817 2760 1917 2851 ei,
1957 2760 2079 2858 qui
2115 2788 2259 2833 non
2295 2760 2456 2834 red-

365 2895 657 2964 emerat,
688 2873 809 2973 qui
835 2894 1372 2970 contempserat,
1407 2873 1530 2971 qui
1557 2874 1794 2973 piratis
1817 2873 2228 2971 reliquerat?
2258 2877 2455 2946 Tan-

363 3007 610 3058 tumne
663 2989 959 3086 pecunia
1011 2986 1242 3059 valet?
1288 3009 1559 3060 tantum
1613 2986 1732 3059 ille
1780 2987 2013 3086 fulgor
2063 2988 2457 3060 divitiarum

365 3121 599 3171 contra
628 3100 981 3173 veritatem
1018 3098 1284 3199 potest?
1324 3127 1515 3173 nune
1554 3099 1672 3171 ille
1716 3099 1982 3173 melior.
2017 3104 2178 3175 Non
2218 3123 2453 3174 tamen

365 3241 493 3314 ego
521 3216 691 3288 feci:
728 3218 926 3315 quasi
951 3215 1495 3316 circumscriptio
1527 3217 1599 3288 in
1628 3217 1759 3288 hoc
1781 3216 1868 3289 sit
1891 3218 2071 3308 solo,
2096 3219 2287 3318 quod
2312 3247 2453 3292 non

362 3355 512 3405 acta
534 3361 657 3434 per
678 3355 917 3405 testem
935 3331 1000 3404 ³:
1030 3354 1128 3406 est
1156 3333 1229 3404 in
1254 3332 1408 3424 illo,
1432 3331 1621 3430 quod
1647 3333 2056 3433 promisisti3
2083 3336 2276 3407 estin
2300 3337 2454 3430 illo,

364 3450 550 3547 quod
594 3478 751 3540 me,
800 3451 1022 3524 donec
1064 3449 1181 3522 ille
1225 3471 1529 3550 raperet,
1579 3450 1928 3524 distulisti.
1977 3455 2137 3526 Non
2180 3476 2282 3526 est
2322 3455 2455 3527 hoc

363 3590 583 3662 genus
609 3591 863 3654 causae,
901 3564 975 3635 in
1012 3592 1153 3664 quo
1187 3565 1429 3637 omnia
1467 3565 1761 3637 crimina
1795 3568 2156 3639 transferre
2189 3571 2451 3668 possis:

364 3782 715 3853 monife-suam.
748 3788 916 3839 immo
945 3805 1058 3842 esse.
1087 3779 1253 3839 ann.
1290 3788 1369 3839 Ita
1449 3785 1709 3839 mercede:
1732 3797 1915 3859 pactus
1932 3807 2073 3856 sura,
2096 3786 2455 3858 Schultingius

362 3875 414 3916 et
440 3861 639 3918 Schult.
662 3866 774 3934 vel,
796 3867 870 3920 sic
891 3887 1006 3921 esse.
1031 3868 1134 3921 Sed
1151 3868 1365 3938 fecisse,
1449 3882 1501 3920 et
1524 3868 1843 3922 Obrechtus.

361 3940 681 3997 Obrechtus.
1516 3947 1569 3999 3.
1583 3949 1710 4002 Non
1731 3960 1847 4000 acta
1861 3965 1961 4018 per
1975 3958 2166 3999 testem.
2187 3946 2339 4016 Quod
2349 3965 2454 4015 nor}

403 4028 574 4078 tJam
587 4027 960 4081 venitm-sdan
972 4029 1362 4082 veniamus.AEr.
1448 4038 1596 4099 rapta
1616 4048 1716 4102 per
1740 4039 1786 4080 te
1799 4051 1819 4092 ,-
1843 4028 2000 4080 etiam
2024 4040 2096 4081 est
2119 4028 2174 4080 ἰη
2198 4026 2321 4095 ileo,
2350 4043 2448 4084 etc.

399 4122 447 4157 2.
474 4106 586 4176 Qua
619 4109 849 4160 mercede
866 4118 1051 4179 pactus
1066 4127 1195 4162 sum.
1227 4109 1369 4162 Scri-
1446 4108 1577 4161 Obr.
1597 4111 1768 4181 Rapta
1786 4127 1886 4181 per·
1904 4119 2071 4160 temet.
2094 4105 2310 4161 Senum.
2326 4111 2455 4164 Non

357 4185 428 4238 be
449 4208 461 4237 ε
509 4188 761 4242 Nondum
802 4188 921 4242 dico
935 4227 953 4254 ,
995 4208 1098 4261 qm
1140 4191 1369 4243 mercede
1446 4200 1564 4241 acta
1580 4207 1679 4262 per
1695 4198 1866 4241 testem
1886 4199 1974 4241 est.
1997 4188 2065 4239 In
2089 4187 2183 4241 illo
2200 4207 2252 4260 ‹1-
2273 4210 2329 4262 p.
2351 4203 2447 4244 est.-

355 4277 539 4344 pactut
575 4270 688 4323 sim.
731 4271 899 4324 Guon.
943 4271 1067 4323 Non
1107 4270 1226 4324 dico
1264 4291 1368 4343 qua
1448 4272 1502 4323 in
1529 4270 1651 4338 illo,
1677 4283 1777 4324 etc.
1805 4268 1992 4324 AErod..
