3200 5117
752 534 905 622 244·
1252 531 1345 593 M.
1394 528 1645 613 FABu
1690 527 2324 610 QUINTILIANI

747 654 913 726 citer
950 677 1220 724 necesse
1257 654 1392 748 est)
1421 650 1666 723 saltem
1701 651 2071 723 confitente
2091 708 2110 742 ,
2137 652 2232 723 ita
2262 652 2497 743 facile,
2529 653 2622 724 ita
2651 653 2830 725 cele-

747 768 929 856 riter,
975 787 1051 838 ut
1084 767 1192 837 vix
1232 766 1406 838 mihi
1441 765 1810 837 verisimile
1845 765 2219 854 videretur,
2260 766 2456 838 illam
2494 766 2828 867 injuriam

750 880 1110 979 accepisse.
1168 880 1522 969 Proxima,
1566 879 1657 950 ab
1698 880 1827 951 hac
1864 881 2238 978 gratiarum
2278 881 2579 970 actione,
2624 880 2830 955 dehet

748 1021 891 1066 esse
916 993 1289 1066 confessio:
1328 1019 1643 1093 peccasse
1670 1020 1817 1082 me,
1839 994 2027 1092 quod
2054 993 2539 1084 dubitaverim,
2569 997 2823 1068 fateor:

747 1107 920 1207 quid
957 1108 1149 1179 enim
1185 1107 1361 1179 mihi
1400 1108 1802 1207 contingere
1831 1109 2199 1207 optabilius
2235 1130 2582 1208 potuerat,
2618 1111 2826 1182 etiam

743 1223 801 1294 si
837 1248 980 1293 non
1015 1222 1438 1321 rapuissem?
1467 1222 1604 1294 Sed
1640 1222 1850 1323 hujus
1878 1223 2383 1323 qualiscunque
2409 1225 2628 1322 culpae
2654 1251 2826 1297 meae

744 1364 897 1437 spes
939 1339 1166 1410 omnis
1214 1339 1288 1410 in
1330 1340 1570 1411 animo
1616 1339 1808 1412 istius
1851 1360 1984 1429 est,
2028 1367 2181 1439 quae
2225 1341 2572 1439 ignoscere
2612 1341 2824 1440 solet:

744 1453 1260 1550 quantumlibet
1280 1454 1819 1527 contradicendo
1840 1456 2261 1554 peccaverim
2276 1511 2295 1544 ,
2317 1456 2553 1528 minus
2578 1477 2677 1529 est
2695 1456 2827 1527 hoc

746 1588 1018 1656 tamen,
1062 1594 1280 1666 quam
1324 1569 1512 1667 quod
1561 1569 1762 1667 rapui
1800 1596 1814 1641 :
1863 1568 2170 1667 intelligo
2211 1590 2480 1660 autem,
2515 1568 2822 1669 judiceS,

745 1681 931 1753 hanc
969 1683 1272 1780 primam
1303 1683 1477 1754 mihi
1509 1685 1586 1756 in
1617 1685 1745 1756 hac
1784 1711 1986 1756 causa
2023 1685 2416 1756 habendam
2456 1710 2598 1756 esse
2632 1684 2827 1756 ratio—

746 1822 950 1885 nem,
987 1821 1073 1867 ne
1112 1823 1264 1888 me,
1303 1797 1491 1896 quod
1530 1799 1815 1895 negavi,
1853 1798 2088 1870 fecisse
2127 1797 2374 1870 callide
2414 1824 2496 1869 ac
2521 1798 2826 1897 maligne

748 1908 1138 1980 existimetis
1158 1924 1175 1955 ¹
1189 1966 1204 1980 .
1225 1911 1422 1983 Scitis
1442 1938 1656 2010 quam
1675 1911 1901 1983 multa
1920 1912 2123 1984 faciat
2142 1938 2351 2004 error,
2372 1939 2584 2011 quam
2605 1914 2823 1986 multa

744 2095 915 2160 Alias,
931 2095 1180 2167 judicare
1202 2096 1339 2147 enim
1371 2115 1423 2150 se
1442 2097 1749 2170 supplicau-

749 2185 849 2225 tem
878 2193 1070 2227 necesse
1096 2185 1196 2242 est,
1227 2174 1331 2227 hoc
1356 2189 1465 2241 est,
1497 2177 1750 2229 condem-

746 2272 876 2305 nare
902 2272 985 2316 se,
1010 2267 1061 2305 et
1083 2266 1346 2324 raptorem
1370 2257 1548 2323 fateri,
1569 2269 1627 2307 ut
1648 2258 1749 2307 sint

747 2329 857 2382 haec
877 2332 1036 2383 verba
1064 2332 1375 2399 Quintiliani
1399 2352 1652 2386 conversa
1679 2332 1748 2384 ad

749 2411 1054 2482 discipulos.
1082 2413 1257 2465 AEnon.
1286 2414 1526 2466 AErodius
1551 2413 1743 2466 edidit:

748 2492 978 2542 nondum
1014 2509 1096 2543 me
1126 2491 1398 2564 (judicare
1430 2493 1567 2544 enim
1589 2513 1605 2541 .·
1645 2507 1744 2544 etc.

748 2571 852 2642 est)
890 2570 1104 2635 saltem,
1142 2586 1241 2624 etc.
1281 2587 1334 2625 et
1369 2587 1748 2645 praeterquam,

751 2649 897 2721 quod
937 2649 992 2701 id
1032 2651 1170 2702 notis
1209 2651 1277 2702 ad
1322 2654 1603 2722 marginem
1642 2654 1749 2720 ait,

751 2731 881 2784 alios
903 2731 1101 2801 legere,
1120 2743 1179 2782 ut
1199 2746 1449 2802 appareat
1467 2732 1750 2803 legendum

751 2829 813 2863 ex
829 2808 1166 2881 sequentibus
1180 2830 1191 2857 ι
1209 2809 1461 2861 advocare
1473 2812 1612 2861 enim
1626 2812 1753 2861 ami-

751 2906 835 2941 cos
868 2886 1179 2959 suppliciter.
1219 2889 1288 2937 At
1323 2900 1381 2937 tu
1411 2885 1583 2939 habe:
1619 2906 1749 2941 non-

753 2967 875 3018 dum
899 2965 1160 3034 (indicare
1182 2966 1319 3015 enim
1346 2964 1648 3037 simpliciter
1668 2985 1752 3018 ne-

752 3062 880 3096 cesse
910 3041 1013 3111 est)
1049 3053 1275 3115 rogante.
1310 3042 1456 3094 Decl.
1490 3041 1748 3096 CCCXV:

760 3143 782 3167 ι
802 3122 913 3192 Ego
947 3123 991 3172 si
1022 3120 1208 3171 melior
1235 3139 1399 3172 essem
1428 3134 1598 3191 pater,
1622 3121 1752 3173 illud

761 3225 783 3247 σ
805 3220 1018 3273 quoque
1062 3199 1365 3278 simpliciter
1403 3201 1695 3254 confiterer.
1723 3227 1746 3250 n

755 3278 985 3330 Gnouov.

835 3371 853 3406 ι
866 3394 877 3404 .
896 3356 1080 3416 Fecisse
1097 3356 1286 3409 callide
1302 3375 1363 3408 ac
1381 3357 1613 3432 malique
1631 3359 1754 3411 exis-

760 3432 959 3484 timetis.
1007 3435 1151 3486 Hauc
1193 3434 1500 3487 divisionem
1540 3450 1752 3487 secutus

758 3526 837 3566 est
848 3514 1119 3565 Passienus
1136 3515 1277 3584 apud
1288 3517 1555 3568 Senecam.
1574 3518 1750 3567 AEnou.

754 3621 826 3631 —
857 3592 1023 3662 Quam
1056 3592 1222 3644 multa
1247 3592 1422 3663 faciat
1448 3612 1599 3646 error.
1629 3596 1752 3647 Non

754 3673 915 3726 habet
946 3672 1058 3725 haec
1086 3674 1265 3726 AErod.
1289 3705 1358 3713 —
1385 3676 1551 3744 Quam
1583 3674 1752 3727 multa

751 3755 1053 3822 permisceat
1054 3752 1294 3821 fortuna.
1312 3755 1409 3805 Hic
1425 3772 1533 3804 non
1551 3766 1752 3805 tantum

757 3847 1002 3908 corrupta
1014 3869 1030 3896 ‚
1051 3832 1142 3884 sed
1163 3847 1215 3884 et
1233 3832 1473 3886 turbatus
1488 3833 1624 3886 ordo
1642 3853 1754 3887 ver-

755 3911 945 3963 borum
975 3911 1197 3963 videtur.
1224 3912 1547 3964 Tentabam:
1582 3914 1751 3984 Quum

756 3988 921 4040 inulta
957 3991 1257 4060 pennisceat
1289 3990 1513 4060 fortuna
1532 4031 1550 4059 ,
1592 4009 1754 4062 quum

753 4069 1028 4134 proesertim
1053 4069 1255 4120 accessit
1271 4077 1323 4119 et
1344 4069 1614 4121 obscuritas
1637 4088 1757 4122 noc-

758 4145 823 4198 tis
839 4157 887 4196 et
901 4147 1141 4216 paullum
1162 4148 1406 4201 liberioris
1427 4151 1570 4201 meri.
1597 4150 1754 4224 Igno-

760 4225 929 4282 mutia
966 4224 1072 4278 hoec
1107 4245 1189 4279 me
1221 4237 1273 4279 et
1291 4227 1575 4300 fmqalitas
1598 4231 1756 4309 inno-

1828 2117 1944 2151 cens
1964 2097 2315 2169 fefellerunt:
2349 2100 2423 2150 ita
2453 2098 2677 2150 vixeram
2703 2118 2828 2150 sem-

1823 2195 1945 2248 per,
1987 2180 2062 2229 ita
2103 2177 2355 2230 custodire
2390 2178 2661 2249 probitatis
2705 2197 2830 2231 meoe

1828 2259 2090 2328 cupieram
2121 2258 2367 2329 famam,
2400 2270 2460 2310 ut
2488 2278 2573 2310 me
2603 2279 2830 2332 peccasse

1827 2337 2055 2410 mirarer.
2080 2336 2203 2387 Non
2229 2346 2302 2386 est
2329 2337 2556 2388 dubitare
2567 2340 2686 2410 jam
2704 2338 2825 2409 fas,

1825 2412 1939 2484 quis
1974 2413 2111 2463 enim
2148 2412 2284 2465 alius
2322 2414 2531 2466 vitiator
2567 2417 2675 2468 est?
2703 2417 2827 2470 Non

1826 2489 2095 2563 confiteor,
2133 2506 2232 2543 etc.
2271 2493 2436 2545 Gnoxe.
2473 2495 2642 2563 Quum
2675 2513 2824 2565 proes.

1828 2570 1900 2620 ad
1915 2570 2022 2621 hoec
2041 2572 2270 2635 accessit,
2291 2583 2341 2623 et
2360 2572 2458 2624 obs.
2481 2590 2531 2622 n.
2554 2582 2605 2622 et
2624 2570 2826 2644 aliquid

1825 2648 2008 2721 paullo
2025 2649 2275 2704 liberioris
2286 2651 2434 2715 meri,
2454 2649 2628 2702 AErod.
2653 2652 2822 2721 Quum

1826 2728 2103 2798 praesertim
2128 2729 2324 2781 accedit
2344 2741 2393 2781 et
2416 2747 2461 2780 ο.
2483 2748 2534 2780 n.
2561 2748 2603 2780 e.
2622 2750 2675 2802 p.
2700 2727 2823 2782 libe-

1832 2806 1941 2857 rior
1951 2824 2094 2858 mens
2106 2825 2262 2858 mero.
2280 2807 2494 2859 Senum.
2515 2807 2685 2877 Quum
2698 2824 2827 2878 proe·

1830 2885 2002 2935 sertim
2030 2885 2257 2937 adhoeret
2282 2887 2548 2938 obscuritas
2569 2887 2751 2951 noctis,
2777 2897 2828 2938 et

1825 2981 1882 3035 p.
1916 2962 2162 3017 liberioris
2191 2967 2320 3017 meri
2347 2965 2492 3039 (quis
2518 2965 2655 3017 enim
2679 2965 2832 3017 aliter

1832 3042 2043 3093 vitiator
2055 3042 2159 3113 est)
2182 3043 2496 3117 iquorantia.
2523 3044 2673 3109 Hoec,
2699 3042 2825 3097 Obr.

1832 3120 1925 3171 sed
1964 3119 2090 3190 quid
2129 3133 2207 3172 est
2245 3122 2540 3192 iquorantia
2575 3123 2728 3186 meri,
2762 3139 2826 3173 an

1831 3201 1977 3273 quod
2010 3202 2254 3255 adsuetus
2283 3222 2390 3254 non
2421 3218 2565 3269 erat,
2593 3222 2691 3256 nec
2719 3206 2828 3274 ejus

1829 3283 1966 3333 vires
1995 3297 2227 3334 noverat.
2256 3284 2352 3334 Vix
2389 3297 2524 3354 puto
2558 3282 2662 3335 hoc
2693 3296 2830 3335 recte

1831 3357 1962 3422 dici..
1980 3360 2034 3414 V
2031 3360 2209 3412 itiator
2227 3372 2314 3412 est.
2340 3362 2700 3433 lquor-antium
2726 3361 2831 3413 hoec

1831 3458 1998 3491 meam
2014 3440 2204 3512 vitamq
2212 3440 2433 3513 uefruqt'
2446 3452 2495 3492 et
2509 3441 2830 3492 Innocentem

1830 3516 1975 3586 (non
2004 3528 2076 3570 est
2100 3518 2330 3569 dubitare
2347 3519 2369 3589 )
2381 3522 2502 3591 jam
2530 3519 2604 3571 bis
2619 3516 2829 3588 fefelle-

1833 3605 1977 3659 runt,
2001 3593 2181 3647 AErod.
2206 3597 2377 3664 Quum
2397 3615 2478 3668 pr.
2500 3597 2569 3648 ad
2590 3596 2696 3649 hoec
2713 3616 2754 3647 e.
2779 3615 2826 3648 ο.

1834 3692 1886 3723 n.
1911 3690 1956 3722 e.
1978 3692 2034 3744 p.
2060 3672 2098 3724 l.
2119 3675 2249 3725 meri
2265 3685 2418 3748 potus
2440 3677 2720 3740 accesserit,
2742 3675 2834 3726 Lu·

1834 3753 2010 3803 tinius.
2047 3752 2158 3822 Ego
2194 3751 2452 3822 legerem:
2487 3751 2681 3804 Paullo
2710 3754 2832 3804 ube-

1832 3831 1976 3882 rioris
1998 3830 2125 3880 meri
2147 3828 2297 3901 (quis
2318 3849 2362 3881 e.
2384 3850 2434 3882 a.
2461 3850 2508 3882 v.
2535 3832 2641 3902 est)
2662 3832 2833 3905 iniqu·

1833 3909 1904 3959 tio
1920 3932 1935 3960 .-
1974 3909 2116 3959 Hoec.
2160 3911 2237 3960 lta
2278 3907 2507 3973 liberior,
2545 3922 2599 3960 et
2637 3909 2830 3960 uberior

1834 3988 2188 4040 confuderunt
2243 3986 2441 4039 librarii
2488 3986 2632 4058 apud
2676 3986 2825 4040 ovid.

1833 4069 1945 4118 Art.
1968 4070 2067 4134 111,
2087 4069 2217 4128 382;
2241 4080 2295 4119 et
2315 4068 2440 4119 Met.
2462 4069 2510 4131 1,
2533 4067 2617 4132 42.
2643 4067 2829 4137 Irriqa-

1835 4149 1923 4214 tio,
1941 4162 2000 4201 ut
2015 4148 2157 4220 apud
2173 4147 2369 4199 Phaedr.
2386 4151 2472 4213 IV,
2495 4165 2513 4200 1
2524 4148 2582 4214 4,
2598 4165 2656 4216 9:
2679 4148 2831 4197 «Irri-

1840 4249 1862 4276 κ
1880 4240 2033 4300 gatus
2057 4227 2224 4281 multo
2246 4246 2408 4282 venas
2430 4237 2652 4281 nectare.
2676 4247 2697 4272 n
2725 4225 2831 4291 Ex-
