3200 5117
770 535 895 616 44⁸
1272 537 1364 602 M.
1413 537 1662 602 FABn
1709 540 2349 623 QUINTILIAM

765 803 1341 825 mmmm
1351 807 1443 826 m
1450 807 1736 827 mm

2027 810 2867 834 mmmmm-⁴-

1556 1011 2068 1135 cccmu.

1354 1345 1359 1349 ὁ
1454 1242 1960 1340 Dispensatores
1988 1249 2168 1316 torti.

766 1441 1041 1520 Quidam
1060 1437 1140 1501 ab
1163 1440 1476 1503 inficiante
1493 1444 1740 1526 petebat
1763 1443 2133 1526 depositum.
2157 1446 2623 1528 Dispensatores
2647 1450 2867 1510 utrius-

855 1560 978 1622 que
1004 1541 1184 1616 torti,
1214 1542 1527 1600 contraria
1545 1540 1821 1602 dominis
1845 1541 2171 1603 dixerunt:
2203 1541 2280 1603 de
2303 1546 2547 1627 integro
2571 1545 2646 1605 lis
2675 1560 2782 1606 est.

1627 1733 1998 1799 SERMO.

856 1889 1104 1955 Petitor
1150 1910 1421 1954 necesse
1470 1905 1568 1954 est
1621 1888 1898 1954 infamet
1938 1887 2464 1978 dispensatorem
2516 1912 2711 1955 suum
2733 1939 2751 1970 ,
2800 1906 2868 1954 et

768 1993 945 2063 dicat
984 1995 1067 2062 ab
1105 1995 1479 2060 adversario
1522 2012 1948 2084 corruptum;
1988 2012 2055 2061 et
2093 2018 2172 2060 ea
2213 1995 2457 2062 fiducia
2496 2020 2639 2063 esse
2679 1996 2865 2061 illum

767 2104 1161 2182 inficiatum,
1189 2124 1398 2191 quum
1424 2103 1876 2191 promitteret¹
1904 2095 2346 2193 dispensator,
2379 2119 2772 2193 negaturum
2795 2126 2864 2168 se

768 2213 965 2276 etiam
989 2212 1056 2275 in
1084 2209 1468 2277 tormentis:
1503 2210 1729 2299 itaque
1754 2208 1838 2275 ab
1860 2209 2239 2278 adversario
2262 2226 2493 2276 natum
2509 2261 2526 2291 ‚
2555 2233 2766 2300 quum
2785 2209 2866 2275 lis

769 2334 973 2398 esset,
1001 2317 1503 2405 Dispensatores
1528 2332 1974 2406 torqueamus.
2002 2316 2301 2382 Alterum
2325 2316 2507 2382 hunc
2527 2315 2868 2407 dispensa-

768 2439 981 2488 torem
1005 2422 1146 2488 sani
1169 2413 1493 2512 propositi
1518 2419 1726 2502 dicet,
1759 2423 1875 2512 qui
1903 2444 2170 2510 semper
2195 2424 2527 2511 accepisse
2550 2445 2621 2490 se
2646 2423 2866 2511 palam

768 2527 1037 2608 dixerit,
1082 2545 1147 2593 et
1192 2528 1411 2593 statim
1454 2551 1664 2617 quum
1707 2527 1897 2594 datus
1936 2528 2022 2593 sit
2058 2530 2127 2592 in
2168 2544 2524 2609 tormenta,
2571 2528 2699 2593 hoc
2735 2527 2864 2592 sibi

768 2635 1223 2725 proposuerit,
1258 2632 1480 2717 Quid?
1510 2656 1636 2724 ego
1669 2658 1805 2724 quo
1831 2634 2108 2725 praemio
2134 2635 2457 2700 mentiar?
2482 2633 2857 2698 confessum

768 2750 973 2806 esse².
1014 2742 1098 2804 Et
1129 2737 1259 2805 hoc
1286 2739 1353 2803 in
1385 2739 1547 2805 locis
1580 2740 1807 2805 valens
1843 2757 1976 2821 est,
2010 2742 2199 2808 Tuus
2231 2738 2633 2830 dispensator
2658 2759 2853 2803 acce-

767 2846 943 2936 pisse
968 2868 1038 2912 se
1062 2846 1184 2926 ait,
1214 2867 1401 2910 meus
1433 2842 1696 2912 dedisse
1721 2861 1953 2935 negat:
1987 2844 2187 2937 hujus
2212 2847 2541 2934 potentior
2560 2866 2689 2910 vex
2716 2859 2823 2908 est
2840 2893 2858 2923 ,

768 2968 988 3041 potest
1028 2951 1207 3016 enim
1252 2952 1448 3015 etiam
1495 2975 1620 3040 per
1659 2953 1864 3018 alium
1910 2969 2254 3019 numerata
2300 2952 2510 3019 videri
2557 2949 2864 3042 pecunia.

770 3061 967 3125 Initio
1011 3076 1234 3125 autem
1279 3059 1455 3125 dicet
1497 3058 1607 3126 hic
1652 3058 1822 3127 sibi3
1862 3061 2191 3150 placuisse
2237 3083 2544 3127 servum:
2594 3076 2661 3125 et
2712 3058 2865 3125 ideo

770 3191 966 3257 supra
993 3169 1280 3238 rationes
1310 3190 1452 3238 esse
1481 3169 1808 3257 positum,
1838 3167 1958 3234 sed
1991 3185 2221 3257 postea
2255 3186 2320 3234 et
2353 3168 2621 3233 licentia
2650 3189 2770 3232 sua
2803 3183 2871 3231 et

771 3277 1119 3342 securitate
1159 3273 1446 3357 domini,
1488 3278 1604 3365 qui
1647 3276 1740 3342 illi
1780 3274 2145 3365 plurimum
2186 3273 2579 3356 crediderit,
2617 3297 2760 3339 esse
2801 3274 2868 3337 in

771 3380 926 3447 vitia
956 3406 995 3447 a
1030 3383 1254 3448 multis
1287 3399 1713 3471 corruptum,
1753 3398 2110 3473 antequam
2142 3382 2226 3449 ab
2260 3382 2425 3449 hoc:
2458 3397 2527 3447 et
2559 3379 2764 3447 ideo4
2798 3403 2869 3445 se

771 3484 1177 3573 deposuisse.
1226 3490 1414 3553 Hanc
1456 3488 1579 3554 sibi
1626 3487 2009 3578 deponendi
2057 3489 2263 3555 fuisse
2310 3510 2574 3555 causam
2597 3537 2615 3568 ,
2660 3509 2868 3575 quum

771 3591 1030 3660 videret
1062 3595 1131 3659 in
1163 3595 1338 3660 malo
1373 3613 1541 3663 statu
1577 3596 1868 3663 rationes
1898 3619 2062 3663 esse.
2100 3598 2247 3662 Hoc
2283 3618 2552 3664 necesse
2583 3611 2684 3661 est
2710 3592 2870 3683 adji-

848 3811 891 3846 1.
920 3794 1093 3863 Quum
1120 3795 1455 3867 permitteret.
1486 3795 1639 3867 Quod
1658 3815 1779 3867 pro-
1930 3797 1982 3850 3.
2021 3796 2126 3850 Hic
2151 3796 2456 3851 sibi..Htmc
2487 3814 2526 3848 s.
2557 3810 2866 3867 pserunt.

770 3875 1022 3937 mitteren-
1044 3871 1141 3926 sed
1161 3873 1443 3927 confundit
1467 3888 1520 3928 et
1544 3875 1777 3930 Plautus.
1859 3876 2078 3930 Scuuvr.
2099 3905 2172 3917 -—
2188 3878 2359 3950 Supra
2384 3877 2623 3928 rationem
2649 3874 2869 3926 Sueten.

769 3955 985 4007 Senum.
1860 3955 2045 4009 Claud.
2066 3973 2094 4008 α
2107 3993 2125 4023 ,
2140 3956 2201 4022 4:
2221 3954 2748 4027 Suprajumentarius.
2765 3951 2874 4005 Ubi

843 4050 891 4083 2.
919 4033 1221 4104 Confessum
1242 4053 1361 4088 esse.
1382 4036 1470 4088 Sic
1489 4033 1778 4107 censemus
1858 4033 1976 4086 vide
2004 4034 2231 4087 Casaub.
2263 4036 2483 4088 Senum.
2509 4031 2647 4086 vide
2676 4030 2747 4084 ad
2773 4033 2876 4083 Pe-

769 4125 898 4173 ene,
927 4108 1127 4162 Schult.
1166 4110 1290 4163 Ideo
1322 4112 1611 4185 confessum
1649 4131 1774 4180 esse,
1857 4126 1999 4165 tron.
2024 4133 2144 4187 cap.
2168 4114 2333 4165 XXX.

769 4185 1032 4238 AErodius.
1052 4215 1127 4226 —
1141 4188 1313 4261 Hujus
1333 4192 1616 4263 potentior.
1650 4192 1776 4245 Utra
1928 4193 2076 4259 4121
2096 4191 2233 4246 ideo.
2256 4192 2331 4245 Et
2350 4193 2464 4246 ideo
2489 4207 2697 4265 neqasse
2717 4208 2771 4242 se
2793 4190 2881 4245 do-

763 4269 1058 4339 potentior,
1087 4270 1265 4321 AErod.
1853 4271 2106 4343 posuisse,
2131 4268 2312 4324 AErod.
