3200 5117
766 465 1600 535 DECLAMATIONES.
1647 466 1982 530 CCXLV.
2379 465 2416 527 5

1030 697 1733 763 DECLAMATIO.

440 856 627 926 Itane
652 852 906 925 mulier
927 855 1217 953 impune
1242 854 1602 953 peccassit,
1628 879 1782 951 quae
1802 853 2267 927 calamitatem
2296 854 2419 924 viri

350 969 448 1039 sui
482 995 606 1067 pro
641 971 1000 1042 occasione
1033 969 1281 1041 habuit
1296 1025 1469 1042 .....
1481 969 1612 1040 bus
1657 990 1828 1058 erat,
1871 970 1984 1041 cui
2023 970 2421 1067 quinquen-

349 1082 543 1154 nium
561 1083 769 1156 breve
793 1084 1190 1157 videbatur:
1225 1084 1487 1182 aequale
1508 1083 1703 1155 enim
1726 1082 1898 1154 illud
1921 1083 2052 1155 fuit
2068 1085 2263 1155 adult
2270 1139 2416 1157 .....

346 1199 753 1270 narrabatur
783 1198 978 1298 cujus
1008 1199 1247 1297 opinio
1267 1255 1284 1270 .
1308 1254 1322 1269 .
1348 1265 1357 1272 ,
1383 1256 1398 1269 .
1422 1256 1436 1270 .
1474 1200 1651 1269 dum
1683 1198 2041 1295 frequenS,
2076 1197 2195 1268 sed
2227 1225 2421 1296 paene

346 1312 757 1384 continuum
801 1339 880 1384 ac
923 1335 1336 1412 perpetuum
1384 1312 1542 1384 fuit.
1577 1315 1683 1383 Ne
1726 1312 1882 1410 quis
1924 1333 2156 1384 autem
2192 1311 2425 1383 existi-

344 1449 477 1498 met
509 1442 717 1500 cum¹
756 1428 950 1499 adult
971 1484 1147 1499 .....
1158 1428 1394 1500 'unius
1422 1447 1693 1500 tantum
1729 1426 2233 1499 vindicandum
2254 1484 2422 1498 .....

341 1541 422 1612 ad
453 1541 865 1640 exemplum
899 1544 1107 1614 totius
1136 1543 1444 1615 civitatis,

336 1812 514 1854 uam
520 1833 1501 1855 mmmmmmm
1508 1833 1784 1854 mm
1790 1835 1982 1855 mm
1993 1836 2368 1857 Wlmmm
2377 1837 2424 1857 ιῖ

1167 2052 1594 2127 CCXLV.

333 2283 451 2360 Qm
493 2298 853 2342 mamert-tm
894 2298 1231 2339 mrtem-rus
1272 2299 1523 2354 runnu,
1562 2300 1987 2353 annuemm
2023 2301 2264 2341 somn.
2298 2281 2424 2356 Qui

405 2379 620 2440 filium
656 2376 1044 2436 luxuriosum
1080 2376 1502 2460 relinquebat,
1552 2379 1884 2460 pecuniam
1926 2376 2133 2459 apud²
2173 2379 2425 2438 unicum

404 2477 743 2559 deposuit,
777 2489 836 2534 et
864 2475 1183 2536 mandavit
1210 2491 1281 2535 nt
1312 2476 1589 2536 redderet
1617 2477 1968 2537 emendato.
2002 2477 2166 2537 Petit
2191 2475 2426 2536 adoles-

408 2597 555 2636 cens
584 2574 946 2657 pecuniam:
975 2573 1080 2634 ille
1103 2571 1524 2655 quadruplum
1553 2571 1758 2657 petit-³.

1200 2763 1562 2842 SERMO.

428 2920 766 2987 ...videtur
787 2920 896 2987 hic
919 2918 1306 2988 adolescens
1313 2970 1419 2985 .....
1448 2939 1668 2986 tamen
1692 2943 1883 3010 asper
1906 2938 2235 2986 exactor...
2260 2943 2426 3009 quo-

336 3027 517 3092 niam
544 3050 827 3116 persona
850 3025 1043 3091 nobis
1073 3028 1469 3115 proponitur
1496 3026 1723 3102 amici,
1760 3043 1828 3090 et
1858 3026 2085 3104 amici,
2119 3024 2250 3090 hoc
2281 3026 2440 3112 ipso-

340 3132 426 3197 de
452 3157 590 3223 quo
612 3134 846 3223 agitur,
871 3132 1152 3222 probati.
1177 3136 1341 3198 Nam
1366 3135 1456 3197 ita
1480 3133 1735 3198 facilius
1760 3131 2189 3198 ostendemus
2210 3131 2428 3196 omnia

344 3261 507 3301 eum
530 3241 758 3304 fecisse
785 3239 1224 3306 adolescentis
1258 3241 1446 3304 istius
1476 3263 1698 3320 causa,
1735 3240 1788 3306 si
1822 3261 1906 3304 ne
1938 3235 2130 3304 reus4
2154 3236 2428 3327 quidem

341 3365 631 3431 usquam
653 3342 733 3407 ad
758 3343 984 3408 odium
1013 3344 1450 3433 compellitur.

420 3534 466 3567 ι.
496 3516 777 3569 Existimet
804 3537 917 3570 cum
939 3518 1173 3573 adult...e
1194 3521 1345 3574 Exis-
1427 3521 1607 3575 Scribe
1636 3544 1647 3573 ε
1695 3521 1882 3573 Reddit
1918 3519 2234 3573 adolescenti
2266 3537 2428 3590 pecu-

338 3597 490 3648 timet
524 3615 670 3648 nunc
695 3596 1010 3651 adulterium
1048 3601 1202 3652 unius
1234 3612 1268 3651 t.
1295 3620 1345 3652 v.
1427 3605 1589 3655 niam.
1612 3601 1715 3654 Ille
1731 3601 2079 3675 quadruplum
2091 3602 2243 3676 petit.
2260 3600 2425 3652 Gnon.

333 3675 1349 3750 pertinetadex.Scnm.r.Etsuprabreve
1426 3683 1593 3754 Lege,
1627 3683 1760 3756 petit
1794 3681 2083 3734 adolescens
2122 3681 2398 3751 pecuniam
2409 3700 2429 3742 ‚-

337 3774 442 3825 pro
464 3755 603 3807 brevi
619 3759 913 3827 recepimus
933 3777 996 3812 ex
1016 3759 1226 3829 Bipont.
1254 3760 1343 3809 En.
1430 3761 1520 3814 ille
1559 3779 1593 3813 a
1629 3771 1853 3832 negante
1892 3757 2247 3833 quadruplum
2280 3757 2428 3829 petit.

414 3853 464 3887 2.
494 3838 775 3888 Pecuniam
790 3838 936 3909 apud
954 3838 1175 3890 unicum
1195 3838 1349 3910 depo·
1432 3840 1648 3892 Senum.
1670 3839 1858 3902 Forte,
1875 3837 2010 3906 petit
2034 3834 2323 3887 adolescens
2343 3852 2434 3904 pe-

333 3919 463 3970 xuit.
492 3916 700 3970 Scribe:
727 3920 871 3989 apud
898 3921 1147 3971 amicum.
1187 3922 1344 3971 Mox:
1431 3919 1669 3970 cuniam:
1688 3911 2432 3987 inficiatur‚illequadruplum

326 4012 561 4068 persona
613 3996 756 4050 nobis
803 3998 1119 4068 proponitur
1173 3997 1348 4049 amici.
1428 3996 1577 4065 petit.

331 4079 579 4131 Gnouov.
607 4080 683 4130 lta
714 4089 767 4130 et
796 4076 1001 4132 Schult.
1028 4081 1346 4148 conjecerat.
1501 4077 1553 4142 4.
1568 4077 1629 4129 Si
1648 4095 1713 4128 ne
1729 4093 1855 4127 reus.
1871 4076 2056 4137 Forte,
2070 4083 2118 4124 et
2135 4073 2205 4126 sic
2224 4091 2289 4124 ne
2305 4086 2432 4121 reus.

406 4157 464 4208 3.
520 4156 665 4208 Petit
716 4156 1009 4212 adolescens
1052 4156 1348 4231 pecuniam.
1434 4158 1648 4210 Senum.
