3200 5117
765 562 888 627 388
1269 558 1360 621 Μ.
1409 557 1659 621 FABII
1703 554 2335 638 QUINTILIANI

758 684 1100 756 viscerum
1129 678 1393 768 avelliS,
1418 697 1488 749 et
1503 698 1742 749 contra
1765 697 2113 747 maternos
2133 675 2460 773 gemituS,
2487 693 2852 746 contentus

763 826 833 871 es
869 797 1147 870 alterius
1186 794 1486 894 parentis
1521 791 2011 892 negligentia&
2050 791 2245 881 Quid
2282 816 2536 879 causae,
2576 790 2847 890 inquit,

761 913 1023 987 habeo?
1055 940 1179 983 cur
1212 938 1438 983 assero
1472 909 1829 982 alienum?
1863 930 1943 980 ut
1973 908 2292 980 nondum
2326 907 2614 979 reddam
2647 908 2852 978 ratio-

761 1056 966 1116 nem,
1012 1054 1149 1124 qua
1191 1026 1448 1123 litiges,
1487 1024 1677 1123 quod
1717 1023 2128 1123 proposuisti
2168 1022 2435 1111 dicere,
2482 1021 2655 1092 illud
2696 1042 2844 1093 est:

762 1171 928 1215 nam
954 1143 1010 1213 si
1037 1142 1164 1214 tibi
1189 1166 1391 1212 causa
1410 1138 1755 1210 asserendi
1782 1138 2091 1209 alienum
2119 1137 2347 1208 filium
2382 1162 2525 1207 non
2550 1156 2681 1226 est,
2718 1162 2848 1208 nec

761 1259 929 1331 huic
976 1257 1266 1355 quidem
1315 1253 1657 1325 retinendi
1701 1280 1715 1324 :
1770 1253 2165 1352 quinimmo
2206 1250 2478 1323 facilius
2519 1271 2615 1322 est
2662 1250 2847 1323 istud

759 1374 1046 1474 pauperi
1092 1374 1375 1470 fingere.
1414 1371 1610 1460 Quid
1655 1369 1844 1441 enim
1887 1370 2180 1439 fortunae
2218 1389 2355 1440 tuae
2395 1368 2707 1458 interest,
2754 1394 2847 1439 an

759 1489 1088 1561 heredem
1120 1486 1414 1557 habeas?
1446 1485 1566 1556 sed
1605 1486 1973 1558 reddemus
2013 1506 2246 1584 postea
2284 1484 2663 1574 rationem,
2707 1511 2852 1581 qua

760 1605 987 1700 fingas
1007 1630 1020 1672 ε
1046 1601 1323 1673 interim
1344 1602 1884 1673 instrumentum
1909 1622 2218 1673 excutere
2240 1626 2461 1672 causae
2482 1615 2651 1672 tuae²
2666 1600 2842 1672 volo.

758 1714 1224 1805 Testimonio,
1261 1715 1524 1813 inquit,
1554 1716 1740 1786 nitor
1775 1715 1957 1815 ejus,
1994 1741 2203 1812 quem
2234 1736 2307 1785 tu
2342 1736 2604 1813 patrem
2633 1715 2842 1787 dicis:

760 1853 1088 1931 putemus
1123 1830 1302 1902 istud
1343 1857 1485 1902 esse
1521 1813 2001 1902 testimouium
2031 1858 2046 1902 t
2079 1857 2265 1902 unus
2296 1852 2427 1921 est,
2470 1831 2678 1903 iratus
2713 1852 2845 1922 est,

759 1944 1036 2016 alterius
1076 1943 1364 2014 maritus
1402 1965 1520 2015 est.
1562 1946 1762 2016 Unus
1800 1965 1934 2030 est,
1967 1972 2191 2044 quum
2222 1945 2409 2034 dico,
2448 1967 2847 2017 succurrant

756 2060 948 2131 vobis
995 2062 1293 2132 Catones
1341 2080 1407 2131 et
1453 2059 1849 2159 ScipioneS,
1897 2082 1961 2131 et
2002 2081 2102 2132 tot
2148 2060 2525 2132 clarissima
2565 2061 2846 2132 civitatis

757 2194 1001 2246 nostrae
1035 2172 1409 2245 nominassz
1445 2201 1668 2273 quum
1709 2175 1904 2262 dico,
1940 2174 2144 2247 iratus
2178 2194 2313 2263 est,
2348 2198 2698 2247 succurrat
2732 2202 2848 2246 vo-

758 2288 906 2377 bis,
947 2288 1294 2385 quidquid
1329 2315 1471 2360 non
1504 2289 2133 2387 experimentorum
2169 2289 2242 2360 in
2278 2289 2586 2380 civitate,
2621 2290 2739 2362 sed
2773 2290 2845 2362 in

763 2404 983 2476 scenis
1016 2404 1414 2476 fabularum
1444 2428 1578 2496 est,
1614 2433 1828 2504 quam
1859 2405 2078 2477 multa
2103 2405 2345 2477 fecerit
2375 2404 2494 2478 hic
2523 2408 2844 2495 affectus;

761 2547 974 2617 quam
1004 2518 1260 2591 multos
1279 2541 1693 2592 transversos
1714 2521 1902 2592 velut
1927 2540 2326 2618 tempestate
2351 2521 2653 2619 quadam
2679 2548 2846 2618 ege-

761 2633 867 2705 rit.
899 2634 1148 2723 Quum
1189 2632 1378 2722 dico,
1419 2633 1697 2705 alterius
1737 2635 2022 2705 maritus
2061 2655 2196 2724 est,
2237 2633 2375 2705 duo
2410 2631 2618 2704 simul
2646 2633 2838 2720 dico;

763 2769 829 2819 et
859 2747 1075 2819 habet
1105 2774 1382 2818 causam
1401 2807 1419 2836 ,
1452 2777 1576 2821 cur
1598 2777 1848 2822 nocere
1883 2750 2045 2822 huic
2068 2750 2264 2840 velit,
2293 2775 2495 2848 quam
2526 2748 2840 2847 repudia-

762 2864 892 2936 vit:
918 2882 984 2934 et
1003 2861 1210 2948 habet
1231 2889 1508 2935 causam
1526 2921 1545 2956 ,
1567 2892 1693 2937 cur
1712 2885 2026 2966 praestare
2048 2866 2111 2939 ei
2127 2865 2353 2957 velit4,
2378 2893 2586 2966 quam
2611 2864 2840 2938 duxit:

1847 3078 2028 3130 AEnon.
2048 3079 2130 3130 An
2143 3116 2158 3144 ,
2169 3074 2568 3150 firmamentum
2588 3075 2851 3127 excutere?

1847 3157 2066 3208 Senum.

839 3086 885 3122 1.
915 3071 1153 3124 Parentis
1183 3071 1519 3145 neqliqentia.
1553 3074 1635 3126 Ita
1666 3076 1768 3127 Te-

763 3164 899 3203 rent.
944 3151 1104 3203 Andr.
1151 3155 1203 3216 1,
1253 3169 1314 3204 1:
1364 3156 1769 3224 -Coguatorum

770 3253 793 3277 ι
814 3232 1192 3302 negligentia.»
1225 3233 1442 3286 Senot-r.
1478 3237 1543 3287 Et
1575 3239 1762 3307 Hecyr.

765 3310 853 3373 IV,
874 3310 929 3375 4:
957 3333 979 3355 κ
996 3310 1168 3376 Quem
1189 3314 1300 3383 ipsa
1322 3313 1574 3382 neglexit,
1598 3329 1767 3384 pater,

772 3406 796 3432 ι
816 3404 914 3455 ego
939 3387 1112 3439 alam?
1132 3413 1153 3436 n
1182 3419 1254 3429 —-
1276 3393 1378 3443 Cur
1396 3410 1577 3443 assero.
1604 3395 1768 3463 Lege,

765 3482 858 3520 cur
886 3483 1122 3518 asseram.
1152 3468 1319 3521 Grion.
1342 3498 1413 3509 —-
1441 3472 1553 3540 Qua
1570 3469 1768 3546 fingas.

772 3541 1104 3617 Quoefinqas.
1130 3547 1309 3599 AErod.

841 3640 890 3673 2.
936 3622 1341 3676 lustramentum
1392 3618 1627 3678 excutere
1671 3639 1770 3680 tuoe

768 3721 946 3756 causoe.
967 3701 1157 3756 Paulus
1175 3705 1406 3757 Sentent.
1430 3706 1521 3757 lib.
1543 3709 1620 3757 11:
1649 3730 1670 3752 ι
1691 3709 1771 3758 In-

774 3802 797 3828 ·
818 3795 1228 3835 strumentorum
1285 3783 1645 3855 appellatione
1708 3804 1769 3837 ea

776 3882 798 3912 u
819 3862 998 3913 omnia
1033 3862 1343 3933 accipienda
1385 3876 1542 3930 sunt,
1577 3864 1769 3936 quihus

776 3965 798 3992 ο
818 3960 975 3995 causa
1001 3944 1188 3994 instrui
1212 3957 1416 4015 potest:
1441 3957 1496 3996 et
1515 3944 1639 3996 ideo
1661 3959 1770 3996 tam

776 4043 798 4072 κ
818 4025 1112 4076 testimonia
1127 4061 1144 4089 ,
1184 4045 1340 4097 quam
1378 4044 1617 4096 persone
1632 4064 1649 4092 ,
1686 4027 1771 4077 in-

777 4120 800 4150 e
821 4114 1233 4155 strumentorum
1275 4104 1398 4155 loco
1439 4103 1720 4156 habentur.
1742 4127 1763 4150 n

772 4177 982 4247 Ulpian.
1012 4182 1066 4231 in
1090 4180 1128 4233 Ι.
1157 4183 1431 4233 notionem
1450 4220 1467 4248 ,
1497 4182 1541 4252 §.
1570 4185 1769 4235 instru-

771 4268 1099 4324 mentorum,
1121 4260 1182 4310 ff.
1209 4259 1275 4312 de
1294 4258 1437 4314 verb.
1464 4274 1518 4312 et
1542 4280 1642 4313 rer.
1673 4262 1768 4330 sig.

1918 3234 1969 3285 3.
2008 3236 2259 3288 Nomina.
2305 3231 2452 3301 Quid
2498 3235 2577 3299 si,
2624 3230 2846 3283 Iumina.

1847 3313 2116 3364 Functus.
2134 3312 2339 3364 -Non
2361 3312 2847 3383 experimentorum.

1847 3396 1971 3446 Non
1995 3394 2145 3445 modo
2168 3410 2336 3466 exper.
2357 3394 2574 3445 Senum-r.

1921 3472 1971 3537 4.
1987 3474 2337 3543 Cur-praestare
2350 3470 2400 3520 ei
2415 3469 2557 3521 velit.
2574 3466 2847 3520 obses-vat.

1833 3550 2026 3602 ‚Bm-th.
2050 3548 2140 3600 lib.
2166 3550 2365 3614 xxix,
2388 3547 2505 3600 adv.
2535 3548 2598 3612 6,
2622 3546 2853 3615 sequiori

1849 3647 1957 3681 aevo
1979 3638 2219 3699 praestare
2242 3626 2483 3679 absolute
2502 3626 2735 3697 positum
2752 3641 2851 3694 pro

1848 3707 2103 3779 prodesse
2119 3743 2135 3771 ,
2169 3720 2227 3757 ut
2254 3705 2342 3757 hic
2366 3707 2502 3757 sumi
2527 3702 2766 3764 videtum
2798 3713 2851 3753 et

1849 3787 2117 3839 Manutius
2142 3785 2210 3836 ad
2230 3786 2400 3838 Cicer.
2426 3782 2496 3836 ad
2518 3786 2661 3835 Fam.
2682 3785 2770 3847 IV,
2791 3780 2850 3845 8,

1849 3878 1998 3917 notat
2014 3875 2253 3937 proestare
2267 3882 2379 3915 esse
2393 3863 2538 3934 plus,
2558 3879 2713 3933 quam
2725 3875 2853 3934 μνω-

1852 3946 1989 4012 bere,
2007 3964 2170 4016 quum
2190 3943 2294 3995 hoc
2312 3947 2565 4016 propensi
2584 3944 2743 3994 animi
2756 3943 2851 4005 sit,

1849 4024 1979 4075 illud
2006 4044 2113 4099 rem
2138 4026 2306 4096 ipsam
2331 4025 2669 4082 et-actionem
2692 4020 2853 4091 signi·

1850 4101 1997 4169 ficet,
2019 4117 2070 4155 et
2091 4103 2285 4155 multos
2308 4119 2365 4153 se
2383 4103 2637 4173 praebere,
2660 4117 2757 4150 nec
2781 4112 2856 4150 ta-

1852 4200 1969 4233 men
1992 4193 2259 4255 potestve,-
2284 4179 2376 4233 sed
2403 4194 2526 4232 tunc
2546 4178 2671 4230 addi
2690 4176 2854 4245 solet,

1850 4277 1933 4327 se,
1964 4260 2109 4332 quod
2136 4261 2272 4312 forte
2299 4272 2353 4311 et
2376 4257 2464 4311 hic
2490 4257 2668 4323 deest,
2696 4269 2750 4309 et
2775 4255 2856 4309 le-
