3200 5117
744 567 861 611 120
1239 543 1331 606 M.
1380 541 1630 606 FABII
1674 540 2306 624 QUINTILIANI

730 670 975 743 timore
1002 688 1123 740 tuo
1146 667 1440 767 pendet:
1474 686 1540 738 et
1560 685 1663 738 est
1684 664 1974 765 quidem
2004 665 2191 738 istud
2212 666 2688 742 inconsultum
2706 726 2726 758 ,
2753 690 2820 742 et

732 786 864 860 sibi
903 809 1332 887 repugnans»,
1375 783 1682 856 abdicari
1728 783 1959 855 filium
1989 783 2422 883 indulgentia
2456 787 2701 885 patris;
2752 808 2822 860 et

732 900 1039 998 aliquem
1064 924 1289 972 carere
1312 898 1579 988 liberis,
1607 897 1910 970 orbitatis
1932 900 2429 971 metu.Verum
2450 902 2627 973 hanc
2653 929 2820 1001 quo·

733 1042 871 1115 que
893 1014 1245 1087 detrahere
1263 1013 1389 1085 tibi
1410 1012 1953 1086 sollicitudinem
1972 1013 2129 1085 volo
2152 1040 2168 1084 ε
2193 1036 2335 1087 erat
2351 1030 2369 1061 ¹
2398 1016 2573 1088 illud
2587 1073 2606 1102 ‚
2630 1017 2820 1116 quod

732 1158 775 1202 a
798 1131 985 1202 bono
1014 1148 1203 1227 patre
1234 1148 1300 1199 et
1325 1154 1366 1199 a
1388 1128 1550 1227 pio²
1586 1128 1724 1199 dici
1749 1149 2011 1226 posset,
2041 1127 2248 1200 etiam
2274 1129 2328 1201 si
2353 1131 2820 1228 periculosum

734 1245 855 1332 sit,
888 1243 1061 1315 tanti
1105 1264 1202 1316 est
1235 1241 1436 1314 mihi.
1472 1244 1630 1313 Non
1653 1262 1809 1314 tam
1839 1269 1955 1313 me
1995 1241 2186 1315 ducit
2216 1242 2433 1343 gloria
2463 1243 2818 1335 militaria,

735 1384 862 1430 nec
903 1359 1095 1430 fama
1138 1357 1437 1430 victoriae
1470 1384 1486 1428 :
1534 1355 1929 1429 vindicandi
1984 1355 2158 1428 mihi
2202 1358 2441 1430 fratres
2463 1379 2668 1432 sunt.
2706 1359 2821 1429 An

734 1468 1055 1573 ego‚'qui
1096 1473 1330 1573 paullo
1362 1493 1521 1544 ante
1559 1498 1756 1544 arma
1797 1473 2140 1571 (ignoscat
2170 1473 2426 1572 patria,
2461 1473 2823 1571 ignoscant

734 1591 953 1689 leges)
1001 1589 1269 1662 minore
1319 1609 1748 1662 sacramento
1795 1589 1962 1680 tuli,
2012 1609 2080 1661 et
2125 1611 2364 1663 contra
2405 1590 2628 1664 hostes
2669 1592 2819 1665 sine

736 1725 1052 1803 respectu
1093 1730 1255 1776 meo
1290 1703 1787 1803 sanguinisque
1828 1704 2172 1803 pugnavi3
2217 1705 2339 1776 ubi
2381 1704 2554 1777 mihi
2589 1706 2822 1779 vindi-

737 1818 940 1890 candi
976 1840 1138 1890 sunt
1172 1821 1450 1908 fratreS‚
1485 1840 1552 1890 et
1583 1818 1724 1890 duo
1763 1819 2043 1907 fratrea,
2082 1844 2226 1890 non
2266 1819 2634 1919 pugnabo?
2675 1847 2821 1893 non

734 1933 843 2005 vel
872 1933 1242 2006 discrimen
1264 1933 1415 2006 vitae
1444 1932 1738 2006 subibo?
1765 1960 1893 2031 ego
1925 1933 2323 2034 accederem
2354 1955 2475 2007 tuo
2504 1935 2819 2027 consilio,

735 2046 791 2120 si
818 2048 1158 2121 timerem.
1189 2048 1324 2120 Sed
1353 2048 1576 2121 multa
1596 2068 1789 2139 sunt,
1821 2074 1975 2145 quae
2006 2075 2117 2120 me
2145 2049 2407 2122 faciant
2427 2050 2817 2123 fortiorem:

738 2180 897 2233 ante
921 2161 1161 2234 omnia
1185 2159 1613 2235 adversarius
1627 2163 1778 2263 jam
1801 2162 2121 2260 fatigatus
2145 2184 2282 2235 est:
2311 2164 2533 2263 cogita
2559 2165 2822 2264 quoties

737 2277 1183 2377 pugnaverit:
1227 2304 1370 2350 non
1415 2278 1566 2349 dico
1600 2277 1770 2374 quid
1809 2277 2094 2349 fecerint
2128 2278 2435 2350 hostes3:
2478 2306 2621 2352 non
2657 2280 2820 2351 inde

739 2391 1140 2465 ceciderunt
1163 2394 1401 2467 fratres
1424 2394 1564 2465 mei
1592 2421 1608 2464 ε
1636 2392 1992 2465 fortiorem
2020 2421 2135 2466 me
2161 2394 2362 2467 faciet
2390 2396 2639 2468 melior
2665 2399 2822 2467 con'-

738 2506 1023 2578 scientia
1051 2533 1065 2577 :
1101 2506 1453 2579 fortiorem
1487 2532 1604 2578 me
1645 2506 1853 2579 faciet
1886 2529 1957 2579 et
1993 2534 2200 2579 cansa
2228 2535 2503 2609 pugnae.
2540 2508 2661 2582 Ille
2693 2536 2818 2607 pro

737 2623 1023 2721 praemio
1078 2644 1514 2721 pugnaturus
1567 2643 1703 2714 est,
1755 2623 1945 2723 quod
1985 2623 2140 2724 jam
2185 2624 2290 2697 bis
2336 2625 2648 2724 accepit:
2692 2651 2818 2724 ego

738 2757 1175 2835 pugnaturus
1214 2764 1370 2809 sum
1410 2764 1533 2836 pro
1560 2736 1930 2830 fratribus,
1967 2766 2091 2840 pro
2125 2739 2374 2838 pietate
2412 2767 2427 2810 z
2462 2739 2817 2811 fortiorem

738 2877 853 2922 me
890 2851 1089 2924 faciet
1125 2872 1192 2923 et
1224 2851 1502 2925 fortuna
1530 2880 1544 2923 :
1582 2853 1753 2925 solet
1784 2853 2095 2952 fatigari3
2129 2854 2335 2944 solet,
2369 2874 2819 2953 posteaquam

738 2965 1043 3039 nimium
1081 2965 1401 3055 indulsit,
1446 2966 1518 3038 in
1561 2967 1704 3040 fine
1737 2966 2050 3040 deficere.
2094 2970 2283 3041 Facit
2316 2995 2429 3044 me
2465 2967 2818 3048 fortiorem

738 3082 940 3155 etiam
969 3109 1131 3154 usus
1155 3083 1484 3180 quidam:
1517 3104 1951 3183 pugnantem
1982 3085 2187 3156 illum
2211 3086 2460 3184 saepius
2473 3084 2613 3156 vidi
2637 3110 2651 3154 ε
2679 3083 2819 3156 scio

737 3197 907 3295 quid
938 3197 1329 3271 maximum
1361 3200 1646 3271 fratrem
1678 3226 1919 3272 meum
1945 3199 2305 3287 fefellerit;
2343 3198 2697 3298 quomodo
2727 3196 2817 3288 is,

735 3311 860 3410 qui
892 3312 1197 3385 secundo
1239 3314 1392 3386 loco
1431 3317 1827 3413 pugnabat,
1873 3314 2194 3414 deceptus
2228 3316 2348 3386 sit..
2372 3313 2557 3388 lllud
2587 3334 2820 3386 autem

736 3425 1113 3522 plusquam
1163 3428 1636 3501 verecundum
1687 3450 1762 3502 et
1808 3429 2368 3503 erubescendum
2415 3429 2619 3502 nobis
2664 3449 2761 3502 est
2799 3456 2814 3499 :

813 3621 1008 3673 1.Erat
1022 3621 1176 3674 illud.
1192 3623 1349 3691 Erat,
1365 3640 1416 3678 et
1419 3627 1564 3697 fuit,
1579 3625 1737 3679 verba
1816 3628 2007 3692 mium,
2046 3638 2223 3678 tamen
2256 3645 2427 3699 operte
2460 3627 2687 3696 pretium
2720 3634 2815 3674 est.

735 3716 884 3770 sunt,
907 3702 1101 3774 quihus
1126 3703 1356 3775 aliquem
1381 3707 1480 3758 vita
1509 3706 1737 3760 defunc·
1887 3709 1936 3760 3.
1959 3706 2335 3780 Quidfecen'nt
2354 3708 2529 3759 hostes.
2544 3703 2813 3756 Fortasse:

735 3793 845 3831 tum
870 3780 1250 3852 significabant.
1277 3784 1423 3836 Prrn.
1813 3787 1938 3839 Non
1965 3785 2115 3852 dico,
2146 3785 2508 3860 quidfooen‘m
2537 3784 2594 3835 in
2620 3780 2812 3835 hostes.-

804 3879 851 3914 2.
892 3863 1041 3933 Quod
1074 3883 1107 3914 a
1138 3864 1271 3916 bono
1301 3876 1452 3936 patre
1481 3876 1533 3917 et
1560 3885 1594 3917 a
1621 3869 1733 3937 pio.
1815 3885 1920 3918 non
1947 3866 2068 3918 inde
2087 3864 2586 3936 cecideruntfratres
2606 3863 2726 3914 mei.
2746 3863 2818 3914 Ut

731 3941 1032 4012 Legendum
1052 3962 1065 3994 z
1088 3945 1221 3996 Erat
1243 3942 1381 3997 illud
1393 3983 1411 4010 ‚
1437 3947 1577 4017 quod
1602 3946 1735 3998 bono
1813 3944 1951 3997 bene
1967 3963 2146 4015 speres
2158 3944 2226 3997 de
2243 3959 2369 3995 moe
2387 3959 2577 4013 pugnae
2595 3952 2816 4005 eventu,

730 4026 872 4091 patri
887 4037 937 4077 et
948 4025 1042 4098 pio
1060 4025 1165 4077 dici
1179 4036 1377 4097 posset.-
1404 4026 1628 4078 Εείαηιςί
1644 4044 1735 4097 pe-
1816 4042 1927 4074 non
1952 4022 2192 4096 allegabo
2211 4018 2357 4092 apud
2381 4032 2462 4086 te,
2487 4037 2602 4091 quoe
2626 4017 2815 4071 adver·

733 4098 1006 4153 riculeum
1037 4102 1135 4169 sit,
1165 4104 1301 4154 tanti
1322 4114 1398 4156 est
1420 4102 1569 4154 mihi.
1596 4103 1734 4155 Sunt
1814 4121 1904 4155 sus
1933 4102 2113 4156 hostes
2140 4101 2265 4155 dedi
2291 4098 2617 4153 fortitudinis
2643 4098 2815 4170 speci·

732 4179 873 4230 enim
889 4180 1050 4233 verba
1065 4180 1161 4233 filii
1179 4182 1245 4234 ad
1266 4196 1497 4253 patrem,
1513 4202 1624 4235 non
1640 4202 1733 4254 pa·
1814 4186 1983 4235 mina:
2015 4203 2138 4237 nam
2165 4182 2233 4236 ab
2261 4181 2365 4235 illis
2388 4199 2602 4256 quoque
2628 4180 2814 4232 fratres

731 4255 825 4308 tris
853 4256 1131 4330 sad-fitium.
1162 4258 1323 4311 Tanti
1351 4271 1423 4312 est
1451 4260 1585 4310 mihi
1607 4277 1734 4332 Ρη-
1811 4264 2038 4317 victores
2060 4262 2342 4315 redierunt.
2369 4260 2601 4313 Gnonov.
