3200 5117
754 545 879 626 404
1254 538 1346 601 M.
1392 531 1646 600 FABII
1692 531 2331 617 QUINTILIANI

747 665 882 736 lata
913 663 986 733 in
1020 660 1234 733 aliam
1264 658 1690 761 provinciam
1716 656 1902 728 furta
1919 711 1938 744 ‚
1963 655 2152 727 ¹'inter
2179 655 2448 752 ignotos
2476 651 2843 741 hominm,

748 779 929 850 inter
955 777 1236 849 alienos.
1272 776 1353 845 In
1389 800 1667 846 summa
1701 791 1925 870 parte,
1957 770 2124 867 qnia
2156 768 2261 839 lex
2293 766 2681 840 secundum
2713 793 2846 838 nos

750 906 903 982 est¹,
928 875 1204 988 aequiias
1225 886 1615 960 secundum
1641 912 1765 958 nos
1786 906 1923 974 est,
1949 882 2130 954 illud
2156 907 2436 979 quoque
2461 880 2844 953 dicendum
2869 937 2876 946 .

735 1027 914 1105 ¹puto
941 1063 959 1096 ,
1004 1032 1144 1103 qua
1188 1005 1525 1077 sententia
1580 1001 1846 1102 possitis
1900 998 2073 1098 parti
2126 999 2405 1097 utrique
2456 996 2843 1069 consulere.

735 1120 946 1210 Quid
998 1141 1099 1191 est
1149 1120 1412 1218 aequius
1435 1177 1455 1209 ,
1510 1144 1722 1215 quam
1777 1137 2154 1212 utrumque
2206 1111 2595 1185 vindicari?
2637 1113 2847 1183 Unus

742 1235 1014 1305 furtum
1045 1233 1208 1304 fecit
1235 1233 1510 1304 duobus
1537 1259 1551 1304 ε
1590 1230 1803 1304 habet
1833 1257 2035 1301 suam
2070 1229 2362 1328 quisque
2401 1228 2624 1326 legem
2651 1257 2671 1316 ;
2699 1226 2843 1297 nisi

741 1375 870 1420 nos
910 1348 1290 1419 retinemus
1315 1406 1333 1436 ‚
1376 1348 1573 1418 nulla
1612 1346 1879 1418 actione
1908 1343 2243 1416 vindicari
2280 1367 2686 1441 possumus‘.
2725 1340 2846 1413 iile

746 1463 1015 1535 etiamsi
1042 1489 1186 1533 non
1217 1463 1441 1560 ipsam
1467 1488 1615 1532 rem
1641 1459 2005 1558 acceperit,
2031 1486 2156 1558 pro
2182 1485 2252 1529 re
2278 1457 2846 1555 tamen··accipere

744 1576 1015 1675 poterit.
1043 1576 1274 1648 Habet
1292 1576 1634 1646 actionem
1656 1575 1742 1645 de
1768 1572 1887 1644 illa
1904 1587 1928 1618 ²
1952 1600 1966 1643 ε
1995 1600 2161 1644 nam
2189 1573 2345 1643 etin
2367 1570 2845 1672 quadruplum

748 1690 1006 1788 litigat:
1039 1717 1183 1762 non
1216 1690 1530 1762 irascitur
1558 1690 1736 1779 furi,
1767 1689 1889 1787 qui
1921 1714 1993 1759 re
2024 1708 2391 1760 contentus
2422 1707 2543 1758 est.
2585 1686 2845 1760 Adver-

750 1832 863 1877 sus
896 1806 1234 1877 invidiam
1269 1805 1456 1877 illius
1489 1805 1756 1904 privata
1784 1803 1893 1902 agi
1936 1803 2206 1875 actione
2238 1822 2496 1901 potest3
2532 1829 2574 1872 a
2607 1801 2842 1890 nobiS,

749 1919 1051 2016 publica.
1088 1919 1214 1990 Ille
1244 1919 1440 1991 vobis
1474 1916 1921 1990 commendat
1953 1917 2253 1988 sarcinas
2280 1942 2476 1987 suas:
2505 1943 2631 1987 nos
2661 1943 2845 1988 cotn-

752 2034 1169 2113 mendamus
1199 2034 1549 2133 vectigalia
1573 2054 1826 2124 vestra,
1860 2031 2441 2106 commendamus
2470 2031 2724 2103 reditus
2753 2031 2849 2103 ci-

753 2169 1001 2220 vitans.

834 2336 876 2369 1.
930 2318 1067 2388 Quia
1107 2316 1190 2370 lex
1225 2319 1505 2372 secundum
1547 2337 1639 2372 nos
1675 2328 1762 2370 est.

759 2395 1059 2449 Scribe=·1n
1086 2414 1299 2449 summer
1315 2408 1465 2468 parte
1496 2399 1518 2466 (
1532 2398 1654 2470 quia
1685 2395 1769 2447 lex

757 2476 1041 2530 secundum
1075 2496 1167 2530 nos
1199 2487 1272 2530 est
1290 2518 1307 2545 ,
1341 2480 1554 2550 aequitas
1584 2494 1767 2529 secun-

758 2556 883 2608 dum
900 2572 991 2606 nos
1010 2555 1110 2625 est)
1126 2554 1481 2627 illudquoque
1495 2554 1768 2607 dicendum

756 2645 903 2709 puto.
934 2635 1100 2687 Gnou.
1125 2665 1196 2674 —
1218 2633 1328 2687 Nos
1350 2636 1452 2704 nisi
1475 2635 1766 2686 retinemus.

759 2715 878 2766 Hoc
903 2717 1025 2783 jure
1057 2725 1243 2766 nostro
1275 2713 1467 2766 falsum
1503 2726 1596 2766 est.
1631 2714 1770 2764 Nam

762 2792 1030 2844 commissi
1060 2793 1358 2861 persecutio
1394 2792 1681 2864 competit,
1711 2805 1769 2843 ut

761 2871 1013 2924 adversus
1048 2869 1336 2942 quemlibet
1370 2888 1732 2942 possessorem
1751 2908 1770 2936 .,

750 2952 832 3001 ita
858 2948 1108 3001 adversus
1131 2946 1382 3000 heredem
1402 2948 1437 2999 1.
1460 2950 1771 3014 commissa,

763 3027 825 3079 ff.
850 3025 917 3077 de
936 3024 1167 3097 publica.
1188 3027 1378 3096 vectig.
1401 3039 1454 3078 et
1472 3045 1608 3078 com.
1630 3026 1773 3096 Quid

765 3106 924 3176 igitur
944 3104 1192 3157 adversus
1210 3106 1415 3157 furem?
1429 3106 1557 3157 tanti
1578 3107 1633 3157 in
1654 3124 1774 3157 eum

768 3187 908 3238 actio
939 3184 1167 3250 dabitur,
1197 3188 1381 3256 quanti
1413 3184 1474 3237 lis
1509 3186 1606 3236 erit
1637 3187 1774 3239 aesti-

767 3275 928 3314 mata.
957 3281 1065 3333 arg.
1093 3261 1128 3313 l.
1155 3263 1216 3330 4,
1243 3261 1289 3334 5.
1314 3262 1409 3314 ult.
1435 3263 1497 3313 ff.
1523 3261 1589 3315 de
1616 3282 1672 3314 re
1688 3267 1774 3334 ju-

767 3343 905 3397 dica.
934 3343 970 3394 l.
1003 3347 1045 3394 si
1083 3345 1200 3414 quis
1227 3345 1281 3394 in
1310 3357 1510 3395 tantam
1536 3344 1594 3396 C.
1627 3343 1771 3396 unde

766 3423 836 3474 vi.
861 3419 1022 3488 Quod
1044 3424 1300 3492 sequitur,
1323 3435 1381 3473 ut
1407 3421 1649 3478 dominus
1674 3442 1771 3493 pro

768 3518 827 3554 re
851 3500 1076 3569 pretium
1101 3502 1352 3570 accipiat,
1378 3519 1494 3551 eam
1517 3519 1775 3572 qnorum-

766 3577 899 3631 dam
929 3578 1093 3630 fuisse
1129 3579 1435 3651 opinionem
1467 3580 1540 3632 ait
1570 3581 1776 3632 Accur-

1833 2293 1954 2369 ⁸sius
1972 2316 2025 2369 d.
2046 2316 2082 2368 l.
2107 2334 2134 2368 2
2150 2354 2167 2384 ,
2191 2318 2249 2369 C.
2276 2314 2342 2367 de
2366 2313 2609 2368 navibus.
2633 2333 2743 2366 non
2764 2332 2850 2366 ex-

1849 2415 2029 2450 cusan.
2057 2416 2191 2468 qnos
2225 2398 2405 2449 movit.
2437 2396 2472 2448 l.
2505 2398 2632 2448 item
2665 2397 2709 2448 si
2734 2415 2852 2446 ver-

1847 2476 2104 2528 beratum.
2134 2474 2182 2545 §.
2215 2493 2232 2526 ι
2252 2512 2270 2541 ,
2303 2476 2365 2527 ff.
2401 2473 2469 2527 de
2500 2477 2573 2526 rei
2601 2473 2850 2524 vindicat.

1848 2555 1952 2610 Sed
1969 2558 2142 2608 verius
2165 2569 2218 2608 et
2234 2558 2434 2627 aequius
2455 2568 2556 2620 est,
2573 2554 2852 2605 dominum

1849 2655 1957 2688 non
1993 2633 2383 2707 delinquentem
2415 2633 2603 2684 damno
2633 2634 2706 2682 rei
2734 2649 2849 2682 suae

1849 2731 1959 2764 non
1992 2711 2166 2777 affici,
2199 2731 2302 2783 qua
2332 2711 2446 2783 plus
2481 2727 2635 2780 quam
2664 2709 2844 2779 pretio

1849 2792 2077 2845 ducitur.
2102 2793 2286 2843 AEnon.

1924 2887 1973 2921 n.
2003 2867 2278 2921 Actionem
2303 2868 2366 2920 de
2397 2866 2508 2920 illa.
2539 2890 2560 2913 ιι
2579 2870 2802 2919 Furtum
2821 2889 2847 2914 ι

1847 2947 2056 3018 (inquit
2086 2946 2319 3018 Paulus)
2353 2971 2376 2995 ι
2396 2960 2474 2999 est
2503 2946 2853 2998 contrectatio

1858 3030 1978 3081 «rei
2017 3028 2362 3095 fraudulosa,
2404 3040 2504 3080 etc.
2549 3026 2693 3098 quod
2738 3023 2854 3096 lege

1858 3129 1880 3153 κ
1903 3107 2126 3158 naturali
2149 3104 2480 3177 prohibitum
2510 3119 2590 3158 est
2615 3104 2856 3157 admitte-

1860 3208 1883 3232 ·
1901 3203 1975 3236 re.
1998 3207 2020 3230 n
2041 3186 2221 3237 AEnon.
2236 3184 2572 3237 ——Adversus
2586 3183 2852 3235 invidiam.

1852 3264 2104 3316 Adversus
2137 3262 2392 3315 invidiam
2427 3261 2596 3328 illius,
2616 3260 2854 3334 judices,

1848 3346 2056 3415 privata
2086 3345 2176 3418 aqi
2204 3346 2408 3396 actione
2433 3356 2598 3416 posset
2624 3361 2658 3406 (ι
2683 3341 2852 3405 nobis,

1851 3424 1937 3477 sed
1962 3413 2018 3476 'et
2047 3424 2291 3495 publica.-
2327 3442 2448 3476 nam
2485 3438 2537 3476 et
2571 3420 2856 3494 aliqnando

1852 3504 2167 3573 injuriarum
2221 3504 2361 3556 actio
2415 3497 2635 3573 publiea
2685 3499 2855 3554 datur.

1854 3581 2077 3634 Senum.
