3200 5117
817 553 943 638 45⁸
1313 558 1405 622 M.
1454 555 1710 623 meu
1756 553 2400 637 Qumrlmml

1504 747 2210 813 DECLAMA‘rlo.

909 907 1077 979 Sero
1111 908 1321 1007 petis3
1362 929 1429 981 et
1454 908 1648 981 aliud
1679 909 2182 1008 patrimonium
2222 928 2341 980 est.
2381 907 2674 992 Dudum
2713 909 2907 983 heres

812 1022 1043 1094 mariti
1085 1024 1188 1095 tui
1231 1038 1451 1096 erat¹:
1498 1051 1538 1096 a
1576 1023 1721 1096 filio
1763 1044 1994 1123 petere
2031 1023 2370 1113 debuisti3
2415 1050 2543 1123 ego
2583 1050 2664 1095 ex
2706 1024 2904 1098 bonis

814 1138 1041 1211 mariti
1078 1140 1219 1212 mei
1248 1160 1481 1246 repeto
1508 1168 1522 1212 :
1553 1166 1721 1211 nam
1749 1139 1902 1210 duae
1933 1159 2188 1211 mortes
2214 1138 2617 1210 maritorum
2637 1197 2656 1229 ,
2687 1139 2906 1211 diver-

810 1279 916 1325 sas
951 1255 1416 1328 successiones
1453 1254 1739 1328 habent.
1779 1255 1976 1325 Bona
2013 1251 2238 1324 mariti
2279 1252 2458 1342 mei,
2497 1273 2722 1323 morte
2763 1252 2902 1353 ejus

809 1370 987 1443 facta
1016 1391 1221 1446 sunt:
1258 1370 1432 1443 dum
1471 1369 1761 1460 viveret,
1809 1369 2019 1468 patris
2061 1370 2371 1441 fuerunt.
2410 1370 2553 1440 Dos
2591 1389 2731 1457 est,
2773 1369 2822 1439 si
2862 1396 2900 1440 a

808 1483 981 1574 viro,
1003 1504 1122 1556 aut
1145 1484 1235 1557 ab
1255 1484 1507 1557 herede
1533 1483 1592 1586 ej
1603 1512 1682 1557 us
1704 1504 2079 1590 repetatur:
2108 1504 2183 1556 tu
2205 1485 2461 1556 amisso
2480 1485 2647 1574 viro,
2678 1510 2896 1583 quum

810 1598 1043 1671 dotem
1075 1626 1220 1672 non
1250 1598 1544 1699 petiisti,
1576 1599 1799 1672 fecisti
1830 1597 2172 1671 creditum
2191 1613 2216 1643 ²
2248 1625 2328 1670 ex
2355 1597 2532 1670 dote.

1673 1799 2037 1866 SERMO.

888 1957 1466 2048 Circumscriptam
1492 1980 1561 2023 se
1590 1981 1799 2026 nurus
1830 1972 2180 2048 queretur:
2214 1975 2280 2022 et
2307 1957 2375 2020 in
2405 1954 2686 2022 ultimo³
2717 1977 2889 2048 quae-

800 2079 930 2142 ret,
952 2064 1021 2127 in
1041 2087 1242 2154 quem
1265 2086 1459 2128 usum
1477 2087 1643 2129 anus
1666 2062 1888 2129 dotem
1911 2062 2280 2128 desideret?
2297 2063 2541 2127 Contra
2562 2060 2668 2125 illa
2690 2060 2885 2138 dicet,

798 2170 968 2236 hanc
1005 2172 1352 2236 mulierem
1389 2170 1802 2237 ambitiosam
1845 2187 1912 2236 et
1948 2172 2289 2259 profusam
2325 2171 2562 2249 fuisse,
2603 2193 2742 2236 non
2779 2171 2884 2234 mi·

799 2277 978 2342 nime
1004 2296 1358 2369 propterea
1384 2275 1470 2342 ad
1500 2293 1860 2367 egestatem
1891 2274 2292 2367 perductum
2315 2276 2552 2340 virum.

1488 2472 2191 2544 DECLAMATIO.

892 2632 1124 2703 Nurus
1161 2652 1426 2731 oportet
1468 2659 1510 2705 a
1546 2633 1696 2706 viro
1730 2633 1967 2706 dotem
2012 2652 2309 2732 repetat,
2344 2659 2569 2706 socrus
2599 2659 2640 2703 a
2667 2635 2867 2731 patri-

796 2746 1033 2816 monio
1047 2745 1101 2815 4.

868 2947 910 2981 1.
943 2931 1157 2983 Dudum
1187 2931 1325 2985 heres
1351 2933 1530 2985 mariti
1556 2936 1637 2985 tui
1666 2943 1793 2985 erat.
1945 2921 2154 2986 &Edu
2170 2932 2465 2987 ultimam
2476 2932 2676 2999 ultimo,
2693 2931 2871 2985 AErod.

792 3010 873 3061 Tu
894 3010 1020 3061 dum
1046 3010 1096 3061 Ιι.
1120 3028 1191 3061 m.
1215 3020 1250 3062 t.
1272 3023 1410 3080 erat,
1431 3011 1611 3065 AErod.
1636 3014 1791 3067 Eros.-
1872 3014 2104 3067 —Anus
2116 3015 2308 3067 dotem.
2324 3015 2466 3068 Ante
2483 3016 2681 3082 dotem,
2698 3015 2872 3068 AErod.

785 3107 909 3141 nam
922 3089 1022 3146 dos
1034 3088 1231 3142 hon-ode
1245 3110 1408 3144 uxore
1422 3092 1652 3145 confusa
1663 3094 1793 3145 fuis·
1871 3123 1944 3134 —-
1956 3093 2080 3146 Nou
2099 3094 2334 3145 minime.
2350 3095 2436 3145 An
2453 3111 2565 3145 non
2581 3108 2876 3165 praeut-et,

787 3183 897 3237 net,
926 3189 1093 3242 marg
1124 3171 1307 3226 AErod.
1341 3172 1624 3228 ——Man‘ti
1653 3173 1789 3242 mei,
1871 3192 1980 3228 non
2003 3173 2194 3234 dubie?
2214 3174 2340 3232 Non
2365 3177 2592 3242 mirum,
2613 3174 2797 3228 AErod.
2813 3205 2877 3216 —

787 3262 964 3302 morte.
991 3251 1176 3302 Mariti
1198 3251 1303 3302 mei
1324 3262 1513 3316 morte,
1536 3253 1652 3330 ejus
1668 3249 1723 3321 f.
1749 3270 1788 3303 s.
1870 3253 2200 3306 Perductum.
2227 3255 2587 3322 Produc-tum,
2618 3255 2875 3310 etl-itiones

784 3329 861 3380 ita
883 3328 1155 3400 distinguit
1177 3328 1356 3382 AErod.
1874 3332 2001 3386 aiiae.
2020 3332 2140 3385 vid.
2166 3333 2233 3386 ad
2257 3335 2495 3387 Declam.
2521 3336 2714 3388 CCCV.

856 3422 909 3457 a.
938 3408 1124 3464 Fecisti
1147 3409 1414 3462 auditam.
1439 3408 1509 3460 At
1534 3427 1646 3460 non
1671 3427 1792 3462 ore·
1941 3415 1993 3482 4.
2035 3415 2087 3468 A
2121 3416 2462 3507 pavimento.
2508 3420 2578 3470 At
2615 3418 2672 3469 in
2713 3419 2880 3490 patri·

784 3487 908 3619 ᾇὲῐὶ,
927 3485 1022 3544 sed
1037 3486 1178 3546 dotis
1198 3491 1366 3563 prima
1383 3489 1614 3554 habetur
1633 3492 1786 3552 ratio.
1869 3495 2052 3626 {onio
2072 3493 2166 3554 filii
2188 3508 2270 3552 est
2289 3495 2670 3568 patrimonium
2691 3511 2876 3569 patm-

790 3603 805 3618 .
852 3580 969 3618 nou.
1932 3590 2032 3626 non
