3200 5117
716 543 838 611 156
1208 543 1303 607 M.
1348 541 1598 606 FABII
1644 540 2279 625 Qnm‘rlmmr

708 669 830 740 nia
874 665 1215 740 maritalia
1255 666 1482 740 officia
1524 667 1730 764 plena
1774 666 2206 765 indulgentia
2248 688 2780 766 consequutum.

706 782 889 855 Illud
923 782 1162 854 dubito
1195 781 1317 880 qni
1352 782 1593 880 possit,
1631 808 1852 880 quum
1892 782 2139 854 educta
2170 781 2378 853 fuerit
2418 782 2504 853 ad
2536 783 2788 881 magis-

707 918 957 988 uatus,
1005 925 1227 998 quum
1272 897 1387 971 ille
1420 899 1764 997 periturus
1799 898 2098 998 jacuerit
2137 899 2223 970 ad
2273 898 2509 996 pedes,
2559 927 2783 998 quum

705 1015 1098 1115 produxerit
1130 1014 1585 1113 propinquos,
1611 1039 1836 1114 quum
1864 1016 2139 1086 amicos,
2168 1015 2402 1104 Quare
2430 1016 2606 1088 alius
2629 1032 2644 1062 ¹
2682 1017 2788 1088 di-

704 1152 813 1205 cat
836 1128 1025 1202 uxori
1054 1155 1256 1218 meae,
1283 1132 1500 1218 Amo;
1536 1151 1600 1200 et
1628 1128 1786 1201 ideo
1812 1128 2011 1227 rapui
2038 1155 2053 1199 τ
2083 1156 2291 1225 quare
2320 1129 2437 1220 sit,
2473 1132 2593 1227 qui
2619 1158 2785 1202 con—

705 1266 807 1318 tra
829 1271 944 1316 me
963 1243 1163 1316 dicat.
1190 1242 1439 1315 Misere
1462 1242 1672 1315 timeo
1707 1242 2010 1315 favorem
2045 1242 2248 1313 illum
2281 1242 2556 1341 populi,
2585 1244 2786 1317 mise·

704 1357 1073 1432 ricordiam
1114 1357 1417 1429 civitatiS.
1457 1356 1653 1447 Quid
1701 1376 1934 1428 autem
1982 1356 2126 1427 fieri
2174 1356 2482 1456 iniquius
2527 1377 2782 1457 potest,

704 1500 919 1573 quam
952 1471 1208 1543 abduci
1249 1470 1423 1542 mihi
1467 1498 1790 1562 uxorem,
1837 1491 2119 1570 propter
2149 1497 2364 1568 quam
2407 1470 2783 1572 aliquando

704 1608 933 1687 raptor
954 1612 1162 1658 ausus
1182 1586 1269 1658 sit
1294 1584 1571 1658 reverti?
1590 1584 1714 1685 qui
1743 1585 1884 1683 ipse
1910 1583 2069 1668 satis
2081 1585 2447 1687 judicavit,
2475 1613 2616 1658 non
2640 1613 2783 1660 esse

706 1701 841 1800 legi
875 1700 1102 1772 locum
1124 1757 1143 1790 ‚
1181 1700 1370 1800 quod
1405 1728 1708 1773 reversus
1754 1720 1876 1773 est.
1912 1701 2306 1774 Confundit
2338 1728 2453 1774 me
2487 1702 2782 1774 maxime

703 1843 858 1916 spes
892 1815 1113 1888 illius:
1154 1843 1376 1912 quum
1415 1815 1720 1906 timeret,
1756 1817 2103 1916 profugit,
2139 1821 2221 1889 ac
2255 1843 2444 1888 nunc
2479 1815 2677 1887 educi
2711 1843 2782 1889 se

703 1931 1025 2031 patitur-².
1059 1931 1423 2004 Silentium
1455 1931 1742 2029 quidem
1761 1931 2000 2003 :uxoris
2028 1958 2195 2004 meae
2222 1958 2347 2030 ego
2370 1958 2528 2003 vero
2558 1957 2784 2030 neque

705 2067 1100 2146 suspectum
1129 2045 1352 2118 habeo
1370 2102 1389 2136 ,
1425 2072 1652 2146 neque
1676 2045 1890 2118 timeo
1917 2074 1931 2118 :
1961 2046 2153 2117 decet
2174 2046 2304 2118 hoc
2328 2044 2784 2117 matronalem

705 2160 1045 2259 pudorem
1073 2189 1087 2232 :
1119 2181 1188 2233 et
1218 2161 1273 2233 si
1309 2161 1549 2233 educta
1573 2161 1660 2232 ad
1688 2160 2133 2259 magistratus
2156 2159 2402 2250 fuerit,
2434 2160 2566 2232 hoc
2593 2159 2785 2231 illam

705 2275 1004 2346 maxime
1035 2277 1374 2348 facturam
1404 2277 1719 2366 arbitror,
1758 2296 1833 2348 ut
1865 2295 2101 2348 taceat.
2144 2275 2418 2365 Quare,
2462 2301 2677 2365 socer,
2712 2295 2784 2346 tu

704 2411 898 2489 opta:
943 2392 998 2462 si
1032 2392 1161 2464 hoc
1195 2392 1490 2490 quaesisti
1528 2391 1891 2465 educendo
1928 2411 2270 2490 raptorem
2304 2390 2391 2461 ad
2428 2390 2788 2488 magistra-

706 2524 847 2591 ωε,
884 2524 961 2575 ut
991 2507 1483 2595 confunderes,
1519 2526 1596 2576 ut
1627 2525 1912 2577 terreres
1933 2562 1951 2593 ,
1989 2525 2068 2577 ut
2096 2525 2160 2575 te
2191 2525 2381 2576 metu
2415 2502 2599 2574 illius
2626 2503 2784 2573 vin-

705 2615 998 2699 dicares;
1050 2619 1479 2691 intellectum
1512 2618 1884 2691 artificium
1923 2639 2129 2691 tuum
2164 2640 2263 2691 est
2297 2646 2312 2689 :
2365 2642 2503 2688 non
2541 2617 2779 2688 timet:

706 2752 899 2803 tuere
923 2730 1229 2829 nuptias»,
1256 2759 1424 2831 quas
1448 2730 1771 2832 junxisti,
1793 2752 1980 2805 tuere
2009 2731 2571 2822 matrimonium,
2594 2728 2779 2830 quod

706 2845 1037 2946 copulasti
1066 2875 1080 2918 :
1118 2847 1329 2920 istum
1361 2868 1705 2947 raptorem
1740 2870 1906 2947 puta
1939 2848 2197 2921 abesse.

783 3050 825 3084 1.
853 3034 1023 3103 Quare
1041 3032 1177 3087 alius
1226 3032 1444 3104 Quando
1466 3031 1632 3100 alius,
1654 3048 1707 3086 et
1850 3028 2805 3104 2.Educisepatitur.Siepr-aetulimus·

705 3131 825 3163 mox
841 3148 858 3176 ,
882 3110 1091 3183 quando
1114 3112 1245 3176 erit,
1280 3126 1373 3164 aut
1402 3112 1580 3180 stabit,
1614 3113 1708 3184 qui
1785 3132 1847 3166 ex
1869 3114 1981 3185 Bip.
2007 3125 2060 3165 et
2084 3111 2250 3163 Περὶ.
2276 3109 2586 3164 adversante
2608 3110 2781 3160 Burm.

707 3204 899 3243 contra.
937 3191 1152 3244 Senum.
1195 3195 1366 3262 Quare
1398 3195 1492 3258 sit,
1528 3194 1622 3265 qui
1657 3212 1701 3245 c.
1786 3197 1877 3266 qui
1912 3193 2073 3246 habet
2100 3193 2352 3266 patiam,
2377 3190 2653 3264 nullaeque
2680 3188 2784 3242 hue

707 3271 1234 3333 tudima-miserere?
1245 3275 1444 3341 Timeo,
1457 3274 1703 3328 etc.0br.
1784 3274 1939 3326 affert
1959 3273 2131 3325 varias
2153 3271 2426 3324 lectiones.
2453 3271 2544 3322 En.
