<?xml version="1.0" encoding="UTF-8"?>
<!DOCTYPE html PUBLIC "-//W3C//DTD XHTML 1.0 Transitional//EN"
    "http://www.w3.org/TR/xhtml1/DTD/xhtml1-transitional.dtd">
<html xmlns="http://www.w3.org/1999/xhtml" xml:lang="en" lang="en">
 <head>
  <title>
</title>
<meta http-equiv="Content-Type" content="text/html;charset=utf-8" />
  <meta name='ocr-system' content='tesseract 3.04.00' />
  <meta name='ocr-capabilities' content='ocr_page ocr_carea ocr_par ocr_line ocrx_word'/>
</head>
<body>
  <div class='ocr_page' id='page_1' title='image "./deinstitutioneo00flacgoog_0363.png"; bbox 0 0 3200 5117; ppageno 0'>
   <div class='ocr_carea' id='block_1_1' title="bbox 733 497 2103 570">
    <p class='ocr_par' dir='ltr' id='par_1_1' title="bbox 733 497 2103 570">
     <span class='ocr_line' id='line_1_1' title="bbox 733 497 2103 570; baseline 0.001 -2"><span class='ocrx_word' id='word_1_1' title='bbox 733 497 1569 568; x_wconf 86' lang='lat' dir='ltr'>DECLAMATIONES.</span> <span class='ocrx_word' id='word_1_2' title='bbox 1618 501 2103 570; x_wconf 89' lang='lat' dir='ltr'>CCCXXXII.</span> 
     </span>
    </p>
   </div>
   <div class='ocr_carea' id='block_1_2' title="bbox 2331 513 2454 579">
    <p class='ocr_par' dir='ltr' id='par_1_2' title="bbox 2331 513 2454 579">
     <span class='ocr_line' id='line_1_2' title="bbox 2331 513 2454 579; baseline 0.016 -2"><span class='ocrx_word' id='word_1_3' title='bbox 2331 513 2454 579; x_wconf 80' lang='lat'>353</span> 
     </span>
    </p>
   </div>
   <div class='ocr_carea' id='block_1_3' title="bbox 375 622 2463 729">
    <p class='ocr_par' dir='ltr' id='par_1_3' title="bbox 375 622 2463 729">
     <span class='ocr_line' id='line_1_3' title="bbox 375 622 2463 729; baseline 0.007 -34"><span class='ocrx_word' id='word_1_4' title='bbox 375 622 502 695; x_wconf 86' lang='lat' dir='ltr'>ties</span> <span class='ocrx_word' id='word_1_5' title='bbox 530 623 619 696; x_wconf 88' lang='lat' dir='ltr'>ad</span> <span class='ocrx_word' id='word_1_6' title='bbox 653 625 1027 698; x_wconf 80' lang='lat' dir='ltr'>amicitiam</span> <span class='ocrx_word' id='word_1_7' title='bbox 1056 625 1425 725; x_wconf 86' lang='lat' dir='ltr'>superioris</span> <span class='ocrx_word' id='word_1_8' title='bbox 1453 625 1761 717; x_wconf 87' lang='lat' dir='ltr'>accessit,</span> <span class='ocrx_word' id='word_1_9' title='bbox 1795 628 2003 702; x_wconf 83' lang='lat' dir='ltr'>affert</span> <span class='ocrx_word' id='word_1_10' title='bbox 2030 629 2294 729; x_wconf 87' lang='lat' dir='ltr'>aliquid</span> <span class='ocrx_word' id='word_1_11' title='bbox 2337 636 2463 709; x_wconf 90' lang='lat' dir='ltr'>du-</span> 
     </span>
    </p>
   </div>
   <div class='ocr_carea' id='block_1_4' title="bbox 369 782 1388 2848">
    <p class='ocr_par' dir='ltr' id='par_1_4' title="bbox 369 782 1388 2848">
     <span class='ocr_line' id='line_1_4' title="bbox 375 782 1379 854; baseline 0 -21"><span class='ocrx_word' id='word_1_12' title='bbox 375 783 490 852; x_wconf 92' lang='lat' dir='ltr'>peri</span> <span class='ocrx_word' id='word_1_13' title='bbox 508 783 809 854; x_wconf 76' lang='lat' dir='ltr'>astipulari,</span> <span class='ocrx_word' id='word_1_14' title='bbox 828 785 935 835; x_wconf 83' lang='lat' dir='ltr'>sive</span> <span class='ocrx_word' id='word_1_15' title='bbox 955 782 1127 834; x_wconf 83' lang='lat' dir='ltr'>divitis</span> <span class='ocrx_word' id='word_1_16' title='bbox 1150 795 1379 834; x_wconf 81' lang='lat' dir='ltr'><strong>mentem</strong></span> 
     </span>
     <span class='ocr_line' id='line_1_5' title="bbox 375 861 1379 933; baseline -0.001 -21"><span class='ocrx_word' id='word_1_17' title='bbox 375 861 704 913; x_wconf 75' lang='lat' dir='ltr'>verisimilem</span> <span class='ocrx_word' id='word_1_18' title='bbox 750 874 1100 933; x_wconf 87' lang='lat' dir='ltr'>mutnnmque</span> <span class='ocrx_word' id='word_1_19' title='bbox 1143 878 1379 912; x_wconf 83' lang='lat' dir='ltr'>amorem</span> 
     </span>
     <span class='ocr_line' id='line_1_6' title="bbox 379 940 1380 1014; baseline 0.002 -24"><span class='ocrx_word' id='word_1_20' title='bbox 379 940 711 1007; x_wconf 81' lang='lat' dir='ltr'>consideres,</span> <span class='ocrx_word' id='word_1_21' title='bbox 746 943 854 994; x_wconf 73' lang='lat' dir='ltr'>sive</span> <span class='ocrx_word' id='word_1_22' title='bbox 884 945 997 1014; x_wconf 86' lang='lat' dir='ltr'>ejus</span> <span class='ocrx_word' id='word_1_23' title='bbox 1028 940 1187 993; x_wconf 87' lang='lat' dir='ltr'>verba</span> <span class='ocrx_word' id='word_1_24' title='bbox 1216 943 1380 1012; x_wconf 88' lang='lat' dir='ltr'>respi-</span> 
     </span>
     <span class='ocr_line' id='line_1_7' title="bbox 376 1021 1381 1096; baseline 0.001 -23"><span class='ocrx_word' id='word_1_25' title='bbox 376 1023 483 1073; x_wconf 82' lang='lat' dir='ltr'>cias</span> <span class='ocrx_word' id='word_1_26' title='bbox 499 1060 515 1090; x_wconf 91' lang='lat'>,</span> <span class='ocrx_word' id='word_1_27' title='bbox 541 1024 597 1075; x_wconf 77' lang='lat' dir='ltr'>id</span> <span class='ocrx_word' id='word_1_28' title='bbox 616 1025 781 1096; x_wconf 79' lang='lat' dir='ltr'>quod,</span> <span class='ocrx_word' id='word_1_29' title='bbox 807 1037 910 1075; x_wconf 89' lang='lat' dir='ltr'>etc.</span> <span class='ocrx_word' id='word_1_30' title='bbox 937 1042 1050 1095; x_wconf 85' lang='lat' dir='ltr'>quae</span> <span class='ocrx_word' id='word_1_31' title='bbox 1072 1021 1230 1075; x_wconf 82' lang='lat' dir='ltr'>verba</span> <span class='ocrx_word' id='word_1_32' title='bbox 1256 1024 1381 1093; x_wconf 87' lang='lat' dir='ltr'>quia</span> 
     </span>
     <span class='ocr_line' id='line_1_8' title="bbox 375 1099 1377 1172; baseline 0.001 -23"><span class='ocrx_word' id='word_1_33' title='bbox 375 1099 644 1153; x_wconf 85' lang='lat' dir='ltr'>indefinita</span> <span class='ocrx_word' id='word_1_34' title='bbox 668 1114 722 1152; x_wconf 92' lang='lat' dir='ltr'>et</span> <span class='ocrx_word' id='word_1_35' title='bbox 744 1101 1013 1172; x_wconf 76' lang='lat' dir='ltr'>generalia</span> <span class='ocrx_word' id='word_1_36' title='bbox 1036 1113 1191 1168; x_wconf 90' lang='lat' dir='ltr'>sunt,</span> <span class='ocrx_word' id='word_1_37' title='bbox 1221 1117 1377 1154; x_wconf 85' lang='lat' dir='ltr'>nemo</span> 
     </span>
     <span class='ocr_line' id='line_1_9' title="bbox 374 1181 1384 1255; baseline -0.002 -23"><span class='ocrx_word' id='word_1_38' title='bbox 374 1181 558 1234; x_wconf 79' lang='lat' dir='ltr'>dixerit</span> <span class='ocrx_word' id='word_1_39' title='bbox 568 1186 657 1253; x_wconf 89' lang='lat' dir='ltr'>jus</span> <span class='ocrx_word' id='word_1_40' title='bbox 677 1202 772 1255; x_wconf 91' lang='lat' dir='ltr'>per</span> <span class='ocrx_word' id='word_1_41' title='bbox 791 1202 875 1248; x_wconf 89' lang='lat' dir='ltr'>se,</span> <span class='ocrx_word' id='word_1_42' title='bbox 895 1193 988 1234; x_wconf 83' lang='lat' dir='ltr'>aut</span> <span class='ocrx_word' id='word_1_43' title='bbox 1006 1198 1237 1253; x_wconf 87' lang='lat' dir='ltr'>corpora</span> <span class='ocrx_word' id='word_1_44' title='bbox 1256 1199 1384 1231; x_wconf 89' lang='lat' dir='ltr'>con-</span> 
     </span>
     <span class='ocr_line' id='line_1_10' title="bbox 373 1259 1380 1335; baseline -0.002 -23"><span class='ocrx_word' id='word_1_45' title='bbox 373 1261 569 1327; x_wconf 90' lang='lat' dir='ltr'>tinere,</span> <span class='ocrx_word' id='word_1_46' title='bbox 603 1265 705 1314; x_wconf 88' lang='lat' dir='ltr'>nisi</span> <span class='ocrx_word' id='word_1_47' title='bbox 735 1283 834 1335; x_wconf 91' lang='lat' dir='ltr'>pro</span> <span class='ocrx_word' id='word_1_48' title='bbox 868 1282 934 1315; x_wconf 90' lang='lat' dir='ltr'>eo</span> <span class='ocrx_word' id='word_1_49' title='bbox 969 1261 1039 1315; x_wconf 87' lang='lat' dir='ltr'>ad</span> <span class='ocrx_word' id='word_1_50' title='bbox 1065 1260 1214 1333; x_wconf 90' lang='lat' dir='ltr'>quod</span> <span class='ocrx_word' id='word_1_51' title='bbox 1245 1259 1380 1311; x_wconf 84' lang='lat' dir='ltr'>refe-</span> 
     </span>
     <span class='ocr_line' id='line_1_11' title="bbox 373 1339 1380 1412; baseline 0 -23"><span class='ocrx_word' id='word_1_52' title='bbox 373 1353 575 1392; x_wconf 86' lang='lat' dir='ltr'>runtur.</span> <span class='ocrx_word' id='word_1_53' title='bbox 604 1341 701 1392; x_wconf 87' lang='lat' dir='ltr'>Hic</span> <span class='ocrx_word' id='word_1_54' title='bbox 719 1360 847 1392; x_wconf 77' lang='lat' dir='ltr'>vero</span> <span class='ocrx_word' id='word_1_55' title='bbox 875 1340 1021 1412; x_wconf 90' lang='lat' dir='ltr'>quod</span> <span class='ocrx_word' id='word_1_56' title='bbox 1045 1339 1282 1390; x_wconf 87' lang='lat' dir='ltr'>relictum</span> <span class='ocrx_word' id='word_1_57' title='bbox 1302 1351 1380 1390; x_wconf 87' lang='lat' dir='ltr'>est</span> 
     </span>
     <span class='ocr_line' id='line_1_12' title="bbox 375 1419 1383 1490; baseline -0.002 -21"><span class='ocrx_word' id='word_1_58' title='bbox 375 1436 406 1469; x_wconf 89' lang='lat' dir='ltr'>a</span> <span class='ocrx_word' id='word_1_59' title='bbox 437 1437 705 1490; x_wconf 76' lang='lat' dir='ltr'>paupere,</span> <span class='ocrx_word' id='word_1_60' title='bbox 735 1422 824 1490; x_wconf 88' lang='lat' dir='ltr'>jus</span> <span class='ocrx_word' id='word_1_61' title='bbox 865 1431 974 1471; x_wconf 82' lang='lat' dir='ltr'>est:</span> <span class='ocrx_word' id='word_1_62' title='bbox 1007 1421 1096 1488; x_wconf 88' lang='lat' dir='ltr'>jus</span> <span class='ocrx_word' id='word_1_63' title='bbox 1133 1419 1293 1487; x_wconf 76' lang='lat' dir='ltr'>igitur</span> <span class='ocrx_word' id='word_1_64' title='bbox 1329 1427 1383 1468; x_wconf 87' lang='lat' dir='ltr'>et</span> 
     </span>
     <span class='ocr_line' id='line_1_13' title="bbox 373 1495 1380 1571; baseline -0.003 -21"><span class='ocrx_word' id='word_1_65' title='bbox 373 1500 666 1552; x_wconf 77' lang='lat' dir='ltr'>universale</span> <span class='ocrx_word' id='word_1_66' title='bbox 690 1499 960 1571; x_wconf 87' lang='lat' dir='ltr'><strong>quoddam</strong></span> <span class='ocrx_word' id='word_1_67' title='bbox 980 1498 1255 1549; x_wconf 84' lang='lat' dir='ltr'>continent</span> <span class='ocrx_word' id='word_1_68' title='bbox 1270 1495 1380 1548; x_wconf 83' lang='lat' dir='ltr'>haec</span> 
     </span>
     <span class='ocr_line' id='line_1_14' title="bbox 372 1576 1381 1651; baseline -0.004 -19"><span class='ocrx_word' id='word_1_69' title='bbox 372 1580 559 1647; x_wconf 77' lang='lat' dir='ltr'>verba,</span> <span class='ocrx_word' id='word_1_70' title='bbox 591 1600 704 1632; x_wconf 88' lang='lat' dir='ltr'>non</span> <span class='ocrx_word' id='word_1_71' title='bbox 734 1593 992 1651; x_wconf 82' lang='lat' dir='ltr'>quantum</span> <span class='ocrx_word' id='word_1_72' title='bbox 1023 1576 1154 1650; x_wconf 86' lang='lat' dir='ltr'>quid</span> <span class='ocrx_word' id='word_1_73' title='bbox 1188 1589 1241 1628; x_wconf 87' lang='lat' dir='ltr'>et</span> <span class='ocrx_word' id='word_1_74' title='bbox 1271 1579 1381 1629; x_wconf 88' lang='lat' dir='ltr'>sin-</span> 
     </span>
     <span class='ocr_line' id='line_1_15' title="bbox 371 1659 1386 1731; baseline 0.002 -21"><span class='ocrx_word' id='word_1_75' title='bbox 371 1659 575 1731; x_wconf 71' lang='lat' dir='ltr'>gulare.</span> <span class='ocrx_word' id='word_1_76' title='bbox 604 1659 768 1712; x_wconf 83' lang='lat' dir='ltr'>Plane</span> <span class='ocrx_word' id='word_1_77' title='bbox 797 1662 841 1711; x_wconf 87' lang='lat' dir='ltr'>si</span> <span class='ocrx_word' id='word_1_78' title='bbox 869 1659 1012 1712; x_wconf 86' lang='lat' dir='ltr'>dives</span> <span class='ocrx_word' id='word_1_79' title='bbox 1038 1661 1107 1710; x_wconf 86' lang='lat' dir='ltr'>ita</span> <span class='ocrx_word' id='word_1_80' title='bbox 1138 1660 1192 1711; x_wconf 90' lang='lat' dir='ltr'>in</span> <span class='ocrx_word' id='word_1_81' title='bbox 1221 1672 1386 1712; x_wconf 85' lang='lat' dir='ltr'>testa-</span> 
     </span>
     <span class='ocr_line' id='line_1_16' title="bbox 374 1738 1385 1810; baseline -0.001 -21"><span class='ocrx_word' id='word_1_82' title='bbox 374 1751 553 1789; x_wconf 86' lang='lat' dir='ltr'>mento</span> <span class='ocrx_word' id='word_1_83' title='bbox 583 1740 904 1810; x_wconf 77' lang='lat' dir='ltr'>scripsisset,</span> <span class='ocrx_word' id='word_1_84' title='bbox 942 1738 1202 1808; x_wconf 81' lang='lat' dir='ltr'>Quantam</span> <span class='ocrx_word' id='word_1_85' title='bbox 1227 1756 1385 1809; x_wconf 82' lang='lat' dir='ltr'>pecu-</span> 
     </span>
     <span class='ocr_line' id='line_1_17' title="bbox 375 1817 1383 1888; baseline 0 -22"><span class='ocrx_word' id='word_1_86' title='bbox 375 1817 551 1882; x_wconf 80' lang='lat' dir='ltr'>niam,</span> <span class='ocrx_word' id='word_1_87' title='bbox 581 1829 700 1881; x_wconf 86' lang='lat' dir='ltr'>aut,</span> <span class='ocrx_word' id='word_1_88' title='bbox 731 1828 933 1868; x_wconf 80' lang='lat' dir='ltr'>tantum</span> <span class='ocrx_word' id='word_1_89' title='bbox 961 1827 1216 1888; x_wconf 81' lang='lat' dir='ltr'>quantum</span> <span class='ocrx_word' id='word_1_90' title='bbox 1240 1835 1383 1888; x_wconf 82' lang='lat' dir='ltr'>pau·-</span> 
     </span>
     <span class='ocr_line' id='line_1_18' title="bbox 372 1896 1382 1968; baseline 0.001 -19"><span class='ocrx_word' id='word_1_91' title='bbox 372 1914 473 1968; x_wconf 79' lang='lat' dir='ltr'>per</span> <span class='ocrx_word' id='word_1_92' title='bbox 511 1896 647 1948; x_wconf 75' lang='lat' dir='ltr'>mihi</span> <span class='ocrx_word' id='word_1_93' title='bbox 690 1896 994 1968; x_wconf 78' lang='lat' dir='ltr'>reliquerit,</span> <span class='ocrx_word' id='word_1_94' title='bbox 1039 1897 1180 1950; x_wconf 75' lang='lat' dir='ltr'>lieres</span> <span class='ocrx_word' id='word_1_95' title='bbox 1222 1897 1344 1950; x_wconf 80' lang='lat' dir='ltr'>dato</span> <span class='ocrx_word' id='word_1_96' title='bbox 1363 1938 1382 1966; x_wconf 92' lang='lat'><em>‚</em></span> 
     </span>
     <span class='ocr_line' id='line_1_19' title="bbox 377 1975 1385 2049; baseline 0.002 -21"><span class='ocrx_word' id='word_1_97' title='bbox 377 1979 501 2048; x_wconf 86' lang='lat' dir='ltr'>quia</span> <span class='ocrx_word' id='word_1_98' title='bbox 549 1978 664 2047; x_wconf 89' lang='lat' dir='ltr'>ipsa</span> <span class='ocrx_word' id='word_1_99' title='bbox 715 1975 874 2029; x_wconf 84' lang='lat' dir='ltr'>verba</span> <span class='ocrx_word' id='word_1_100' title='bbox 927 1979 1009 2029; x_wconf 88' lang='lat' dir='ltr'>sui</span> <span class='ocrx_word' id='word_1_101' title='bbox 1056 1979 1385 2049; x_wconf 78' lang='lat' dir='ltr'>proprietate</span> 
     </span>
     <span class='ocr_line' id='line_1_20' title="bbox 376 2057 1383 2130; baseline 0.001 -21"><span class='ocrx_word' id='word_1_102' title='bbox 376 2057 572 2130; x_wconf 89' lang='lat' dir='ltr'>(quam</span> <span class='ocrx_word' id='word_1_103' title='bbox 589 2058 703 2124; x_wconf 89' lang='lat' dir='ltr'>hic,</span> <span class='ocrx_word' id='word_1_104' title='bbox 725 2071 785 2110; x_wconf 88' lang='lat' dir='ltr'>ut</span> <span class='ocrx_word' id='word_1_105' title='bbox 804 2071 1003 2126; x_wconf 86' lang='lat' dir='ltr'>orator,</span> <span class='ocrx_word' id='word_1_106' title='bbox 1023 2059 1383 2125; x_wconf 79' lang='lat' dir='ltr'>Quintilianus</span> 
     </span>
     <span class='ocr_line' id='line_1_21' title="bbox 375 2139 1385 2212; baseline 0.001 -21"><span class='ocrx_word' id='word_1_107' title='bbox 375 2154 635 2212; x_wconf 87' lang='lat' dir='ltr'>perpetuo</span> <span class='ocrx_word' id='word_1_108' title='bbox 669 2158 779 2191; x_wconf 88' lang='lat' dir='ltr'>non</span> <span class='ocrx_word' id='word_1_109' title='bbox 812 2139 1086 2211; x_wconf 87' lang='lat' dir='ltr'>sequitur)</span> <span class='ocrx_word' id='word_1_110' title='bbox 1120 2142 1385 2211; x_wconf 79' lang='lat' dir='ltr'>quantita-</span> 
     </span>
     <span class='ocr_line' id='line_1_22' title="bbox 378 2217 1388 2289; baseline 0 -20"><span class='ocrx_word' id='word_1_111' title='bbox 378 2232 483 2269; x_wconf 86' lang='lat' dir='ltr'>tem</span> <span class='ocrx_word' id='word_1_112' title='bbox 499 2217 895 2284; x_wconf 88' lang='lat' dir='ltr'>demonstrant,</span> <span class='ocrx_word' id='word_1_113' title='bbox 911 2237 1019 2269; x_wconf 88' lang='lat' dir='ltr'>non</span> <span class='ocrx_word' id='word_1_114' title='bbox 1036 2231 1252 2289; x_wconf 85' lang='lat' dir='ltr'>quotam</span> <span class='ocrx_word' id='word_1_115' title='bbox 1268 2237 1388 2288; x_wconf 91' lang='lat' dir='ltr'>por-</span> 
     </span>
     <span class='ocr_line' id='line_1_23' title="bbox 378 2294 1387 2366; baseline -0.001 -19"><span class='ocrx_word' id='word_1_116' title='bbox 378 2298 595 2348; x_wconf 87' lang='lat' dir='ltr'>tionem.</span> <span class='ocrx_word' id='word_1_117' title='bbox 619 2296 654 2347; x_wconf 88' lang='lat' dir='ltr'>l.</span> <span class='ocrx_word' id='word_1_118' title='bbox 680 2296 874 2347; x_wconf 79' lang='lat' dir='ltr'>Paulus</span> <span class='ocrx_word' id='word_1_119' title='bbox 897 2294 1197 2366; x_wconf 81' lang='lat' dir='ltr'>respondit:</span> <span class='ocrx_word' id='word_1_120' title='bbox 1237 2295 1293 2347; x_wconf 85' lang='lat' dir='ltr'>ff.</span> <span class='ocrx_word' id='word_1_121' title='bbox 1318 2294 1387 2347; x_wconf 87' lang='lat' dir='ltr'>ad</span> 
     </span>
     <span class='ocr_line' id='line_1_24' title="bbox 374 2375 1388 2430; baseline -0.003 0"><span class='ocrx_word' id='word_1_122' title='bbox 374 2376 604 2430; x_wconf 85' lang='lat' dir='ltr'>Trebell.</span> <span class='ocrx_word' id='word_1_123' title='bbox 635 2395 827 2429; x_wconf 86' lang='lat' dir='ltr'>census</span> <span class='ocrx_word' id='word_1_124' title='bbox 856 2375 1102 2428; x_wconf 85' lang='lat' dir='ltr'>habenda</span> <span class='ocrx_word' id='word_1_125' title='bbox 1132 2390 1269 2428; x_wconf 90' lang='lat' dir='ltr'>esset</span> <span class='ocrx_word' id='word_1_126' title='bbox 1303 2393 1388 2427; x_wconf 86' lang='lat' dir='ltr'>ra-</span> 
     </span>
     <span class='ocr_line' id='line_1_25' title="bbox 378 2453 1385 2527; baseline -0.001 -20"><span class='ocrx_word' id='word_1_127' title='bbox 378 2457 485 2522; x_wconf 90' lang='lat' dir='ltr'>tio,</span> <span class='ocrx_word' id='word_1_128' title='bbox 518 2473 620 2508; x_wconf 89' lang='lat' dir='ltr'>nec</span> <span class='ocrx_word' id='word_1_129' title='bbox 656 2456 821 2527; x_wconf 86' lang='lat' dir='ltr'>ipsius</span> <span class='ocrx_word' id='word_1_130' title='bbox 855 2454 1194 2520; x_wconf 85' lang='lat' dir='ltr'>hereditatis,</span> <span class='ocrx_word' id='word_1_131' title='bbox 1237 2453 1385 2527; x_wconf 89' lang='lat' dir='ltr'>quod</span> 
     </span>
     <span class='ocr_line' id='line_1_26' title="bbox 369 2535 1384 2608; baseline -0.003 -18"><span class='ocrx_word' id='word_1_132' title='bbox 369 2540 458 2608; x_wconf 82' lang='lat' dir='ltr'>jus</span> <span class='ocrx_word' id='word_1_133' title='bbox 475 2550 582 2602; x_wconf 86' lang='lat' dir='ltr'>est,</span> <span class='ocrx_word' id='word_1_134' title='bbox 599 2535 694 2588; x_wconf 89' lang='lat' dir='ltr'>sed</span> <span class='ocrx_word' id='word_1_135' title='bbox 713 2538 826 2606; x_wconf 86' lang='lat' dir='ltr'>ejus</span> <span class='ocrx_word' id='word_1_136' title='bbox 848 2536 992 2607; x_wconf 86' lang='lat' dir='ltr'>qnod</span> <span class='ocrx_word' id='word_1_137' title='bbox 1015 2538 1070 2587; x_wconf 91' lang='lat' dir='ltr'>in</span> <span class='ocrx_word' id='word_1_138' title='bbox 1088 2536 1384 2588; x_wconf 84' lang='lat' dir='ltr'>hereditate</span> 
     </span>
     <span class='ocr_line' id='line_1_27' title="bbox 374 2615 1385 2686; baseline -0.001 -16"><span class='ocrx_word' id='word_1_139' title='bbox 374 2630 537 2670; x_wconf 80' lang='lat' dir='ltr'>esset:</span> <span class='ocrx_word' id='word_1_140' title='bbox 564 2615 600 2668; x_wconf 90' lang='lat' dir='ltr'>l.</span> <span class='ocrx_word' id='word_1_141' title='bbox 629 2617 722 2686; x_wconf 84' lang='lat' dir='ltr'>qui</span> <span class='ocrx_word' id='word_1_142' title='bbox 745 2615 1127 2682; x_wconf 86' lang='lat' dir='ltr'>concubinam,</span> <span class='ocrx_word' id='word_1_143' title='bbox 1148 2618 1195 2683; x_wconf 70' lang='grc'>3.</span> <span class='ocrx_word' id='word_1_144' title='bbox 1221 2634 1385 2686; x_wconf 87' lang='lat' dir='ltr'>quum</span> 
     </span>
     <span class='ocr_line' id='line_1_28' title="bbox 374 2695 1380 2769; baseline 0 -20"><span class='ocrx_word' id='word_1_145' title='bbox 374 2699 448 2750; x_wconf 81' lang='lat' dir='ltr'>ita</span> <span class='ocrx_word' id='word_1_146' title='bbox 481 2696 742 2769; x_wconf 76' lang='lat' dir='ltr'>legatum:</span> <span class='ocrx_word' id='word_1_147' title='bbox 779 2697 842 2749; x_wconf 82' lang='lat' dir='ltr'>ff.</span> <span class='ocrx_word' id='word_1_148' title='bbox 880 2695 946 2749; x_wconf 89' lang='lat' dir='ltr'>de</span> <span class='ocrx_word' id='word_1_149' title='bbox 977 2696 1136 2767; x_wconf 74' lang='lat' dir='ltr'>legat.</span> <span class='ocrx_word' id='word_1_150' title='bbox 1171 2696 1263 2748; x_wconf 90' lang='lat' dir='ltr'>lib.</span> <span class='ocrx_word' id='word_1_151' title='bbox 1293 2699 1380 2750; x_wconf 86' lang='lat'>111.</span> 
     </span>
     <span class='ocr_line' id='line_1_29' title="bbox 375 2772 1383 2848; baseline -0.001 -20"><span class='ocrx_word' id='word_1_152' title='bbox 375 2777 445 2828; x_wconf 82' lang='lat' dir='ltr'>At</span> <span class='ocrx_word' id='word_1_153' title='bbox 465 2775 575 2827; x_wconf 77' lang='lat' dir='ltr'>haec</span> <span class='ocrx_word' id='word_1_154' title='bbox 596 2774 785 2840; x_wconf 82' lang='lat' dir='ltr'>verba,</span> <span class='ocrx_word' id='word_1_155' title='bbox 810 2774 867 2826; x_wconf 80' lang='lat' dir='ltr'>id</span> <span class='ocrx_word' id='word_1_156' title='bbox 889 2774 1057 2848; x_wconf 83' lang='lat' dir='ltr'>quod,</span> <span class='ocrx_word' id='word_1_157' title='bbox 1086 2772 1167 2825; x_wconf 76' lang='lat' dir='ltr'>vel</span> <span class='ocrx_word' id='word_1_158' title='bbox 1192 2793 1383 2827; x_wconf 85' lang='lat' dir='ltr'>secun-</span> 
     </span>
    </p>
   </div>
   <div class='ocr_carea' id='block_1_5' title="bbox 1457 783 2477 2852">
    <p class='ocr_par' dir='ltr' id='par_1_5' title="bbox 1457 783 2477 2852">
     <span class='ocr_line' id='line_1_30' title="bbox 1461 783 2464 864; baseline 0.015 -31"><span class='ocrx_word' id='word_1_159' title='bbox 1461 801 1575 854; x_wconf 84' lang='lat' dir='ltr'>quae</span> <span class='ocrx_word' id='word_1_160' title='bbox 1595 783 1753 855; x_wconf 77' lang='lat' dir='ltr'>longe</span> <span class='ocrx_word' id='word_1_161' title='bbox 1772 785 1983 836; x_wconf 85' lang='lat' dir='ltr'>minora</span> <span class='ocrx_word' id='word_1_162' title='bbox 2004 800 2125 839; x_wconf 87' lang='lat' dir='ltr'>sunt</span> <span class='ocrx_word' id='word_1_163' title='bbox 2148 787 2263 842; x_wconf 77' lang='lat' dir='ltr'>filiae</span> <span class='ocrx_word' id='word_1_164' title='bbox 2280 791 2464 864; x_wconf 79' lang='lat' dir='ltr'>bonis,</span> 
     </span>
     <span class='ocr_line' id='line_1_31' title="bbox 1459 866 2468 935; baseline 0.015 -21"><span class='ocrx_word' id='word_1_165' title='bbox 1459 881 1528 915; x_wconf 88' lang='lat' dir='ltr'>an</span> <span class='ocrx_word' id='word_1_166' title='bbox 1553 883 1688 916; x_wconf 81' lang='lat' dir='ltr'>uxor</span> <span class='ocrx_word' id='word_1_167' title='bbox 1709 867 1867 935; x_wconf 73' lang='lat' dir='ltr'>igitur</span> <span class='ocrx_word' id='word_1_168' title='bbox 1890 884 1949 917; x_wconf 82' lang='lat' dir='ltr'>ex</span> <span class='ocrx_word' id='word_1_169' title='bbox 1971 866 2128 921; x_wconf 88' lang='lat' dir='ltr'>bonis</span> <span class='ocrx_word' id='word_1_170' title='bbox 2151 868 2267 924; x_wconf 77' lang='lat' dir='ltr'>filiae</span> <span class='ocrx_word' id='word_1_171' title='bbox 2283 872 2468 929; x_wconf 86' lang='lat' dir='ltr'>hacte-</span> 
     </span>
     <span class='ocr_line' id='line_1_32' title="bbox 1461 945 2467 1014; baseline 0.013 -21"><span class='ocrx_word' id='word_1_172' title='bbox 1461 962 1559 994; x_wconf 87' lang='lat' dir='ltr'>nus</span> <span class='ocrx_word' id='word_1_173' title='bbox 1579 945 1782 1014; x_wconf 83' lang='lat' dir='ltr'>capiet,</span> <span class='ocrx_word' id='word_1_174' title='bbox 1804 956 2063 1013; x_wconf 87' lang='lat' dir='ltr'>quatenus</span> <span class='ocrx_word' id='word_1_175' title='bbox 2083 950 2292 1002; x_wconf 84' lang='lat' dir='ltr'>confert</span> <span class='ocrx_word' id='word_1_176' title='bbox 2313 955 2467 1009; x_wconf 69' lang='lat' dir='ltr'>vicis-</span> 
     </span>
     <span class='ocr_line' id='line_1_33' title="bbox 1461 1024 2467 1096; baseline 0.014 -22"><span class='ocrx_word' id='word_1_177' title='bbox 1461 1024 1557 1074; x_wconf 86' lang='lat' dir='ltr'>sim</span> <span class='ocrx_word' id='word_1_178' title='bbox 1578 1043 1640 1074; x_wconf 84' lang='lat' dir='ltr'>ex</span> <span class='ocrx_word' id='word_1_179' title='bbox 1661 1026 1802 1075; x_wconf 80' lang='lat' dir='ltr'>suis?</span> <span class='ocrx_word' id='word_1_180' title='bbox 1819 1026 2121 1096; x_wconf 85' lang='lat' dir='ltr'>Respondet</span> <span class='ocrx_word' id='word_1_181' title='bbox 2144 1029 2371 1085; x_wconf 74' lang='lat' dir='ltr'>Scaevola</span> <span class='ocrx_word' id='word_1_182' title='bbox 2387 1035 2467 1088; x_wconf 88' lang='lat' dir='ltr'>di-</span> 
     </span>
     <span class='ocr_line' id='line_1_34' title="bbox 1459 1101 2470 1177; baseline 0.015 -26"><span class='ocrx_word' id='word_1_183' title='bbox 1459 1101 1674 1153; x_wconf 83' lang='lat' dir='ltr'>midiam</span> <span class='ocrx_word' id='word_1_184' title='bbox 1700 1104 1917 1154; x_wconf 88' lang='lat' dir='ltr'>omnino</span> <span class='ocrx_word' id='word_1_185' title='bbox 1941 1120 2330 1177; x_wconf 82' lang='lat' dir='ltr'>percepturam.</span> <span class='ocrx_word' id='word_1_186' title='bbox 2350 1114 2470 1167; x_wconf 83' lang='lat' dir='ltr'>Jam</span> 
     </span>
     <span class='ocr_line' id='line_1_35' title="bbox 1457 1181 2469 1260; baseline 0.016 -31"><span class='ocrx_word' id='word_1_187' title='bbox 1457 1198 1588 1230; x_wconf 81' lang='lat' dir='ltr'>vero</span> <span class='ocrx_word' id='word_1_188' title='bbox 1604 1182 1647 1230; x_wconf 90' lang='lat' dir='ltr'>si</span> <span class='ocrx_word' id='word_1_189' title='bbox 1662 1198 1866 1251; x_wconf 85' lang='lat' dir='ltr'>pauper</span> <span class='ocrx_word' id='word_1_190' title='bbox 1881 1181 2092 1236; x_wconf 88' lang='lat' dir='ltr'>divitem</span> <span class='ocrx_word' id='word_1_191' title='bbox 2109 1203 2218 1238; x_wconf 89' lang='lat' dir='ltr'>non</span> <span class='ocrx_word' id='word_1_192' title='bbox 2242 1206 2305 1239; x_wconf 80' lang='lat' dir='ltr'>ex</span> <span class='ocrx_word' id='word_1_193' title='bbox 2325 1209 2469 1260; x_wconf 85' lang='lat' dir='ltr'>asse,</span> 
     </span>
     <span class='ocr_line' id='line_1_36' title="bbox 1462 1258 2472 1338; baseline 0.016 -28"><span class='ocrx_word' id='word_1_194' title='bbox 1462 1258 1556 1310; x_wconf 90' lang='lat' dir='ltr'>sed</span> <span class='ocrx_word' id='word_1_195' title='bbox 1581 1278 1645 1309; x_wconf 81' lang='lat' dir='ltr'>ex</span> <span class='ocrx_word' id='word_1_196' title='bbox 1668 1263 1879 1313; x_wconf 86' lang='lat' dir='ltr'>semisse</span> <span class='ocrx_word' id='word_1_197' title='bbox 1902 1278 1990 1320; x_wconf 80' lang='lat' dir='ltr'>aut</span> <span class='ocrx_word' id='word_1_198' title='bbox 2018 1264 2118 1317; x_wconf 86' lang='lat' dir='ltr'>alia</span> <span class='ocrx_word' id='word_1_199' title='bbox 2143 1283 2296 1338; x_wconf 89' lang='lat' dir='ltr'>parte</span> <span class='ocrx_word' id='word_1_200' title='bbox 2320 1272 2472 1325; x_wconf 87' lang='lat' dir='ltr'>insti-</span> 
     </span>
     <span class='ocr_line' id='line_1_37' title="bbox 1461 1339 2470 1421; baseline 0.017 -35"><span class='ocrx_word' id='word_1_201' title='bbox 1461 1339 1676 1388; x_wconf 86' lang='lat' dir='ltr'>tuisset:</span> <span class='ocrx_word' id='word_1_202' title='bbox 1703 1355 1858 1389; x_wconf 84' lang='lat' dir='ltr'>nemo</span> <span class='ocrx_word' id='word_1_203' title='bbox 1880 1340 2091 1409; x_wconf 79' lang='lat' dir='ltr'>dixerit,</span> <span class='ocrx_word' id='word_1_204' title='bbox 2115 1348 2323 1416; x_wconf 88' lang='lat' dir='ltr'>opinor,</span> <span class='ocrx_word' id='word_1_205' title='bbox 2346 1352 2470 1421; x_wconf 86' lang='lat' dir='ltr'>quia</span> 
     </span>
     <span class='ocr_line' id='line_1_38' title="bbox 1460 1420 2470 1501; baseline 0.019 -34"><span class='ocrx_word' id='word_1_206' title='bbox 1460 1420 1635 1469; x_wconf 87' lang='lat' dir='ltr'>minus</span> <span class='ocrx_word' id='word_1_207' title='bbox 1648 1421 1788 1470; x_wconf 86' lang='lat' dir='ltr'>estin</span> <span class='ocrx_word' id='word_1_208' title='bbox 1807 1423 2017 1474; x_wconf 87' lang='lat' dir='ltr'>semisse</span> <span class='ocrx_word' id='word_1_209' title='bbox 2028 1429 2298 1496; x_wconf 83' lang='lat' dir='ltr'>pauperis,</span> <span class='ocrx_word' id='word_1_210' title='bbox 2310 1449 2470 1501; x_wconf 82' lang='lat' dir='ltr'>quam</span> 
     </span>
     <span class='ocr_line' id='line_1_39' title="bbox 1459 1494 2469 1571; baseline 0.018 -26"><span class='ocrx_word' id='word_1_211' title='bbox 1459 1497 1514 1546; x_wconf 91' lang='lat' dir='ltr'>in</span> <span class='ocrx_word' id='word_1_212' title='bbox 1541 1494 1727 1547; x_wconf 87' lang='lat' dir='ltr'>eadem</span> <span class='ocrx_word' id='word_1_213' title='bbox 1752 1496 1926 1551; x_wconf 88' lang='lat' dir='ltr'>divitis</span> <span class='ocrx_word' id='word_1_214' title='bbox 1954 1515 2137 1571; x_wconf 85' lang='lat' dir='ltr'>parte,</span> <span class='ocrx_word' id='word_1_215' title='bbox 2165 1509 2469 1564; x_wconf 70' lang='lat' dir='ltr'>aestimatio-</span> 
     </span>
     <span class='ocr_line' id='line_1_40' title="bbox 1461 1573 2474 1652; baseline 0.019 -29"><span class='ocrx_word' id='word_1_216' title='bbox 1461 1573 1620 1625; x_wconf 86' lang='lat' dir='ltr'>nibus</span> <span class='ocrx_word' id='word_1_217' title='bbox 1636 1593 1919 1647; x_wconf 87' lang='lat' dir='ltr'>corporum</span> <span class='ocrx_word' id='word_1_218' title='bbox 1932 1617 1948 1644; x_wconf 95' lang='lat'>,</span> <span class='ocrx_word' id='word_1_219' title='bbox 1963 1597 2076 1650; x_wconf 70' lang='lat' dir='ltr'>quae</span> <span class='ocrx_word' id='word_1_220' title='bbox 2090 1583 2332 1652; x_wconf 86' lang='lat' dir='ltr'>partibus</span> <span class='ocrx_word' id='word_1_221' title='bbox 2347 1607 2474 1642; x_wconf 87' lang='lat' dir='ltr'>con·</span> 
     </span>
     <span class='ocr_line' id='line_1_41' title="bbox 1463 1653 2469 1722; baseline 0.019 -19"><span class='ocrx_word' id='word_1_222' title='bbox 1463 1653 1714 1722; x_wconf 88' lang='lat' dir='ltr'>tinentur,</span> <span class='ocrx_word' id='word_1_223' title='bbox 1728 1674 1837 1707; x_wconf 88' lang='lat' dir='ltr'>rem</span> <span class='ocrx_word' id='word_1_224' title='bbox 1853 1658 1925 1709; x_wconf 83' lang='lat' dir='ltr'>ita</span> <span class='ocrx_word' id='word_1_225' title='bbox 1944 1659 2317 1717; x_wconf 79' lang='lat' dir='ltr'>moderandam</span> <span class='ocrx_word' id='word_1_226' title='bbox 2336 1686 2469 1722; x_wconf 85' lang='lat' dir='ltr'>esse:</span> 
     </span>
     <span class='ocr_line' id='line_1_42' title="bbox 1464 1732 2472 1806; baseline 0.019 -22"><span class='ocrx_word' id='word_1_227' title='bbox 1464 1748 1522 1786; x_wconf 89' lang='lat' dir='ltr'>ut</span> <span class='ocrx_word' id='word_1_228' title='bbox 1544 1753 1753 1806; x_wconf 88' lang='lat' dir='ltr'>pauper</span> <span class='ocrx_word' id='word_1_229' title='bbox 1776 1756 1804 1787; x_wconf 91' lang='lat' dir='ltr'>e</span> <span class='ocrx_word' id='word_1_230' title='bbox 1827 1751 2140 1794; x_wconf 84' lang='lat' dir='ltr'>testamento</span> <span class='ocrx_word' id='word_1_231' title='bbox 2166 1742 2336 1801; x_wconf 84' lang='lat' dir='ltr'>divitis</span> <span class='ocrx_word' id='word_1_232' title='bbox 2357 1732 2472 1803; x_wconf 77' lang='lat' dir='ltr'>uon&#39;</span> 
     </span>
     <span class='ocr_line' id='line_1_43' title="bbox 1463 1818 2472 1895; baseline 0.015 -27"><span class='ocrx_word' id='word_1_233' title='bbox 1463 1819 1733 1869; x_wconf 78' lang='lat' dir='ltr'>semissem</span> <span class='ocrx_word' id='word_1_234' title='bbox 1755 1818 1979 1886; x_wconf 85' lang='lat' dir='ltr'>habeat,</span> <span class='ocrx_word' id='word_1_235' title='bbox 2013 1823 2109 1874; x_wconf 86' lang='lat' dir='ltr'>sed</span> <span class='ocrx_word' id='word_1_236' title='bbox 2132 1830 2318 1895; x_wconf 86' lang='lat' dir='ltr'>quanti</span> <span class='ocrx_word' id='word_1_237' title='bbox 2345 1847 2472 1884; x_wconf 87' lang='lat' dir='ltr'>suus</span> 
     </span>
     <span class='ocr_line' id='line_1_44' title="bbox 1465 1898 2476 1976; baseline 0.016 -29"><span class='ocrx_word' id='word_1_238' title='bbox 1465 1907 1605 1948; x_wconf 84' lang='lat' dir='ltr'>esset</span> <span class='ocrx_word' id='word_1_239' title='bbox 1621 1898 1793 1950; x_wconf 84' lang='lat' dir='ltr'>semis.</span> <span class='ocrx_word' id='word_1_240' title='bbox 1817 1900 1979 1970; x_wconf 74' lang='lat' dir='ltr'>Igitur</span> <span class='ocrx_word' id='word_1_241' title='bbox 2000 1919 2115 1972; x_wconf 82' lang='lat' dir='ltr'>quae</span> <span class='ocrx_word' id='word_1_242' title='bbox 2139 1902 2207 1955; x_wconf 90' lang='lat' dir='ltr'>de</span> <span class='ocrx_word' id='word_1_243' title='bbox 2230 1921 2381 1976; x_wconf 84' lang='lat' dir='ltr'>parte</span> <span class='ocrx_word' id='word_1_244' title='bbox 2404 1908 2476 1962; x_wconf 86' lang='lat' dir='ltr'>ad</span> 
     </span>
     <span class='ocr_line' id='line_1_45' title="bbox 1463 1975 2476 2046; baseline 0.018 -23"><span class='ocrx_word' id='word_1_245' title='bbox 1463 1988 1701 2046; x_wconf 86' lang='lat' dir='ltr'>partem,</span> <span class='ocrx_word' id='word_1_246' title='bbox 1732 1975 1798 2028; x_wconf 90' lang='lat' dir='ltr'>de</span> <span class='ocrx_word' id='word_1_247' title='bbox 1831 1991 1946 2030; x_wconf 86' lang='lat' dir='ltr'>toto</span> <span class='ocrx_word' id='word_1_248' title='bbox 1981 1978 2050 2031; x_wconf 82' lang='lat' dir='ltr'>ad</span> <span class='ocrx_word' id='word_1_249' title='bbox 2082 1994 2254 2035; x_wconf 87' lang='lat' dir='ltr'>totum</span> <span class='ocrx_word' id='word_1_250' title='bbox 2285 2004 2392 2038; x_wconf 88' lang='lat' dir='ltr'>una</span> <span class='ocrx_word' id='word_1_251' title='bbox 2420 2001 2476 2041; x_wconf 90' lang='lat' dir='ltr'>et</span> 
     </span>
     <span class='ocr_line' id='line_1_46' title="bbox 1466 2054 2475 2135; baseline 0.016 -30"><span class='ocrx_word' id='word_1_252' title='bbox 1466 2054 1652 2108; x_wconf 87' lang='lat' dir='ltr'>eadem</span> <span class='ocrx_word' id='word_1_253' title='bbox 1667 2060 1799 2109; x_wconf 89' lang='lat' dir='ltr'>ratio</span> <span class='ocrx_word' id='word_1_254' title='bbox 1818 2073 1911 2111; x_wconf 87' lang='lat' dir='ltr'>est.</span> <span class='ocrx_word' id='word_1_255' title='bbox 1931 2061 2043 2114; x_wconf 81' lang='lat' dir='ltr'>Nec</span> <span class='ocrx_word' id='word_1_256' title='bbox 2060 2065 2198 2114; x_wconf 87' lang='lat' dir='ltr'>enim</span> <span class='ocrx_word' id='word_1_257' title='bbox 2217 2068 2332 2135; x_wconf 87' lang='lat' dir='ltr'>quis</span> <span class='ocrx_word' id='word_1_258' title='bbox 2347 2066 2475 2122; x_wconf 87' lang='lat' dir='ltr'>huic</span> 
     </span>
     <span class='ocr_line' id='line_1_47' title="bbox 1465 2135 2477 2219; baseline 0.017 -33"><span class='ocrx_word' id='word_1_259' title='bbox 1465 2135 1584 2188; x_wconf 90' lang='lat' dir='ltr'>loco</span> <span class='ocrx_word' id='word_1_260' title='bbox 1619 2137 1893 2210; x_wconf 81' lang='lat' dir='ltr'>adaptabit</span> <span class='ocrx_word' id='word_1_261' title='bbox 1908 2178 1924 2205; x_wconf 94' lang='lat'>,</span> <span class='ocrx_word' id='word_1_262' title='bbox 1959 2141 2102 2211; x_wconf 89' lang='lat' dir='ltr'>quod</span> <span class='ocrx_word' id='word_1_263' title='bbox 2142 2143 2313 2215; x_wconf 79' lang='lat' dir='ltr'>longis</span> <span class='ocrx_word' id='word_1_264' title='bbox 2349 2163 2477 2219; x_wconf 85' lang='lat' dir='ltr'>post</span> 
     </span>
     <span class='ocr_line' id='line_1_48' title="bbox 1467 2216 2476 2285; baseline 0.016 -20"><span class='ocrx_word' id='word_1_265' title='bbox 1467 2216 1797 2285; x_wconf 87' lang='lat' dir='ltr'>temporibus</span> <span class='ocrx_word' id='word_1_266' title='bbox 1827 2236 1856 2268; x_wconf 85' lang='lat' dir='ltr'>a</span> <span class='ocrx_word' id='word_1_267' title='bbox 1882 2220 2187 2273; x_wconf 86' lang='lat' dir='ltr'>Justiniano</span> <span class='ocrx_word' id='word_1_268' title='bbox 2217 2224 2319 2277; x_wconf 78' lang='lat' dir='ltr'>alia</span> <span class='ocrx_word' id='word_1_269' title='bbox 2348 2226 2476 2282; x_wconf 86' lang='lat' dir='ltr'>alibi</span> 
     </span>
     <span class='ocr_line' id='line_1_49' title="bbox 1465 2295 2475 2360; baseline 0.018 -18"><span class='ocrx_word' id='word_1_270' title='bbox 1465 2295 1671 2344; x_wconf 89' lang='lat' dir='ltr'>ratione</span> <span class='ocrx_word' id='word_1_271' title='bbox 1696 2295 2056 2352; x_wconf 83' lang='lat' dir='ltr'>introductum</span> <span class='ocrx_word' id='word_1_272' title='bbox 2082 2314 2161 2352; x_wconf 86' lang='lat' dir='ltr'>est</span> <span class='ocrx_word' id='word_1_273' title='bbox 2184 2303 2238 2352; x_wconf 89' lang='lat' dir='ltr'>in</span> <span class='ocrx_word' id='word_1_274' title='bbox 2267 2302 2392 2358; x_wconf 85' lang='lat' dir='ltr'>dote</span> <span class='ocrx_word' id='word_1_275' title='bbox 2421 2320 2475 2360; x_wconf 85' lang='lat' dir='ltr'>et</span> 
     </span>
     <span class='ocr_line' id='line_1_50' title="bbox 1465 2370 2469 2448; baseline 0.017 -27"><span class='ocrx_word' id='word_1_276' title='bbox 1465 2370 1754 2424; x_wconf 83' lang='lat' dir='ltr'>donatione</span> <span class='ocrx_word' id='word_1_277' title='bbox 1785 2387 2008 2445; x_wconf 89' lang='lat' dir='ltr'>propter</span> <span class='ocrx_word' id='word_1_278' title='bbox 2039 2381 2276 2448; x_wconf 83' lang='lat' dir='ltr'>nuptias,</span> <span class='ocrx_word' id='word_1_279' title='bbox 2300 2398 2469 2438; x_wconf 87' lang='lat' dir='ltr'>const.</span> 
     </span>
     <span class='ocr_line' id='line_1_51' title="bbox 1465 2451 2477 2532; baseline 0.016 -31"><span class='ocrx_word' id='word_1_280' title='bbox 1465 2467 1562 2519; x_wconf 79' lang='lat'>92,</span> <span class='ocrx_word' id='word_1_281' title='bbox 1594 2451 1663 2502; x_wconf 91' lang='lat' dir='ltr'>de</span> <span class='ocrx_word' id='word_1_282' title='bbox 1690 2452 1986 2523; x_wconf 80' lang='lat' dir='ltr'>oequalitate</span> <span class='ocrx_word' id='word_1_283' title='bbox 2010 2455 2167 2508; x_wconf 87' lang='lat' dir='ltr'>dotis.</span> <span class='ocrx_word' id='word_1_284' title='bbox 2189 2461 2301 2512; x_wconf 88' lang='lat' dir='ltr'>Nec</span> <span class='ocrx_word' id='word_1_285' title='bbox 2328 2464 2477 2532; x_wconf 86' lang='lat' dir='ltr'>quod</span> 
     </span>
     <span class='ocr_line' id='line_1_52' title="bbox 1464 2531 2474 2606; baseline 0.017 -25"><span class='ocrx_word' id='word_1_286' title='bbox 1464 2531 1658 2584; x_wconf 89' lang='lat' dir='ltr'>dicitur</span> <span class='ocrx_word' id='word_1_287' title='bbox 1679 2534 1735 2584; x_wconf 89' lang='lat' dir='ltr'>in</span> <span class='ocrx_word' id='word_1_288' title='bbox 1754 2534 1788 2585; x_wconf 90' lang='lat' dir='ltr'>l.</span> <span class='ocrx_word' id='word_1_289' title='bbox 1810 2537 2117 2606; x_wconf 86' lang='lat' dir='ltr'>imperator,</span> <span class='ocrx_word' id='word_1_290' title='bbox 2136 2540 2185 2605; x_wconf 78' lang='lat' dir='ltr'>S.</span> <span class='ocrx_word' id='word_1_291' title='bbox 2207 2539 2301 2594; x_wconf 88' lang='lat' dir='ltr'>ult.</span> <span class='ocrx_word' id='word_1_292' title='bbox 2323 2545 2384 2594; x_wconf 83' lang='lat' dir='ltr'>ff.</span> <span class='ocrx_word' id='word_1_293' title='bbox 2405 2544 2474 2598; x_wconf 91' lang='lat' dir='ltr'>de</span> 
     </span>
     <span class='ocr_line' id='line_1_53' title="bbox 1464 2609 2471 2690; baseline 0.016 -30"><span class='ocrx_word' id='word_1_294' title='bbox 1464 2609 1564 2680; x_wconf 83' lang='lat' dir='ltr'>leg.</span> <span class='ocrx_word' id='word_1_295' title='bbox 1592 2610 1684 2661; x_wconf 89' lang='lat' dir='ltr'>lib.</span> <span class='ocrx_word' id='word_1_296' title='bbox 1710 2614 1775 2664; x_wconf 91' lang='lat'>11.</span> <span class='ocrx_word' id='word_1_297' title='bbox 1802 2613 1867 2665; x_wconf 86' lang='lat' dir='ltr'>ld</span> <span class='ocrx_word' id='word_1_298' title='bbox 1894 2615 2035 2666; x_wconf 88' lang='lat' dir='ltr'>enim</span> <span class='ocrx_word' id='word_1_299' title='bbox 2060 2634 2123 2667; x_wconf 91' lang='lat' dir='ltr'>eo</span> <span class='ocrx_word' id='word_1_300' title='bbox 2149 2618 2239 2685; x_wconf 77' lang='lat' dir='ltr'>fit,</span> <span class='ocrx_word' id='word_1_301' title='bbox 2265 2623 2389 2690; x_wconf 85' lang='lat' dir='ltr'>quia</span> <span class='ocrx_word' id='word_1_302' title='bbox 2415 2623 2471 2675; x_wconf 87' lang='lat' dir='ltr'>in</span> 
     </span>
     <span class='ocr_line' id='line_1_54' title="bbox 1464 2701 2474 2772; baseline 0.014 -33"><span class='ocrx_word' id='word_1_303' title='bbox 1464 2707 1719 2761; x_wconf 70' lang='lat' dir='ltr'>majorem</span> <span class='ocrx_word' id='word_1_304' title='bbox 1742 2704 1946 2761; x_wconf 87' lang='lat' dir='ltr'>partem</span> <span class='ocrx_word' id='word_1_305' title='bbox 1968 2711 2126 2745; x_wconf 89' lang='lat' dir='ltr'>nemo</span> <span class='ocrx_word' id='word_1_306' title='bbox 2148 2701 2354 2767; x_wconf 77' lang='lat' dir='ltr'>gravari</span> <span class='ocrx_word' id='word_1_307' title='bbox 2374 2719 2474 2772; x_wconf 89' lang='lat' dir='ltr'>po-</span> 
     </span>
     <span class='ocr_line' id='line_1_55' title="bbox 1464 2781 2472 2852; baseline 0.013 -30"><span class='ocrx_word' id='word_1_308' title='bbox 1464 2781 1597 2837; x_wconf 83' lang='lat' dir='ltr'>test,</span> <span class='ocrx_word' id='word_1_309' title='bbox 1637 2790 1799 2843; x_wconf 84' lang='lat' dir='ltr'>qnam</span> <span class='ocrx_word' id='word_1_310' title='bbox 1834 2787 2148 2829; x_wconf 83' lang='lat' dir='ltr'>testamento</span> <span class='ocrx_word' id='word_1_311' title='bbox 2188 2784 2472 2852; x_wconf 87' lang='lat' dir='ltr'>acceperit.</span> 
     </span>
    </p>
   </div>
   <div class='ocr_carea' id='block_1_6' title="bbox 377 2847 2471 2928">
    <p class='ocr_par' dir='ltr' id='par_1_6' title="bbox 377 2847 2471 2928">
     <span class='ocr_line' id='line_1_56' title="bbox 377 2847 2471 2928; baseline 0.005 -21"><span class='ocrx_word' id='word_1_312' title='bbox 377 2855 506 2907; x_wconf 86' lang='lat' dir='ltr'>dum</span> <span class='ocrx_word' id='word_1_313' title='bbox 531 2847 700 2928; x_wconf 67' lang='lat' dir='ltr'>ipsam</span> <span class='ocrx_word' id='word_1_314' title='bbox 722 2856 1229 2927; x_wconf 83' lang='lat' dir='ltr'>jurisconsultorum</span> <span class='ocrx_word' id='word_1_315' title='bbox 1251 2856 1381 2910; x_wconf 85' lang='lat' dir='ltr'>sub-</span> <span class='ocrx_word' id='word_1_316' title='bbox 1399 2873 1419 2896; x_wconf 66' lang='grc' dir='ltr'><em>ο</em></span> <span class='ocrx_word' id='word_1_317' title='bbox 1459 2853 1570 2922; x_wconf 77' lang='lat' dir='ltr'>Age</span> <span class='ocrx_word' id='word_1_318' title='bbox 1590 2890 1609 2918; x_wconf 86' lang='lat'><strong>‚</strong></span> <span class='ocrx_word' id='word_1_319' title='bbox 1653 2854 1696 2906; x_wconf 88' lang='lat' dir='ltr'>si</span> <span class='ocrx_word' id='word_1_320' title='bbox 1737 2853 1865 2906; x_wconf 85' lang='lat' dir='ltr'>nihil</span> <span class='ocrx_word' id='word_1_321' title='bbox 1909 2871 2051 2908; x_wconf 81' lang='lat' dir='ltr'>esset</span> <span class='ocrx_word' id='word_1_322' title='bbox 2079 2860 2136 2910; x_wconf 88' lang='lat' dir='ltr'>in</span> <span class='ocrx_word' id='word_1_323' title='bbox 2178 2859 2471 2917; x_wconf 84' lang='lat' dir='ltr'>hereditate</span> 
     </span>
    </p>
   </div>
   <div class='ocr_carea' id='block_1_7' title="bbox 370 2936 1383 3650">
    <p class='ocr_par' dir='ltr' id='par_1_7' title="bbox 370 2936 1383 3650">
     <span class='ocr_line' id='line_1_57' title="bbox 379 2936 1381 3007; baseline 0.002 -19"><span class='ocrx_word' id='word_1_324' title='bbox 379 2936 655 3002; x_wconf 62' lang='lat' dir='ltr'>militatem,</span> <span class='ocrx_word' id='word_1_325' title='bbox 696 2936 826 2989; x_wconf 83' lang='lat' dir='ltr'>nihil</span> <span class='ocrx_word' id='word_1_326' title='bbox 873 2939 954 2989; x_wconf 90' lang='lat' dir='ltr'>sui</span> <span class='ocrx_word' id='word_1_327' title='bbox 1000 2937 1381 3007; x_wconf 77' lang='lat' dir='ltr'>significatione</span> 
     </span>
     <span class='ocr_line' id='line_1_58' title="bbox 379 3015 1383 3087; baseline 0 -17"><span class='ocrx_word' id='word_1_328' title='bbox 379 3017 781 3084; x_wconf 84' lang='lat' dir='ltr'>demonstrant,</span> <span class='ocrx_word' id='word_1_329' title='bbox 817 3018 917 3070; x_wconf 86' lang='lat' dir='ltr'>nisi</span> <span class='ocrx_word' id='word_1_330' title='bbox 951 3015 1097 3087; x_wconf 85' lang='lat' dir='ltr'>quod</span> <span class='ocrx_word' id='word_1_331' title='bbox 1135 3017 1201 3069; x_wconf 82' lang='lat' dir='ltr'>ad</span> <span class='ocrx_word' id='word_1_332' title='bbox 1239 3018 1383 3070; x_wconf 87' lang='lat' dir='ltr'>aliud</span> 
     </span>
     <span class='ocr_line' id='line_1_59' title="bbox 378 3097 1381 3170; baseline -0.003 -18"><span class='ocrx_word' id='word_1_333' title='bbox 378 3101 520 3153; x_wconf 77' lang='lat' dir='ltr'>facta</span> <span class='ocrx_word' id='word_1_334' title='bbox 541 3099 797 3152; x_wconf 84' lang='lat' dir='ltr'>relatione</span> <span class='ocrx_word' id='word_1_335' title='bbox 816 3100 1108 3150; x_wconf 88' lang='lat' dir='ltr'>continent.</span> <span class='ocrx_word' id='word_1_336' title='bbox 1131 3097 1191 3150; x_wconf 88' lang='lat' dir='ltr'>Id</span> <span class='ocrx_word' id='word_1_337' title='bbox 1208 3100 1381 3170; x_wconf 89' lang='lat' dir='ltr'>ipsum</span> 
     </span>
     <span class='ocr_line' id='line_1_60' title="bbox 370 3177 1379 3252; baseline -0.002 -20"><span class='ocrx_word' id='word_1_338' title='bbox 370 3183 459 3252; x_wconf 83' lang='lat' dir='ltr'>jus</span> <span class='ocrx_word' id='word_1_339' title='bbox 498 3195 610 3247; x_wconf 86' lang='lat' dir='ltr'>est,</span> <span class='ocrx_word' id='word_1_340' title='bbox 654 3200 714 3233; x_wconf 81' lang='lat' dir='ltr'>ex</span> <span class='ocrx_word' id='word_1_341' title='bbox 759 3198 869 3252; x_wconf 89' lang='lat' dir='ltr'>qno</span> <span class='ocrx_word' id='word_1_342' title='bbox 911 3192 971 3232; x_wconf 90' lang='lat' dir='ltr'>ut</span> <span class='ocrx_word' id='word_1_343' title='bbox 1013 3177 1379 3245; x_wconf 77' lang='lat' dir='ltr'>individuum,</span> 
     </span>
     <span class='ocr_line' id='line_1_61' title="bbox 379 3256 1380 3330; baseline -0.002 -19"><span class='ocrx_word' id='word_1_344' title='bbox 379 3262 641 3330; x_wconf 76' lang='lat' dir='ltr'>quantitas</span> <span class='ocrx_word' id='word_1_345' title='bbox 666 3276 932 3329; x_wconf 84' lang='lat' dir='ltr'>nusquam</span> <span class='ocrx_word' id='word_1_346' title='bbox 961 3256 1154 3308; x_wconf 84' lang='lat' dir='ltr'>deduci</span> <span class='ocrx_word' id='word_1_347' title='bbox 1176 3270 1380 3327; x_wconf 87' lang='lat' dir='ltr'>potest:</span> 
     </span>
     <span class='ocr_line' id='line_1_62' title="bbox 375 3335 1380 3410; baseline -0.003 -20"><span class='ocrx_word' id='word_1_348' title='bbox 375 3338 412 3391; x_wconf 90' lang='lat' dir='ltr'>l.</span> <span class='ocrx_word' id='word_1_349' title='bbox 446 3342 563 3409; x_wconf 76' lang='lat' dir='ltr'>cogi</span> <span class='ocrx_word' id='word_1_350' title='bbox 600 3340 815 3410; x_wconf 87' lang='lat' dir='ltr'>poterit.</span> <span class='ocrx_word' id='word_1_351' title='bbox 863 3335 1076 3408; x_wconf 88' lang='lat' dir='ltr'>§.inde</span> <span class='ocrx_word' id='word_1_352' title='bbox 1117 3338 1380 3405; x_wconf 63' lang='lat' dir='ltr'>quaeritur.</span> 
     </span>
     <span class='ocr_line' id='line_1_63' title="bbox 373 3414 1381 3483; baseline -0.005 -13"><span class='ocrx_word' id='word_1_353' title='bbox 373 3414 434 3470; x_wconf 80' lang='lat' dir='ltr'>ff.</span> <span class='ocrx_word' id='word_1_354' title='bbox 456 3417 524 3469; x_wconf 89' lang='lat' dir='ltr'>ad</span> <span class='ocrx_word' id='word_1_355' title='bbox 538 3418 632 3471; x_wconf 88' lang='lat' dir='ltr'>SC.</span> <span class='ocrx_word' id='word_1_356' title='bbox 649 3415 968 3469; x_wconf 83' lang='lat' dir='ltr'>Trebellian.</span> <span class='ocrx_word' id='word_1_357' title='bbox 983 3416 1078 3466; x_wconf 83' lang='lat' dir='ltr'>Jus</span> <span class='ocrx_word' id='word_1_358' title='bbox 1093 3431 1247 3483; x_wconf 76' lang='lat' dir='ltr'>ergo,</span> <span class='ocrx_word' id='word_1_359' title='bbox 1267 3431 1381 3466; x_wconf 89' lang='lat' dir='ltr'>non</span> 
     </span>
     <span class='ocr_line' id='line_1_64' title="bbox 374 3496 1379 3569; baseline -0.001 -19"><span class='ocrx_word' id='word_1_360' title='bbox 374 3517 499 3569; x_wconf 86' lang='lat' dir='ltr'>pars</span> <span class='ocrx_word' id='word_1_361' title='bbox 533 3498 802 3550; x_wconf 85' lang='lat' dir='ltr'>bonorum</span> <span class='ocrx_word' id='word_1_362' title='bbox 843 3496 1018 3567; x_wconf 78' lang='lat' dir='ltr'>legato</span> <span class='ocrx_word' id='word_1_363' title='bbox 1062 3498 1379 3549; x_wconf 83' lang='lat' dir='ltr'>continetur.</span> 
     </span>
     <span class='ocr_line' id='line_1_65' title="bbox 372 3576 1383 3650; baseline -0.002 -19"><span class='ocrx_word' id='word_1_364' title='bbox 372 3581 552 3650; x_wconf 85' lang='lat' dir='ltr'>Atque</span> <span class='ocrx_word' id='word_1_365' title='bbox 569 3578 628 3630; x_wconf 88' lang='lat' dir='ltr'>id</span> <span class='ocrx_word' id='word_1_366' title='bbox 647 3580 864 3631; x_wconf 84' lang='lat' dir='ltr'>omnino</span> <span class='ocrx_word' id='word_1_367' title='bbox 887 3597 1007 3630; x_wconf 89' lang='lat' dir='ltr'>meo</span> <span class='ocrx_word' id='word_1_368' title='bbox 1028 3576 1231 3648; x_wconf 85' lang='lat' dir='ltr'>judicio</span> <span class='ocrx_word' id='word_1_369' title='bbox 1256 3598 1383 3630; x_wconf 92' lang='lat' dir='ltr'>con-</span> 
     </span>
    </p>
   </div>
   <div class='ocr_carea' id='block_1_8' title="bbox 374 3658 1379 3730">
    <p class='ocr_par' dir='ltr' id='par_1_8' title="bbox 374 3658 1379 3730">
     <span class='ocr_line' id='line_1_66' title="bbox 374 3658 1379 3730; baseline 0.002 -19"><span class='ocrx_word' id='word_1_370' title='bbox 374 3660 549 3712; x_wconf 86' lang='lat' dir='ltr'>firmat</span> <span class='ocrx_word' id='word_1_371' title='bbox 589 3659 851 3713; x_wconf 81' lang='lat' dir='ltr'>Scaevola:</span> <span class='ocrx_word' id='word_1_372' title='bbox 895 3659 931 3710; x_wconf 93' lang='lat' dir='ltr'>l.</span> <span class='ocrx_word' id='word_1_373' title='bbox 975 3658 1071 3711; x_wconf 88' lang='lat' dir='ltr'>ult.</span> <span class='ocrx_word' id='word_1_374' title='bbox 1099 3658 1144 3730; x_wconf 86' lang='lat'>§.</span> <span class='ocrx_word' id='word_1_375' title='bbox 1185 3661 1379 3713; x_wconf 86' lang='lat' dir='ltr'>Lucius</span> 
     </span>
    </p>
   </div>
   <div class='ocr_carea' id='block_1_9' title="bbox 371 3738 1383 4286">
    <p class='ocr_par' dir='ltr' id='par_1_9' title="bbox 371 3738 1383 4286">
     <span class='ocr_line' id='line_1_67' title="bbox 373 3738 1383 3810; baseline 0.001 -20"><span class='ocrx_word' id='word_1_376' title='bbox 373 3739 571 3792; x_wconf 86' lang='lat' dir='ltr'>Titius:</span> <span class='ocrx_word' id='word_1_377' title='bbox 605 3740 666 3790; x_wconf 81' lang='lat' dir='ltr'>ff.</span> <span class='ocrx_word' id='word_1_378' title='bbox 695 3738 762 3791; x_wconf 87' lang='lat' dir='ltr'>de</span> <span class='ocrx_word' id='word_1_379' title='bbox 789 3740 944 3810; x_wconf 74' lang='lat' dir='ltr'>legat.</span> <span class='ocrx_word' id='word_1_380' title='bbox 971 3739 1065 3791; x_wconf 90' lang='lat' dir='ltr'>lib.</span> <span class='ocrx_word' id='word_1_381' title='bbox 1095 3741 1172 3805; x_wconf 79' lang='lat'>11,</span> <span class='ocrx_word' id='word_1_382' title='bbox 1205 3739 1241 3790; x_wconf 82' lang='lat' dir='ltr'>l.</span> <span class='ocrx_word' id='word_1_383' title='bbox 1275 3741 1383 3791; x_wconf 91' lang='lat' dir='ltr'>Lu-</span> 
     </span>
     <span class='ocr_line' id='line_1_68' title="bbox 374 3815 1382 3886; baseline 0.001 -18"><span class='ocrx_word' id='word_1_384' title='bbox 374 3818 487 3870; x_wconf 84' lang='lat' dir='ltr'>cius</span> <span class='ocrx_word' id='word_1_385' title='bbox 511 3819 709 3871; x_wconf 85' lang='lat' dir='ltr'>Titius=</span> <span class='ocrx_word' id='word_1_386' title='bbox 735 3819 794 3870; x_wconf 84' lang='lat' dir='ltr'>ff.</span> <span class='ocrx_word' id='word_1_387' title='bbox 821 3818 888 3871; x_wconf 89' lang='lat' dir='ltr'>ad</span> <span class='ocrx_word' id='word_1_388' title='bbox 907 3815 1133 3869; x_wconf 87' lang='lat' dir='ltr'>Trebell.</span> <span class='ocrx_word' id='word_1_389' title='bbox 1159 3816 1382 3886; x_wconf 70' lang='lat' dir='ltr'>Rogavit</span> 
     </span>
     <span class='ocr_line' id='line_1_69' title="bbox 375 3893 1381 3967; baseline -0.004 -18"><span class='ocrx_word' id='word_1_390' title='bbox 375 3908 594 3949; x_wconf 77' lang='lat' dir='ltr'>testator</span> <span class='ocrx_word' id='word_1_391' title='bbox 625 3896 788 3949; x_wconf 87' lang='lat' dir='ltr'>filiam</span> <span class='ocrx_word' id='word_1_392' title='bbox 818 3914 1001 3961; x_wconf 87' lang='lat' dir='ltr'>suam,</span> <span class='ocrx_word' id='word_1_393' title='bbox 1036 3913 1196 3967; x_wconf 85' lang='lat' dir='ltr'>quam</span> <span class='ocrx_word' id='word_1_394' title='bbox 1226 3893 1381 3946; x_wconf 86' lang='lat' dir='ltr'>here-</span> 
     </span>
     <span class='ocr_line' id='line_1_70' title="bbox 371 3974 1380 4046; baseline -0.003 -17"><span class='ocrx_word' id='word_1_395' title='bbox 371 3974 494 4029; x_wconf 81' lang='lat' dir='ltr'>dem</span> <span class='ocrx_word' id='word_1_396' title='bbox 531 3977 598 4029; x_wconf 83' lang='lat' dir='ltr'>ab</span> <span class='ocrx_word' id='word_1_397' title='bbox 630 3979 879 4031; x_wconf 85' lang='lat' dir='ltr'>intestato</span> <span class='ocrx_word' id='word_1_398' title='bbox 907 3975 1225 4046; x_wconf 83' lang='lat' dir='ltr'>reliquerat,</span> <span class='ocrx_word' id='word_1_399' title='bbox 1254 3975 1380 4026; x_wconf 86' lang='lat' dir='ltr'>item</span> 
     </span>
     <span class='ocr_line' id='line_1_71' title="bbox 372 4054 1381 4131; baseline 0 -22"><span class='ocrx_word' id='word_1_400' title='bbox 372 4073 426 4110; x_wconf 92' lang='lat' dir='ltr'>et</span> <span class='ocrx_word' id='word_1_401' title='bbox 443 4078 689 4126; x_wconf 83' lang='lat' dir='ltr'>uxorem,</span> <span class='ocrx_word' id='word_1_402' title='bbox 710 4073 770 4111; x_wconf 87' lang='lat' dir='ltr'>nt</span> <span class='ocrx_word' id='word_1_403' title='bbox 794 4056 1057 4131; x_wconf 84' lang='lat' dir='ltr'>quidquid</span> <span class='ocrx_word' id='word_1_404' title='bbox 1081 4059 1207 4129; x_wconf 74' lang='lat' dir='ltr'>ipsoe</span> <span class='ocrx_word' id='word_1_405' title='bbox 1222 4054 1381 4109; x_wconf 85' lang='lat' dir='ltr'>habe-</span> 
     </span>
     <span class='ocr_line' id='line_1_72' title="bbox 371 4142 1377 4206; baseline 0.001 -17"><span class='ocrx_word' id='word_1_406' title='bbox 371 4152 488 4191; x_wconf 85' lang='lat' dir='ltr'>rent</span> <span class='ocrx_word' id='word_1_407' title='bbox 508 4178 525 4206; x_wconf 89' lang='lat'>,</span> <span class='ocrx_word' id='word_1_408' title='bbox 575 4142 715 4194; x_wconf 86' lang='lat' dir='ltr'>inter</span> <span class='ocrx_word' id='word_1_409' title='bbox 760 4159 851 4193; x_wconf 88' lang='lat' dir='ltr'>eas</span> <span class='ocrx_word' id='word_1_410' title='bbox 899 4157 1179 4191; x_wconf 88' lang='lat' dir='ltr'>commune</span> <span class='ocrx_word' id='word_1_411' title='bbox 1224 4151 1377 4192; x_wconf 87' lang='lat' dir='ltr'>esset.</span> 
     </span>
     <span class='ocr_line' id='line_1_73' title="bbox 373 4215 1380 4286; baseline 0.004 -17"><span class='ocrx_word' id='word_1_412' title='bbox 373 4215 591 4273; x_wconf 77' lang='lat' dir='ltr'>Confert</span> <span class='ocrx_word' id='word_1_413' title='bbox 612 4223 666 4274; x_wconf 91' lang='lat' dir='ltr'>in</span> <span class='ocrx_word' id='word_1_414' title='bbox 688 4220 923 4274; x_wconf 82' lang='lat' dir='ltr'>medium</span> <span class='ocrx_word' id='word_1_415' title='bbox 942 4239 1075 4273; x_wconf 84' lang='lat' dir='ltr'>uxor</span> <span class='ocrx_word' id='word_1_416' title='bbox 1093 4219 1236 4274; x_wconf 89' lang='lat' dir='ltr'>bona</span> <span class='ocrx_word' id='word_1_417' title='bbox 1255 4238 1350 4273; x_wconf 84' lang='lat' dir='ltr'>sua</span> <span class='ocrx_word' id='word_1_418' title='bbox 1363 4258 1380 4286; x_wconf 87' lang='lat'>‚</span> 
     </span>
    </p>
   </div>
   <div class='ocr_carea' id='block_1_10' title="bbox 551 4308 603 4360">
    <p class='ocr_par' dir='ltr' id='par_1_10' title="bbox 551 4308 603 4360">
     <span class='ocr_line' id='line_1_74' title="bbox 551 4308 603 4360; baseline -0.038 0"><span class='ocrx_word' id='word_1_419' title='bbox 551 4308 603 4360; x_wconf 75' lang='lat'>6.</span> 
     </span>
    </p>
   </div>
   <div class='ocr_carea' id='block_1_11' title="bbox 1459 2937 2470 4290">
    <p class='ocr_par' dir='ltr' id='par_1_11' title="bbox 1459 2937 2470 4290">
     <span class='ocr_line' id='line_1_75' title="bbox 1460 2937 2469 3014; baseline 0.013 -30"><span class='ocrx_word' id='word_1_420' title='bbox 1460 2937 1710 3005; x_wconf 85' lang='lat' dir='ltr'>pauperis</span> <span class='ocrx_word' id='word_1_421' title='bbox 1732 2950 1921 3006; x_wconf 81' lang='lat' dir='ltr'>praeter</span> <span class='ocrx_word' id='word_1_422' title='bbox 1936 2939 2025 3007; x_wconf 82' lang='lat' dir='ltr'>jus</span> <span class='ocrx_word' id='word_1_423' title='bbox 2049 2940 2253 3010; x_wconf 88' lang='lat' dir='ltr'>ipsum,</span> <span class='ocrx_word' id='word_1_424' title='bbox 2280 2944 2336 2994; x_wconf 88' lang='lat' dir='ltr'>in</span> <span class='ocrx_word' id='word_1_425' title='bbox 2363 2963 2469 3014; x_wconf 90' lang='lat' dir='ltr'>quo</span> 
     </span>
     <span class='ocr_line' id='line_1_76' title="bbox 1460 3017 2469 3088; baseline 0.014 -22"><span class='ocrx_word' id='word_1_426' title='bbox 1460 3034 1658 3068; x_wconf 90' lang='lat' dir='ltr'>nomen</span> <span class='ocrx_word' id='word_1_427' title='bbox 1680 3017 1983 3071; x_wconf 83' lang='lat' dir='ltr'>hereditatis</span> <span class='ocrx_word' id='word_1_428' title='bbox 2007 3020 2272 3088; x_wconf 84' lang='lat' dir='ltr'>subsistit,</span> <span class='ocrx_word' id='word_1_429' title='bbox 2297 3044 2364 3077; x_wconf 90' lang='lat' dir='ltr'>an</span> <span class='ocrx_word' id='word_1_430' title='bbox 2390 3027 2469 3080; x_wconf 89' lang='lat' dir='ltr'>di-</span> 
     </span>
     <span class='ocr_line' id='line_1_77' title="bbox 1463 3099 2469 3178; baseline 0.013 -31"><span class='ocrx_word' id='word_1_431' title='bbox 1463 3114 1705 3149; x_wconf 87' lang='lat' dir='ltr'>ceremus</span> <span class='ocrx_word' id='word_1_432' title='bbox 1736 3099 1895 3151; x_wconf 87' lang='lat' dir='ltr'>inane</span> <span class='ocrx_word' id='word_1_433' title='bbox 1927 3112 1980 3151; x_wconf 88' lang='lat' dir='ltr'>et</span> <span class='ocrx_word' id='word_1_434' title='bbox 2012 3100 2292 3155; x_wconf 84' lang='lat' dir='ltr'>ridiculum</span> <span class='ocrx_word' id='word_1_435' title='bbox 2326 3105 2469 3178; x_wconf 76' lang='lat' dir='ltr'>lega-</span> 
     </span>
     <span class='ocr_line' id='line_1_78' title="bbox 1465 3174 2470 3252; baseline 0.014 -28"><span class='ocrx_word' id='word_1_436' title='bbox 1465 3187 1574 3225; x_wconf 88' lang='lat' dir='ltr'>tum</span> <span class='ocrx_word' id='word_1_437' title='bbox 1587 3193 1702 3227; x_wconf 87' lang='lat' dir='ltr'>esse</span> <span class='ocrx_word' id='word_1_438' title='bbox 1713 3174 1886 3227; x_wconf 78' lang='lat' dir='ltr'>divitis</span> <span class='ocrx_word' id='word_1_439' title='bbox 1902 3189 1953 3228; x_wconf 80' lang='lat' dir='ltr'>et</span> <span class='ocrx_word' id='word_1_440' title='bbox 1964 3179 2116 3229; x_wconf 86' lang='lat' dir='ltr'>amici</span> <span class='ocrx_word' id='word_1_441' title='bbox 2129 3181 2153 3230; x_wconf 83' lang='lat'>?</span> <span class='ocrx_word' id='word_1_442' title='bbox 2167 3199 2329 3252; x_wconf 88' lang='lat' dir='ltr'>quum</span> <span class='ocrx_word' id='word_1_443' title='bbox 2339 3186 2470 3238; x_wconf 88' lang='lat' dir='ltr'>mul·</span> 
     </span>
     <span class='ocr_line' id='line_1_79' title="bbox 1463 3255 2463 3328; baseline 0.014 -23"><span class='ocrx_word' id='word_1_444' title='bbox 1463 3267 1518 3305; x_wconf 90' lang='lat' dir='ltr'>to</span> <span class='ocrx_word' id='word_1_445' title='bbox 1540 3257 1704 3325; x_wconf 79' lang='lat' dir='ltr'>magis</span> <span class='ocrx_word' id='word_1_446' title='bbox 1717 3255 1995 3308; x_wconf 80' lang='lat' dir='ltr'>verisimile</span> <span class='ocrx_word' id='word_1_447' title='bbox 2009 3275 2117 3308; x_wconf 88' lang='lat' dir='ltr'>non</span> <span class='ocrx_word' id='word_1_448' title='bbox 2138 3261 2231 3328; x_wconf 89' lang='lat' dir='ltr'>sit,</span> <span class='ocrx_word' id='word_1_449' title='bbox 2253 3260 2463 3319; x_wconf 85' lang='lat' dir='ltr'>divitem</span> 
     </span>
     <span class='ocr_line' id='line_1_80' title="bbox 1463 3335 2465 3412; baseline 0.016 -26"><span class='ocrx_word' id='word_1_450' title='bbox 1463 3337 1688 3387; x_wconf 87' lang='lat' dir='ltr'>amicum</span> <span class='ocrx_word' id='word_1_451' title='bbox 1715 3335 2115 3389; x_wconf 84' lang='lat' dir='ltr'>beneficentiam</span> <span class='ocrx_word' id='word_1_452' title='bbox 2144 3360 2325 3412; x_wconf 87' lang='lat' dir='ltr'>suam,</span> <span class='ocrx_word' id='word_1_453' title='bbox 2353 3355 2465 3401; x_wconf 88' lang='lat' dir='ltr'>no&#39;n</span> 
     </span>
     <span class='ocr_line' id='line_1_81' title="bbox 1461 3416 2465 3500; baseline 0.016 -33"><span class='ocrx_word' id='word_1_454' title='bbox 1461 3416 1765 3468; x_wconf 84' lang='lat' dir='ltr'>uberiorem</span> <span class='ocrx_word' id='word_1_455' title='bbox 1819 3437 1930 3470; x_wconf 80' lang='lat' dir='ltr'>esse</span> <span class='ocrx_word' id='word_1_456' title='bbox 1986 3419 2214 3476; x_wconf 85' lang='lat' dir='ltr'>voluisse</span> <span class='ocrx_word' id='word_1_457' title='bbox 2232 3464 2249 3492; x_wconf 91' lang='lat'>,</span> <span class='ocrx_word' id='word_1_458' title='bbox 2305 3447 2465 3500; x_wconf 86' lang='lat' dir='ltr'>quam</span> 
     </span>
     <span class='ocr_line' id='line_1_82' title="bbox 1460 3499 2464 3576; baseline 0.015 -28"><span class='ocrx_word' id='word_1_459' title='bbox 1460 3499 1712 3569; x_wconf 85' lang='lat' dir='ltr'>pauperis</span> <span class='ocrx_word' id='word_1_460' title='bbox 1734 3517 1848 3551; x_wconf 88' lang='lat' dir='ltr'>esse</span> <span class='ocrx_word' id='word_1_461' title='bbox 1867 3504 2098 3569; x_wconf 85' lang='lat' dir='ltr'>potuerit</span> <span class='ocrx_word' id='word_1_462' title='bbox 2122 3524 2244 3576; x_wconf 77' lang='lat' dir='ltr'>erga</span> <span class='ocrx_word' id='word_1_463' title='bbox 2268 3527 2339 3560; x_wconf 89' lang='lat' dir='ltr'>se.</span> <span class='ocrx_word' id='word_1_464' title='bbox 2359 3512 2464 3562; x_wconf 93' lang='lat' dir='ltr'>De-</span> 
     </span>
     <span class='ocr_line' id='line_1_83' title="bbox 1462 3579 2466 3653; baseline 0.012 -23"><span class='ocrx_word' id='word_1_465' title='bbox 1462 3583 1626 3650; x_wconf 89' lang='lat' dir='ltr'>nique</span> <span class='ocrx_word' id='word_1_466' title='bbox 1645 3598 1754 3632; x_wconf 92' lang='lat' dir='ltr'>non</span> <span class='ocrx_word' id='word_1_467' title='bbox 1770 3579 1925 3632; x_wconf 83' lang='lat' dir='ltr'>video</span> <span class='ocrx_word' id='word_1_468' title='bbox 1948 3601 2052 3653; x_wconf 89' lang='lat' dir='ltr'>qua</span> <span class='ocrx_word' id='word_1_469' title='bbox 2071 3585 2336 3640; x_wconf 88' lang='lat' dir='ltr'>solutione</span> <span class='ocrx_word' id='word_1_470' title='bbox 2356 3592 2466 3642; x_wconf 79' lang='lat' dir='ltr'>evi·-</span> 
     </span>
     <span class='ocr_line' id='line_1_84' title="bbox 1461 3659 2464 3734; baseline 0.011 -25"><span class='ocrx_word' id='word_1_471' title='bbox 1461 3660 1560 3710; x_wconf 85' lang='lat' dir='ltr'>tari</span> <span class='ocrx_word' id='word_1_472' title='bbox 1599 3659 1804 3728; x_wconf 85' lang='lat' dir='ltr'>possint</span> <span class='ocrx_word' id='word_1_473' title='bbox 1844 3659 1932 3711; x_wconf 82' lang='lat' dir='ltr'>illa</span> <span class='ocrx_word' id='word_1_474' title='bbox 1967 3660 2076 3713; x_wconf 90' lang='lat' dir='ltr'>duo</span> <span class='ocrx_word' id='word_1_475' title='bbox 2115 3681 2428 3734; x_wconf 76' lang='lat' dir='ltr'>argumenta</span> <span class='ocrx_word' id='word_1_476' title='bbox 2447 3706 2464 3734; x_wconf 89' lang='lat'>,</span> 
     </span>
     <span class='ocr_line' id='line_1_85' title="bbox 1463 3735 2466 3808; baseline 0.011 -21"><span class='ocrx_word' id='word_1_477' title='bbox 1463 3736 1654 3808; x_wconf 86' lang='lat' dir='ltr'>quibus</span> <span class='ocrx_word' id='word_1_478' title='bbox 1676 3735 2032 3805; x_wconf 81' lang='lat' dir='ltr'>Quintilianus</span> <span class='ocrx_word' id='word_1_479' title='bbox 2054 3740 2141 3795; x_wconf 90' lang='lat' dir='ltr'>hic</span> <span class='ocrx_word' id='word_1_480' title='bbox 2164 3757 2347 3796; x_wconf 87' lang='lat' dir='ltr'>noster</span> <span class='ocrx_word' id='word_1_481' title='bbox 2364 3748 2466 3797; x_wconf 89' lang='lat' dir='ltr'>uti-</span> 
     </span>
     <span class='ocr_line' id='line_1_86' title="bbox 1463 3819 2464 3895; baseline 0.009 -25"><span class='ocrx_word' id='word_1_482' title='bbox 1463 3832 1562 3870; x_wconf 90' lang='lat' dir='ltr'>tur.</span> <span class='ocrx_word' id='word_1_483' title='bbox 1594 3819 1742 3870; x_wconf 87' lang='lat' dir='ltr'>Prius</span> <span class='ocrx_word' id='word_1_484' title='bbox 1769 3821 1822 3871; x_wconf 90' lang='lat' dir='ltr'>in</span> <span class='ocrx_word' id='word_1_485' title='bbox 1845 3823 1966 3891; x_wconf 86' lang='lat' dir='ltr'>jure</span> <span class='ocrx_word' id='word_1_486' title='bbox 1991 3824 2258 3886; x_wconf 82' lang='lat' dir='ltr'>consistit;</span> <span class='ocrx_word' id='word_1_487' title='bbox 2284 3840 2464 3895; x_wconf 84' lang='lat' dir='ltr'>poste-</span> 
     </span>
     <span class='ocr_line' id='line_1_87' title="bbox 1461 3898 2464 3976; baseline 0.009 -28"><span class='ocrx_word' id='word_1_488' title='bbox 1461 3898 1570 3949; x_wconf 85' lang='lat' dir='ltr'>rius</span> <span class='ocrx_word' id='word_1_489' title='bbox 1594 3899 1650 3947; x_wconf 89' lang='lat' dir='ltr'>in</span> <span class='ocrx_word' id='word_1_490' title='bbox 1672 3916 1824 3970; x_wconf 75' lang='lat' dir='ltr'>aequo</span> <span class='ocrx_word' id='word_1_491' title='bbox 1852 3911 1903 3950; x_wconf 89' lang='lat' dir='ltr'>et</span> <span class='ocrx_word' id='word_1_492' title='bbox 1932 3898 2097 3951; x_wconf 90' lang='lat' dir='ltr'>bono.</span> <span class='ocrx_word' id='word_1_493' title='bbox 2126 3901 2263 3952; x_wconf 83' lang='lat' dir='ltr'>Nam</span> <span class='ocrx_word' id='word_1_494' title='bbox 2291 3904 2335 3955; x_wconf 85' lang='lat' dir='ltr'>si</span> <span class='ocrx_word' id='word_1_495' title='bbox 2362 3924 2464 3976; x_wconf 88' lang='lat' dir='ltr'>po-</span> 
     </span>
     <span class='ocr_line' id='line_1_88' title="bbox 1460 3976 2466 4047; baseline 0.008 -20"><span class='ocrx_word' id='word_1_496' title='bbox 1460 3976 1719 4028; x_wconf 86' lang='lat' dir='ltr'>suerimus</span> <span class='ocrx_word' id='word_1_497' title='bbox 1739 4014 1756 4042; x_wconf 91' lang='lat'>,</span> <span class='ocrx_word' id='word_1_498' title='bbox 1802 3978 1972 4047; x_wconf 85' lang='lat' dir='ltr'>inquit</span> <span class='ocrx_word' id='word_1_499' title='bbox 1990 4015 2008 4044; x_wconf 90' lang='lat'>,</span> <span class='ocrx_word' id='word_1_500' title='bbox 2045 3997 2109 4031; x_wconf 91' lang='lat' dir='ltr'>eo</span> <span class='ocrx_word' id='word_1_501' title='bbox 2154 3979 2314 4033; x_wconf 87' lang='lat' dir='ltr'>modo</span> <span class='ocrx_word' id='word_1_502' title='bbox 2358 3997 2466 4038; x_wconf 88' lang='lat' dir='ltr'>tes·</span> 
     </span>
     <span class='ocr_line' id='line_1_89' title="bbox 1460 4058 2463 4137; baseline 0.008 -28"><span class='ocrx_word' id='word_1_503' title='bbox 1460 4070 1750 4109; x_wconf 88' lang='lat' dir='ltr'>tamentum</span> <span class='ocrx_word' id='word_1_504' title='bbox 1804 4058 1992 4111; x_wconf 85' lang='lat' dir='ltr'>fecisse</span> <span class='ocrx_word' id='word_1_505' title='bbox 2047 4059 2257 4114; x_wconf 85' lang='lat' dir='ltr'>divitem</span> <span class='ocrx_word' id='word_1_506' title='bbox 2281 4101 2298 4128; x_wconf 94' lang='lat'>,</span> <span class='ocrx_word' id='word_1_507' title='bbox 2357 4085 2463 4137; x_wconf 86' lang='lat' dir='ltr'>quo</span> 
     </span>
     <span class='ocr_line' id='line_1_90' title="bbox 1459 4144 2467 4213; baseline 0.01 -26"><span class='ocrx_word' id='word_1_508' title='bbox 1459 4154 1694 4208; x_wconf 84' lang='lat' dir='ltr'>pauper3</span> <span class='ocrx_word' id='word_1_509' title='bbox 1714 4149 1895 4189; x_wconf 85' lang='lat' dir='ltr'>contra</span> <span class='ocrx_word' id='word_1_510' title='bbox 1913 4157 2231 4211; x_wconf 84' lang='lat' dir='ltr'>pauperem,</span> <span class='ocrx_word' id='word_1_511' title='bbox 2256 4160 2363 4213; x_wconf 88' lang='lat' dir='ltr'>quo</span> <span class='ocrx_word' id='word_1_512' title='bbox 2385 4144 2467 4196; x_wconf 86' lang='lat' dir='ltr'>di-</span> 
     </span>
     <span class='ocr_line' id='line_1_91' title="bbox 1459 4217 2463 4290; baseline 0.01 -23"><span class='ocrx_word' id='word_1_513' title='bbox 1459 4235 1580 4271; x_wconf 84' lang='lat' dir='ltr'>ves:</span> <span class='ocrx_word' id='word_1_514' title='bbox 1607 4217 1652 4271; x_wconf 85' lang='lat' dir='ltr'>si</span> <span class='ocrx_word' id='word_1_515' title='bbox 1674 4233 1891 4286; x_wconf 78' lang='lat' dir='ltr'>census,</span> <span class='ocrx_word' id='word_1_516' title='bbox 1916 4238 2023 4273; x_wconf 89' lang='lat' dir='ltr'>non</span> <span class='ocrx_word' id='word_1_517' title='bbox 2043 4221 2174 4290; x_wconf 84' lang='lat' dir='ltr'>juris</span> <span class='ocrx_word' id='word_1_518' title='bbox 2204 4225 2463 4278; x_wconf 84' lang='lat' dir='ltr'>rationem</span> 
     </span>
    </p>
   </div>
   <div class='ocr_carea' id='block_1_12' title="bbox 2153 4310 2216 4362">
    <p class='ocr_par' dir='ltr' id='par_1_12' title="bbox 2153 4310 2216 4362">
     <span class='ocr_line' id='line_1_92' title="bbox 2153 4310 2216 4362; baseline 0.016 -1"><span class='ocrx_word' id='word_1_519' title='bbox 2153 4310 2216 4362; x_wconf 81' lang='lat'>23</span> 
     </span>
    </p>
   </div>
  </div>
 </body>
</html>
