3200 5117
765 524 892 605 334
1214 607 1218 618 ε
1277 523 1368 585 Μ.
1416 520 1670 585 FABII
1714 521 2351 604 QUINTILIANI

763 669 972 740 retur,
1000 649 1313 722 locutum
1343 645 1430 718 de
1456 645 1776 718 duobus?
1808 673 1950 719 non
1970 646 2293 745 intelligit
2318 646 2600 746 aliquis¹
2631 647 2855 720 alium

765 791 910 837 esse
929 789 1125 855 eum,
1155 764 1278 862 qui
1301 761 1592 852 occidat,
1617 761 1868 853 alium,
1893 762 2016 861 qui
2047 762 2441 835 occidatur?
2464 766 2860 861 Argumen-

762 880 847 952 tis
870 880 1124 953 scilicet
1149 878 1503 977 agendum
1526 898 1660 968 est,
1686 897 1758 950 et
1782 878 1854 949 in
1880 878 2280 977 exemplum
2307 878 2679 950 afferendae
2708 877 2854 950 aliae

764 1022 1043 1095 quoque
1081 996 1288 1095 leges.
1323 993 1572 1067 Dicam
1615 1019 1805 1065 nunc
1843 1020 2008 1093 ego,
2047 1012 2176 1080 QUI
2220 1014 2663 1068 PULSAVEmT
2696 1013 2855 1068 AL!-

764 1130 1472 1201 QUEM,1NJUR1ARUM
1501 1128 1927 1181 TENEATUR:
1965 1136 2178 1182 nemo
2208 1131 2446 1182 tamen
2479 1109 2856 1198 tenebitur,

764 1227 882 1327 qui
907 1254 977 1298 se
1005 1227 1151 1326 ipse
1176 1225 1588 1325 pulsaverit:
1628 1251 1794 1296 nam
1818 1223 1993 1296 illud
2020 1223 2311 1322 quidem
2341 1222 2747 1314 ridiculum,
2781 1241 2859 1295 ut

764 1342 1050 1441 opinor,
1094 1340 1427 1414 omnibus
1460 1339 1657 1412 vobis
1698 1339 2017 1412 futurum
2063 1360 2199 1430 est,
2240 1339 2294 1410 si
2337 1339 2410 1410 in
2454 1338 2853 1438 exemplum

763 1459 1154 1558 proximam
1188 1455 1721 1529 similitudinem
1747 1454 2097 1527 adduxero
2116 1512 2134 1546 ,
2164 1482 2241 1526 ac
2269 1479 2608 1553 negavero
2638 1454 2860 1527 teneri

765 1570 915 1670 lege
939 1571 1084 1643 ulla
1107 1597 1270 1643 eum
1290 1629 1309 1661 ‚
1339 1570 1461 1670 qui
1493 1597 1563 1642 se
1588 1569 1929 1643 occiderit.
1955 1571 2078 1642 Est
2103 1596 2307 1669 porro
2334 1568 2467 1643 hoc
2494 1568 2855 1641 manifeste

768 1684 1422 1784 reprehendendum
1438 1742 1457 1776 ,
1483 1686 1538 1758 si
1567 1684 1659 1758 ad
1683 1713 1798 1758 eos
1824 1686 2296 1758 existimemus
2323 1686 2665 1784 pertinere
2694 1710 2855 1781 prae·

769 1798 946 1888 mia,
970 1799 1059 1871 ad
1083 1827 1256 1899 quos
1275 1826 1488 1899 poenae
1510 1800 1878 1900 pertinent.
1908 1803 2095 1874 Bene
2115 1799 2368 1872 scilicet
2393 1798 2479 1871 de
2504 1797 2858 1897 republica

769 1914 1063 2003 meruit,
1091 1914 1279 2012 quod
1308 1914 1686 2013 aliquando
1713 1915 1930 1987 finem
1956 1915 2290 2013 imposuit
2310 1913 2560 1986 harum
2588 1913 2859 1986 calami·

772 2049 1040 2102 tatum:
1089 2030 1193 2101 illi
1240 2031 1488 2130 scripta
1525 2031 1637 2103 lex
1676 2052 1796 2103 est.
1842 2034 2000 2102 Non
2044 2031 2161 2103 ille
2184 2086 2203 2118 ‚
2237 2032 2360 2129 qui
2396 2030 2862 2129 componebat

768 2141 912 2213 haec
938 2142 1101 2242 jura
1121 2196 1140 2230 ,
1168 2142 1265 2214 sic
1295 2142 1565 2216 locutus
1595 2142 1778 2214 est²?
1805 2144 1962 2214 Non
1993 2162 2090 2214 est
2117 2143 2276 2216 satis
2305 2143 2407 2232 ei,
2437 2144 2558 2241 qui
2589 2144 2862 2216 servitu·

772 2277 918 2346 tem
961 2255 1360 2354 reipublicae
1404 2257 1773 2331 detraxerit
1792 2314 1812 2346 ‚
1856 2258 1979 2356 qui
2028 2277 2337 2329 monstra
2381 2257 2528 2330 haec
2546 2315 2566 2349 ,
2609 2259 2862 2357 quibus

771 2369 1047 2444 libertas
1084 2370 1381 2462 laborat,
1419 2373 1544 2471 qui
1580 2372 1904 2445 homines
1937 2373 2260 2448 adversus
2302 2373 2597 2446 deorum
2634 2373 2866 2447 homi·-

771 2510 1094 2583 numque
1115 2485 1445 2586 injuriam
1471 2506 1702 2576 natos,
1722 2507 1789 2558 et
1806 2486 1886 2558 in
1913 2486 2315 2586 exemplum
2344 2488 2677 2560 scelerum
2709 2514 2865 2560 con-

774 2598 1083 2688 stitutos,
1112 2626 1254 2697 quo
1275 2601 1495 2699 magis
1524 2628 1605 2676 ea
1628 2600 2014 2674 odissemus
2033 2656 2052 2691 ‚
2088 2602 2438 2692 occiderit,
2466 2604 2636 2673 dum
2661 2601 2858 2690 vivit,

776 2734 1056 2786 tantum
1083 2712 1447 2790 honorari:
1480 2742 1625 2788 non
1658 2717 2016 2790 sufficiunt
2044 2718 2472 2816 magistratus
2492 2764 2521 2803 ,-
2540 2742 2668 2787 nec
2700 2714 2860 2787 satis

775 2850 943 2903 sunt
975 2828 1203 2900 tituli?
1243 2831 1583 2910 habeatur
1614 2832 1866 2931 aliquis
1899 2834 2117 2906 etiam
2143 2833 2348 2906 morti
2381 2832 2636 2921 honor,
2673 2851 2741 2903 et
2773 2830 2862 2901 ad

852 3040 872 3074 1
885 3062 896 3074 .
921 3023 1043 3075 Non
1064 3022 1314 3097 intelliqit
1332 3024 1540 3099 aliquis.
1557 3026 1679 3080 Non
1702 3026 1787 3078 in·
1862 3027 1986 3081 Non
2011 3040 2084 3081 est
2102 3030 2250 3096 satis,
2270 3047 2441 3100 usque
2460 3026 2528 3079 ad
2546 3027 2674 3090 ista,
2695 3036 2868 3095 tyran-

777 3103 1063 3180 telliqt'mus
1083 3105 1332 3179 aliquem.
1363 3106 1480 3161 Seu.
1502 3137 1575 3149 -
1593 3109 1783 3160 Proxi-
1865 3107 2051 3159 nicidoe
2076 3117 2363 3159 armentur.
2394 3108 2627 3158 Locutus
2662 3118 2742 3156 est
2774 3121 2867 3155 au-

776 3203 937 3238 mam.
965 3183 1083 3237 vid.
1123 3183 1192 3237 ad
1228 3186 1375 3239 Decl.
1411 3188 1559 3252 XIII,
1599 3203 1678 3240 10.
1712 3218 1784 3229 —-
1865 3202 1971 3240 tem
2009 3189 2111 3241 ista
2145 3189 2228 3240 vel
2266 3186 2411 3259 apud
2448 3205 2593 3248 sese,
2624 3184 2731 3237 hoo
2763 3198 2865 3250 est,

779 3265 910 3336 Leqe
924 3264 1054 3317 ulla.
1074 3266 1206 3340 Lege
1224 3264 1336 3332 illa,
1354 3267 1786 3340 scilicetinjuria-
1865 3268 2144 3340 cogitavit,
2177 3285 2339 3337 quum
2380 3263 2634 3317 conderet
2664 3265 2830 3335 legem
2852 3284 2864 3313 ι

779 3361 914 3395 rum.
940 3341 1057 3396 Scn.
1075 3376 1147 3386 —-
1171 3347 1551 3401 Existimemus.
1588 3349 1786 3400 Existi-
1864 3349 1947 3400 vel
1960 3351 2015 3398 in
2031 3351 2291 3400 concione
2312 3347 2377 3399 ad
2401 3347 2691 3419 populum,
2708 3361 2867 3416 quum

780 3441 1016 3489 mamus,
1041 3425 1224 3479 AErod.
1325 3422 1329 3426 ’
1866 3443 1983 3478 eam
2006 3426 2187 3478 suasit.
2213 3426 2379 3480 Gnou-
2404 3455 2476 3467 -——
2497 3427 2623 3478 Non
2647 3436 2721 3476 est
2734 3423 2865 3475 satis.

854 3511 914 3568 α,
929 3496 1054 3547 Non
1083 3496 1176 3549 ille
1201 3498 1293 3569 qui
1313 3497 1655 3571 componebat
1681 3497 1787 3550 hoec
1865 3507 1990 3558 Non
2010 3518 2082 3558 est
2098 3506 2244 3574 satis,
2269 3504 2465 3577 inquit,
2488 3505 2552 3556 ei.
2570 3505 2869 3556 Senum.—

764 3576 919 3644 jura‚
945 3572 1016 3625 sic
1036 3572 1232 3626 locutus
1249 3585 1334 3627 est.
1355 3577 1479 3629 Post
1496 3573 1608 3627 haec
1627 3576 1787 3628 verba
1866 3584 2121 3640 Adversus
2138 3588 2367 3639 deorum,
2388 3587 2473 3637 An
2493 3604 2602 3636 110„
2620 3622 2637 3651 ‚
2661 3585 2732 3636 ad
2753 3584 2871 3633 deo-

778 3653 963 3704 ἱῦθθῐῑῑ
976 3650 1249 3704 &Odium
1276 3652 1788 3724 Qulseoetyrannum
1867 3681 1985 3715 rum
2009 3664 2149 3718 hom.
2177 3664 2419 3738 injuriam
2444 3673 2617 3717 natos.-
2640 3665 2715 3714 ita
2734 3664 2869 3714 enim
2908 3668 2927 3686 ⁸

781 3730 1022 3783 ‘'widem'‘
1040 3751 1055 3780 ·‘
1103 3732 1255 3801 ‘lumi
1302 3732 1584 3784 ⁰⁰⁰⁵ffl¹¹m
1628 3733 1789 3786 fuerit
1866 3745 2656 3820 amantloquiveteres.F101-us
2674 3743 2743 3797 de
2760 3742 2875 3796 Gal-

783 3814 985 3866 auctori
1016 3829 1219 3883 P(mere
1252 3813 1454 3884 aliquid
1468 3851 1485 3880 ν
1511 3813 1655 3885 q¹²⁰d
1687 3833 1786 3867 ne·
1867 3825 1932 3879 lis
1947 3829 1987 3893 1,
2006 3828 2087 3892 13,
2103 3825 2161 3892 4:
2186 3851 2206 3871 a
2226 3827 2366 3878 Gens
2383 3838 2509 3876 nata
2523 3824 2592 3876 acl
2606 3825 2873 3876 interitum

781 3910 905 3963 gare
915 3905 1115 3965 posset,
1129 3892 1185 3943 in
1195 3891 1565 3963 formulalegis
1580 3890 1784 3946 haberi.
1874 3927 1896 3952 a
1916 3905 2207 3960 hominum,
2229 3930 2269 3955 ..
2291 3907 2354 3956 Et
2390 3921 2550 3975 zupm
2581 3902 2868 3955 Declamat.

783 3969 922 4025 Ata-⁸
947 3971 1071 4023 Non
1094 3989 1190 4043 ner
1211 3971 1680 4042 interrogationem
1706 3990 1790 4023 ac·
1870 3985 2146 4039 ccxcvn
2178 4009 2203 4033 ..
2221 3985 2392 4038 nomo
2426 3984 2481 4035 in
2515 3980 2871 4035 mundonem

786 4047 1089 4123 eipiendum
1114 4090 1131 4119 ‚
1183 4053 1332 4124 quasi
1387 4066 1523 4106 esset
1574 4055 1786 4106 Nonne.
1877 4085 1900 4110 a
1920 4076 2091 4117 natus,
2112 4089 2135 4113 „
2163 4065 2228 4116 Et
2250 4066 2323 4116 ita
2346 4062 2545 4135 P³⁸⁸5m
2568 4059 2670 4114 affl,
2702 4060 2867 4112 Bmm,

786 4128 947 4198 Quod
969 4143 1146 4183 autem
1170 4130 1411 4184 locutum
1440 4130 1792 4203 legislatorem
1868 4169 1941 4182 .-.
1963 4143 2127 4195 Moru·
2159 4143 2339 4199 honor,
2373 4142 2539 4195 Morti
2568 4155 2674 4192 non
2707 4134 2873 4188 habet

787 4207 931 4277 vult,
962 4211 1019 4264 id
1049 4214 1225 4266 statim
1260 4213 1547 4286 explicatur
1575 4213 1642 4267 ab
1676 4213 1791 4281 his,
1872 4220 2135 4276 Rhodius,
