3200 5117
718 582 1552 650 DECLAMATIONES.
1602 584 1901 650 XXVII.
2223 590 2346 676 573

258 850 746 873 “mmm

1132 854 1226 875 W

1615 855 2350 881 mmmmm

1114 1054 1497 1131 XXVII.

693 1285 917 1354 Fortis
951 1286 1306 1356 inimicum
1337 1285 1616 1356 divitem
1641 1311 1931 1358 servans.

255 1488 433 1548 Vino
468 1505 648 1547 rom-1
688 1506 1010 1546 vamum.
1047 1487 1371 1547 Dnsemon
1402 1507 1619 1546 offrre
1651 1508 1982 1549 vuum-run.
2022 1490 2263 1572 Pauper
2298 1502 2359 1551 et

337 1584 518 1642 dives
542 1583 800 1643 inimici.
823 1582 973 1641 Belli
1001 1596 1280 1666 tempore
1303 1583 1470 1645 dives
1500 1605 1561 1643 se
1583 1586 1872 1666 promisit
1894 1586 2135 1647 fortiter
2164 1587 2356 1648 factu-

339 1699 520 1753 rum,
546 1678 594 1736 si
623 1679 740 1737 sibi
763 1699 929 1737 mors
957 1680 1246 1761 pauperis
1275 1678 1729 1739 decerneretur:
1755 1679 1991 1741 decreta
2016 1695 2120 1741 est.
2154 1681 2355 1744 Ambo

341 1790 776 1857 processerunt
799 1776 864 1835 in
893 1775 1205 1858 praelium:
1239 1797 1474 1858 pauper
1504 1776 1748 1836 fortiter
1778 1775 1937 1837 fecit.
1970 1778 2156 1838 Dives
2188 1779 2356 1840 dese-

345 1875 494 1933 ruit.
519 1873 673 1933 Petit
695 1894 932 1956 pauper
955 1875 1211 1956 proemio
1241 1875 1446 1935 divitis
1471 1874 1985 1935 incolumitatem:
2010 1876 2178 1937 dives
2210 1899 2358 1939 con-

348 1970 614 2031 tradicit.

1023 2107 1176 2154 PRO
1224 2106 1604 2155 PAUPERE.

366 2228 534 2299 Sero
568 2226 772 2326 coepit
803 2226 916 2299 hic
948 2228 1181 2319 miles»,
1205 2227 1516 2329 judica,
1556 2248 1852 2300 mortem
1887 2249 2355 2303 contemnere.

265 2344 419 2440 Ego
449 2341 670 2433 tacui,
701 2369 922 2440 quum
955 2364 1255 2442 peteret:
1289 2342 1405 2413 hic
1438 2341 1661 2413 vivere
1687 2341 1999 2442 jubetur,
2031 2364 2096 2415 et
2122 2345 2362 2443 queri-

267 2479 405 2530 tur.
437 2458 835 2557 Exspectavi
857 2458 979 2530 diu
1002 2458 1287 2531 divitem
1309 2473 1358 2546 ¹,
1386 2479 1462 2529 ut
1479 2457 1592 2529 ille
1620 2458 1844 2556 potius
1873 2459 2061 2557 quod
2093 2462 2365 2558 promi-

264 2573 389 2664 sit,
420 2573 771 2672 impleret.
807 2576 917 2646 Ab
949 2575 1100 2673 ipso
1127 2602 1408 2674 quoque
1443 2574 1654 2646 divite
1687 2575 1864 2646 inire
1894 2575 2115 2647 debeo
2146 2578 2367 2649 maxi-

267 2715 464 2761 mam
501 2690 832 2788 gratiam:
876 2691 1066 2790 quod
1107 2691 1223 2762 ille
1265 2689 1592 2778 debebat,
1629 2715 1757 2786 ego
1795 2687 2041 2761 solvi²z
2073 2688 2261 2761 idern
2291 2690 2363 2760 in

270 2805 566 2903 praemio
605 2807 820 2894 facio,
860 2806 1050 2905 quod
1082 2807 1156 2878 in
1190 2806 1462 2905 praelio:
1498 2831 1692 2878 servo
1727 2804 1984 2896 civem,
2021 2805 2369 2877 commili-

270 2939 515 2990 tonem
551 2945 793 2989 meum
832 2943 1135 3019 protego.
1173 2922 1371 2993 Idem
1406 2920 1537 2991 eris
1567 2919 1643 2990 in
1674 2945 1931 3010 aevum,
1971 2919 2094 3018 qui
2130 2946 2369 3019 supre-

273 3060 396 3104 mo
432 3032 547 3104 die
578 3033 809 3105 fueris,

354 3232 400 3266 ι.
434 3215 744 3284 Exspectavi
778 3214 868 3265 diu
904 3213 1134 3266 divitem.
1171 3217 1285 3267 No·
1365 3232 1394 3266 a
1433 3230 1515 3265 me
1552 3214 1796 3282 accipere
1830 3213 2007 3264 vitam.
2046 3212 2264 3265 Senum-r.
2298 3242 2369 3253 —

274 3297 389 3349 lens
420 3295 703 3366 praeripere
733 3292 993 3364 palmam,
1020 3313 1124 3365 qua
1149 3313 1286 3367 pau·
1366 3293 1510 3344 Idem
1548 3292 1645 3345 eris
1681 3291 1735 3342 in
1781 3309 1980 3358 oevum,
2018 3304 2117 3343 etc.
2157 3289 2366 3358 Malim,

275 3393 375 3446 per
400 3385 640 3445 poteram
667 3375 814 3424 mori.
841 3373 1058 3425 Senum.
1367 3372 1481 3425 ideo
1518 3391 1662 3423 meus
1701 3373 1830 3436 eris,
1867 3372 2099 3444 qtmmvis
2136 3390 2368 3443 supremo

352 3472 400 3505 2.
432 3454 585 3523 Quod
613 3451 707 3504 ille
737 3452 979 3519 debebat,
1015 3472 1107 3527 eqo
1134 3453 1281 3507 solvi.
1366 3454 1449 3505 die
1465 3450 1737 3526 funqeris:
1768 3468 1956 3521 nempe
1976 3451 2195 3502 salutem
2227 3466 2369 3502 tuam

278 3533 461 3601 Quare
505 3547 712 3604 gratum
749 3552 804 3586 se
845 3532 974 3585 mihi
1013 3534 1286 3605 pathera,
1368 3532 1565 3602 optavi.
1602 3529 1707 3599 Qui
1734 3529 1788 3580 in
1811 3529 2045 3599 quamvis
2064 3542 2372 3600 corruptum

280 3629 392 3665 non
418 3623 594 3663 autem
617 3613 685 3663 ita
709 3629 845 3682 aegre
863 3612 997 3664 ferre
1016 3614 1286 3665 victoriam
1366 3610 1593 3663 vidimus
1614 3623 1666 3662 et
1685 3608 1919 3661 Deciam.
1936 3610 2079 3661 XXII
2095 3611 2132 3662 f.
2150 3609 2371 3660 Senot-1.

281 3706 457 3740 meam
481 3686 669 3754 debet,
693 3702 751 3757 qt
775 3703 993 3762 propter
1015 3708 1132 3743 eam
1155 3690 1289 3743 nolit
1369 3690 1502 3743 Vide
1529 3702 1640 3741 not.
1668 3688 1901 3741 editoris.
