3200 5117
767 507 888 587 144
1266 508 1359 572 M.
1407 505 1656 570 FABII
1701 503 2333 587 QUINTILIANI
2373 547 2380 556 -

758 627 1199 727 magistratus
1227 628 1510 729 quidem
1536 646 1934 700 erraverunt
1953 653 2037 698 eo
2061 647 2370 726 tempore
2388 683 2408 716 ,
2438 653 2581 726 quo
2602 626 2848 710 decem

761 743 985 816 millia
1014 743 1354 815 dederunt
1386 742 1583 816 mihi.
1627 741 1699 815 si
1745 741 2104 814 intestatus
2142 762 2218 813 tu
2260 741 2662 815 decessisses
2701 769 2717 814 ε
2762 743 2852 815 ad

758 856 927 929 alios
957 856 1302 957 quoslibet
1335 878 1455 929 tua
1485 856 1858 957 pertineret
1888 855 2270 929 hereditas:
2301 857 2404 930 vis
2433 858 2603 929 scire
2634 884 2850 956 quam

760 995 951 1072 pater
982 1000 1126 1045 non
1160 972 1413 1046 fueris?
1453 973 1753 1072 recipere
1782 972 2026 1063 illum,
2062 972 2196 1045 nisi
2231 972 2470 1044 solutis
2502 972 2853 1046 alimentis
2887 959 2890 964 ’

760 1115 904 1159 non
938 1087 1221 1186 potuisti
1255 1115 1270 1158 ε
1308 1088 1415 1159 lex
1444 1087 1567 1159 tibi
1599 1086 1803 1178 dicit,
1838 1086 2111 1159 alienus
2144 1107 2279 1176 est;
2316 1107 2387 1159 et
2412 1086 2579 1177 tibi,
2615 1108 2694 1159 ut
2722 1114 2851 1187 pa-

756 1201 859 1274 ter
882 1228 1026 1274 esse
1051 1202 1373 1301 incipias,
1400 1204 1765 1274 emendus.
1785 1203 1946 1274 Jam
1974 1201 2096 1272 illa
2117 1203 2425 1301 profecto
2448 1202 2617 1275 citra
2640 1201 2852 1274 inter-

759 1318 1187 1417 rogationem
1213 1339 1404 1409 sunt3
1432 1318 1633 1419 cujus
1652 1317 1891 1391 tulerit
1909 1343 2203 1407 nomen3
2234 1317 2310 1390 in
2335 1317 2535 1419 cujus
2559 1344 2848 1390 censum

760 1432 1026 1505 delatus
1058 1433 1188 1505 sit:
1232 1434 1535 1506 nimium
1566 1434 1692 1507 diu
1734 1432 1820 1506 de
1850 1459 1921 1506 re
1940 1431 2271 1534 judicata.
2308 1432 2687 1532 Reliquum
2717 1453 2847 1522 est,

759 1547 1189 1637 intueamur,
1227 1569 1377 1621 uter
1409 1569 1723 1621 nostrum
1761 1548 1894 1622 hac
1926 1549 2228 1649 pecunia
2267 1547 2545 1648 dignior
2577 1574 2716 1621 esse
2747 1548 2852 1619 vi·-

761 1664 1004 1736 deatur
1031 1692 1045 1736 :
1084 1687 1152 1738 et
1175 1688 1250 1738 ut
1272 1665 1565 1739 breviter
1584 1665 1812 1738 dicam
1831 1722 1852 1755 ,
1885 1686 1959 1738 tu
1985 1665 2350 1764 exposuisti
2369 1721 2387 1755 ,
2420 1692 2547 1765 ego
2579 1667 2846 1739 sustuli.

762 1778 913 1851 Scio
935 1801 1000 1852 te
1015 1837 1034 1870 ,
1057 1802 1443 1879 coepturum
1473 1779 1710 1870 altius,
1736 1801 1813 1852 ut
1832 1779 2014 1852 dicas
2034 1780 2247 1879 genui
2274 1808 2288 1852 :
2316 1780 2449 1852 hoc
2474 1800 2608 1872 est,
2634 1806 2848 1879 quare

760 1892 886 1966 tibi
905 1894 1280 1967 debeamus
1305 1894 1533 1968 irasci:
1556 1914 1900 1994 quantum
1923 1893 2011 1968 ad
2027 1914 2094 1967 te
2110 1894 2439 1995 pertinet,
2466 1920 2611 1966 non
2636 1893 2852 1968 habet
2941 1943 2946 1958 ·

762 2010 1145 2110 respublica
1176 2012 1403 2084 virum
1437 2013 1690 2083 fortem
1719 2038 1735 2082 :
1773 2031 1893 2083 aut
1920 2010 2122 2083 illum
2151 2011 2312 2083 ferae
2339 2009 2849 2102 laceraverunt,

760 2145 884 2195 aut
919 2152 1074 2197 aves
1112 2126 1589 2226 diripuerunt,
1631 2146 1754 2198 aut
1789 2124 2077 2224 aliquis,
2119 2125 2309 2225 quod
2347 2124 2570 2198 multo
2610 2126 2699 2199 sit
2734 2126 2850 2197 in-

762 2237 1081 2338 dignius,
1113 2240 1391 2314 sustulit.
1420 2243 1579 2315 leno
1597 2300 1617 2333 ,
1651 2261 1772 2313 aut
1795 2239 2079 2313 lanista:
2117 2267 2197 2312 ex
2225 2240 2399 2312 meis
2431 2240 2549 2312 ille
2579 2240 2852 2314 benefi-

762 2356 881 2427 ciis
916 2378 1115 2431 natus
1148 2374 1313 2432 est¹.
1349 2359 1781 2432 Intuendum
1815 2357 2017 2430 nobis
2057 2357 2263 2430 etiam
2297 2356 2473 2429 illud
2509 2357 2851 2458 praecipue

762 2491 904 2562 est,
957 2499 1109 2571 quae
1157 2500 1362 2546 causa
1408 2472 1910 2546 constituendae
1952 2471 2121 2571 legis
2166 2470 2375 2572 hujus
2417 2473 2627 2544 fuerit
2667 2501 2681 2543 :
2732 2494 2854 2546 aut

762 2586 950 2658 unde
977 2608 1208 2660 ortum
1236 2590 1357 2680 sit,
1388 2611 1468 2663 ut
1491 2614 1635 2661 non
1663 2608 1988 2661 contenta
2012 2587 2242 2662 civitas
2258 2587 2464 2659 fuerit
2480 2586 2849 2686 praemium

704 2691 710 2708 '
760 2701 890 2801 ipsi
919 2701 1063 2775 viro
1093 2702 1255 2775 forti
1288 2703 1590 2794 dedisse,
1640 2702 1760 2775 sed
1804 2703 2016 2776 etiam
2058 2724 2324 2804 patrem
2365 2700 2575 2802 hujus
2614 2700 2848 2775 hono-

762 2818 1063 2889 randum
1093 2820 1448 2893 censuerit.
1472 2820 1729 2904 Ideone
1753 2818 2173 2893 honoratum
2197 2840 2522 2920 putamus
2546 2838 2807 2918 patrem
2827 2875 2847 2909 ,

762 2934 949 3032 quod
993 2935 1350 3033 genuerit?
1394 2963 1483 3007 an
1518 2935 1676 3009 ideo
1710 2937 1934 3035 magis
1967 2936 2249 3036 praemio
2283 2935 2576 3035 dignum
2619 2933 2848 3008 civitas

761 3047 1203 3138 existimavit,
1243 3050 1432 3149 quod
1475 3051 1868 3141 educasset,
1912 3051 2102 3149 quod
2147 3051 2496 3150 impensas
2537 3049 2848 3123 fecisset?

758 3165 859 3237 vis
906 3165 1111 3257 scire,
1146 3193 1361 3266 quam
1395 3167 1526 3241 hoc
1555 3195 1795 3242 verum
1837 3167 1968 3242 sit?
2011 3168 2310 3268 pecunia
2355 3166 2732 3240 honoravit.
2778 3167 2848 3238 Si

761 3281 929 3378 quid
965 3279 1253 3381 pietatis'
1265 3306 1398 3376 est,
1429 3286 1620 3384 quod
1649 3287 1994 3386 imputare
2025 3311 2151 3358 nos
2181 3284 2576 3383 reipublicae
2607 3304 2851 3384 praeter

762 3395 1095 3471 alimenta
1128 3428 1533 3500 possumus,
1582 3402 1756 3475 illud
1793 3424 1921 3493 est,
1971 3402 2068 3473 sic
2101 3401 2424 3492 educavi,
2469 3401 2632 3473 talia
2674 3393 2849 3499 prae·

760 3513 948 3611 cepi,
983 3514 1076 3586 sic
1109 3516 1403 3589 formavi
1442 3544 1716 3590 mores:
1758 3544 1902 3590 non
1941 3537 2040 3589 est
2080 3517 2235 3588 satis
2272 3517 2405 3591 hoc
2433 3516 2802 3613 indignum
2825 3573 2844 3605 ,

760 3628 953 3727 quod
984 3631 1189 3762 talem
1225 3633 1398 3704 tibi²
1428 3634 1661 3708 filium
1694 3633 1869 3707 feci?
1900 3631 2033 3705 Sed
2070 3632 2214 3704 haec
2242 3653 2595 3727 utcunque
2628 3629 2844 3701 videri

836 3835 880 3870 r.
916 3820 1002 3870 Ex
1038 3820 1164 3874 meis
1199 3818 1290 3871 ille
1321 3817 1578 3893 beneficiis
1605 3832 1762 3887 ⁸mum
1840 3821 1929 3887 111,
1948 3819 2027 3886 15,
2050 3818 2137 3872 16:
2166 3819 2598 3888 «Facitparentes
2610 3813 2843 3882 bonitas,

756 3911 843 3952 est.
862 3900 1060 3968 Scribe,
1079 3904 1378 3954 renauss.Ut
1392 3901 1539 3954 Decl.
1557 3902 1757 3954 CCLX:
1848 3925 1869 3949 α
1890 3922 2001 3955 non
2036 3903 2339 3956 necessitas.
2361 3921 2384 3945 π
2423 3897 2643 3950 Senum·-
2669 3927 2742 3937 —-
2758 3895 2844 3947 An

762 3977 1445 4054 «Renatisuntmovumque
1457 3983 1625 4035 fatum
1637 4000 1764 4054 qno-
1843 3982 1974 4036 ideo.
1992 3981 2171 4034 AErod.
2192 3999 2262 4032 an
2285 3997 2345 4030 eo
2369 3975 2479 4030 scil.
2499 3977 2734 4048 proemt'o.

764 4077 787 4100 ι
806 4054 1090 4110 dammodo
1115 4060 1304 4112 sortiti.
1332 4056 1710 4130 Διυπρὸποτμω.
1733 4086 1755 4109 η
1914 4077 1961 4112 2.
1981 4058 2164 4112 Talem
2183 4058 2290 4110 tibi.
2311 4059 2434 4109 Non
2455 4055 2599 4108 mihi.
2617 4056 2687 4106 Ut
2703 4054 2845 4123 Apu-

756 4133 989 4189 Gnouov'.
1009 4140 1085 4191 lta
1100 4141 1248 4193 Deci.
1262 4142 1604 4196 CCCLxxu:
1628 4141 1760 4195 «Sed
1840 4143 2000 4208 leius,
2019 4142 2108 4193 tibi
2124 4138 2372 4206 abstulisti
2388 4162 2402 4191 .·
2427 4138 2479 4191 id
2498 4150 2594 4204 est,
2617 4138 2669 4187 in
2691 4148 2842 4186 tuum

764 4237 786 4263 α
806 4220 1000 4271 meritis
1012 4233 1168 4291 pater
1186 4241 1346 4276 eram.
1370 4246 1392 4271 n
1412 4222 1612 4276 Phaedr.
1629 4223 1757 4277 Fab.
1839 4242 2012 4277 usum.
2038 4222 2255 4276 Senum.
