3200 5117
750 555 878 635 408
1251 553 1343 616 M.
1393 503 2325 634 FABu'QmNTILIAM

748 676 932 748 esse?
961 702 1101 747 non
1134 696 1230 748 est
1260 674 1392 747 hoc
1427 700 1626 772 porro
1659 673 1889 745 simile
1910 688 1958 762 ¹,
1999 700 2163 745 nam
2193 675 2340 773 ipsa
2373 673 2600 745 statim
2627 699 2830 745 scena

748 817 893 863 rem
926 793 1157 863 fictam
1193 816 1334 862 esse
1361 810 1671 861 testatur.
1705 788 1896 860 Stola
1933 789 2050 860 illa
2084 789 2287 860 mimi
2323 790 2482 879 erit,
2519 816 2661 861 non
2692 790 2830 860 ho-

743 906 998 978 minis:
1036 926 1105 976 at
1136 903 1379 978 eadem
1419 904 1476 975 si
1514 904 1652 975 hoc·
1679 903 1924 975 habitu
1960 924 2139 974 extra
2172 930 2446 976 scenam
2477 902 2725 991 fuerit,
2762 923 2831 974 et

743 1020 819 1091 in
846 1019 1109 1092 civitate
1129 1019 1568 1118 processerit3
1596 1019 1836 1089 eadem
1864 1018 2013 1109 illa,
2039 1045 2191 1116 quae
2216 1018 2388 1090 solet
2407 1017 2625 1089 mima
2648 1043 2823 1106 esse,

741 1133 1203 1206 nihilominus
1233 1133 1361 1204 erit
1389 1132 1631 1232 injure
1654 1131 2031 1204 libertatis:
2060 1159 2221 1231 ergo
2250 1131 2496 1203 habitu
2524 1132 2683 1203 satis
2700 1151 2826 1202 tes-

738 1267 879 1319 tata
896 1268 996 1318 est
1014 1245 1423 1318 libertatem.
1443 1244 1680 1336 Quid?
1693 1246 1748 1317 si
1770 1246 1929 1317 fecit
1946 1245 2184 1343 aliqua
2201 1267 2555 1345 tamquam
2572 1245 2826 1317 libera?

736 1362 1039 1461 profecta
1085 1382 1220 1453 est,
1269 1389 1516 1461 parum
1559 1382 1662 1432 est
1700 1361 1964 1452 dicere,
2008 1363 2202 1461 quasi
2250 1362 2593 1460 ingenua,
2629 1362 2824 1459 quasi

741 1475 1064 1565 honesta,
1101 1476 1300 1573 quasi
1341 1475 1484 1546 filia
1523 1495 1663 1548 tua.
1712 1475 1846 1547 Sed
1887 1475 2029 1546 haec
2073 1476 2352 1567 omnia,
2394 1476 2656 1574 inquit,
2695 1475 2824 1546 feci

740 1616 884 1661 non
916 1590 1109 1680 ideo,
1136 1590 1473 1689 quoniam
1504 1616 1660 1661 earn
1691 1589 1762 1661 in
1799 1588 2110 1662 libertate
2135 1617 2279 1663 esse
2307 1590 2650 1662 volebam.
2687 1593 2824 1660 Lex

740 1732 886 1776 non
913 1705 1001 1775 ad
1027 1731 1306 1776 causam
1335 1731 1458 1776 nos
1481 1703 1852 1778 voluntatis
1873 1726 2007 1776 tuae
2031 1706 2276 1795 mittit,
2305 1704 2424 1777 sed
2450 1705 2537 1776 ad
2564 1705 2818 1803 ipsam:

736 1818 812 1889 in
845 1817 1156 1891 libertate
1187 1845 1326 1890 esse
1354 1818 1668 1908 voluisti3
1705 1846 1916 1916 quare
1943 1820 2277 1911 volueris,
2313 1820 2483 1891 nihil
2512 1820 2600 1892 ad
2628 1821 2824 1921 judi-

740 1959 891 2005 cem
915 1989 934 2022 ,
969 1932 1145 2005 nihil
1180 1932 1271 2004 ad
1302 1933 1729 2006 voluntatem
1762 1934 2076 2032 pertinet.
2103 1935 2216 2004 Tu
2250 1954 2487 2006 tamen
2523 1933 2715 2006 illam
2749 1935 2824 2006 in

738 2047 1055 2120 libertate
1077 2074 1223 2121 esse
1252 2048 1576 2121 noluisti²
1604 2076 1618 2119 ε
1656 2068 1733 2120 ut
1763 2050 2160 2147 parcissime
2188 2050 2419 2122 dicam
2438 2107 2456 2138 ‚
2491 2050 2819 2148 maligne.

640 2222 647 2230 .
739 2164 936 2253 Quid
984 2166 1040 2235 si
1094 2162 1425 2236 credibile
1476 2184 1575 2235 est
1602 2219 1621 2252 ‚
1667 2164 1847 2236 hanc
1899 2166 2107 2237 etiam
2156 2165 2582 2237 voluntatem
2631 2186 2824 2237 tuam
2893 2163 2898 2170 ⁴

738 2279 948 2351 fuisse
966 2337 985 2369 ‚
1016 2301 1093 2352 ut
1122 2279 1237 2351 illa
1266 2280 1340 2350 in
1366 2279 1677 2351 libertate
1707 2279 1832 2350 sit?
1861 2280 2033 2377 quid
2062 2278 2295 2352 enim?
2323 2306 2467 2351 esse
2495 2280 2686 2351 illam
2711 2307 2828 2352 vo-

739 2390 923 2464 luisti
955 2392 1306 2465 ancillam.
1343 2391 1608 2494 Cujus?
1637 2420 1781 2465 non
1820 2394 2120 2466 dubium
2145 2416 2243 2466 est
2257 2392 2311 2484 3,
2343 2396 2514 2493 quin
2547 2397 2678 2467 hoc
2700 2423 2828 2468 vo-

740 2527 892 2578 tum
933 2527 1136 2578 tuum
1171 2507 1416 2598 fuerit,
1457 2529 1536 2579 ut
1570 2529 1962 2579 matronam
2001 2509 2449 2607 approbaret,
2493 2531 2571 2581 ut
2605 2511 2825 2581 filiam

740 2641 935 2692 tuam
963 2622 1392 2718 approbaret.
1418 2622 1719 2694 Noluisti
1751 2649 1904 2694 eam
1934 2623 2009 2694 in
2033 2623 2343 2695 libertate
2370 2649 2534 2712 esse,
2564 2622 2651 2693 de
2677 2649 2822 2719 qua

744 2735 923 2807 nihil
960 2738 1178 2834 magis
1212 2737 1539 2827 timebas,
1577 2764 1793 2835 quam
1829 2766 1920 2810 ne
1957 2739 2076 2813 illa
2104 2740 2229 2811 tibi
2250 2797 2268 2830 ‚
2300 2761 2650 2835 tamquam
2677 2763 2816 2808 an-

743 2852 942 2942 cilla,
984 2852 1484 2926 remitteretur?
1520 2881 1951 2953 quamquam
1994 2854 2263 2928 etiamsi
2300 2854 2578 2927 remissa
2612 2873 2821 2944 esset,

735 2966 890 3067 jam
925 2986 1159 3039 tamen
1195 2987 1312 3039 tua
1341 2967 1693 3040 voluntate
1732 2969 1806 3040 in
1849 2969 2158 3042 libertate
2197 2970 2456 3041 fuisset.
2501 2967 2634 3040 Sed
2666 2995 2829 3067 pro-

751 3174 775 3196 ·
795 3163 1126 3222 potestatem.
1150 3178 1173 3200 ι
1203 3153 1367 3206 Plaut.
1392 3153 1583 3227 Amph.
1610 3158 1662 3221 1,
1694 3171 1747 3222 1,

753 3231 858 3280 25:
904 3231 1068 3281 «Non
1104 3250 1228 3283 vero
1264 3233 1395 3284 mihi
1427 3235 1483 3284 in
1519 3247 1750 3285 mentem

1831 3155 2061 3208 libertate
2086 3175 2184 3209 esse
2211 3155 2442 3209 noluisti.
2473 3158 2588 3207 Hoc
2615 3168 2723 3218 est,
2745 3156 2826 3206 Tu

1829 3233 1959 3287 dicis
1999 3248 2050 3288 te
2086 3236 2351 3287 noluisse:
2387 3254 2508 3287 nam
2549 3235 2827 3305 occupatio

758 3329 780 3352 ι
800 3309 920 3360 fuit.
943 3334 965 3357 ι»
996 3311 1130 3363 vide
1155 3311 1399 3365 Gellium.
1428 3316 1607 3366 AEnon.

832 3403 874 3437 1.
896 3389 1012 3440 Hoc
1030 3409 1185 3460 porro
1207 3392 1394 3444 simile.
1417 3394 1535 3445 Hoc
1551 3396 1748 3465 posito,

746 3464 831 3517 vel
860 3468 1118 3540 proposito
1138 3507 1154 3532 ,
1186 3470 1270 3521 vel
1298 3471 1535 3542 protinus
1563 3473 1748 3525 simile.

749 3546 967 3597 Scnnvr.
982 3548 1210 3601 —Stola
1231 3549 1323 3601 illa
1343 3552 1492 3601 mimi
1505 3553 1626 3616 erit,
1645 3571 1750 3603 non

754 3623 995 3678 hominis.
1044 3627 1150 3678 Cur
1197 3646 1307 3680 non
1357 3630 1572 3683 mimoe?
1614 3633 1752 3683 Nam

752 3705 900 3777 quod
920 3705 1188 3778 praecedit,
1209 3709 1362 3759 mimi
1375 3710 1631 3780 partibus,
1655 3728 1752 3781 po·

750 3799 853 3837 test
876 3784 1086 3837 tolerari
1105 3827 1119 3850 ,
1138 3797 1197 3837 ut
1221 3789 1408 3839 mimus
1436 3788 1502 3840 sit
1530 3789 1643 3859 ipsa
1672 3790 1753 3841 fa-

750 3864 895 3917 bula.
916 3866 1081 3918 Giton«.
1101 3866 1283 3916 Mimoe
1300 3868 1499 3937 recepit
1517 3866 1753 3921 Obrech-

752 3956 856 3996 ωε.
879 3946 1038 3997 Μὶηιί
1060 3954 1198 4008 erat,
1223 3946 1401 3997 AErod.

825 4041 873 4075 2.
912 4024 961 4074 T
962 4043 995 4079 ιι
1032 4035 1204 4075 tamen
1240 4021 1390 4075 illam
1430 4025 1482 4077 t‘n
1522 4024 1753 4078 libertate

753 4117 854 4150 esse
873 4101 1098 4160 noluisti.
1116 4101 1385 4168 AErodiu5‚
1407 4104 1627 4156 voluisti.
1651 4105 1755 4156 Me-

752 4176 856 4228 lius
880 4179 1140 4232 Pithoeus:
1167 4179 1260 4233 sed
1283 4182 1639 4253 interpunctio
1659 4182 1755 4234 oh-

753 4269 934 4310 ·curat
965 4256 1159 4311 locum.
1184 4260 1264 4312 Tu
1302 4271 1475 4313 tamen
1511 4262 1662 4314 illam
1697 4262 1752 4315 in

1831 3328 1924 3366 est.
1959 3315 2292 3386 Respondet:
2330 3316 2399 3367 Ut
2427 3315 2720 3385 parcissime
2747 3314 2830 3365 di-

1829 3411 1976 3457 cam,
2010 3392 2241 3464 malique
2261 3415 2282 3442 .-
2313 3412 2503 3464 nempe
2542 3394 2721 3465 egisti,
2748 3392 2830 3444 vel

1827 3473 2058 3526 voluisti.
2070 3473 2236 3525 Giton.
2250 3472 2402 3526 Delet
2418 3487 2470 3525 et
2484 3473 2634 3525 illam
2649 3471 2826 3525 AErod.

1828 3582 1902 3592 --
1927 3550 2147 3607 Voluisti
2174 3564 2232 3605 ut
2249 3554 2561 3626 parcissime.
2587 3551 2828 3607 Voluisti.

1829 3630 1946 3682 Hoc
1968 3629 2062 3700 (ut
2078 3649 2195 3704 par.
2220 3630 2309 3702 d.)
2332 3632 2580 3703 malique.
2610 3633 2826 3684 δαισιν.

1902 3710 1949 3760 3.
1981 3708 2280 3777 Ancillam,
2308 3713 2456 3783 cujus
2479 3730 2584 3763 non
2615 3712 2826 3762 dubium

1830 3796 1917 3841 est.
1939 3788 2003 3838 Et
2027 3787 2129 3838 hoc
2152 3807 2259 3841 non
2284 3789 2593 3858 intelligitur
2615 3792 2727 3842 sine
2753 3789 2829 3840 di-

1833 3868 2124 3918 stinctionis
2174 3867 2365 3919 facula.
2421 3867 2601 3919 Scribe
2624 3889 2637 3918 ι
2693 3866 2831 3938 Quid

1832 3948 2007 3998 enim?
2028 3966 2126 3999 esse
2149 3945 2296 3999 illam
2319 3948 2526 4001 v'olut‘sti
2542 3948 2790 4000 ancillam
2804 3949 2830 3997 Ρ

1835 4030 2028 4098 Cnjus?
2054 4025 2179 4078 Non
2206 4027 2422 4078 dubium
2449 4040 2550 4091 est,
2578 4028 2701 4099 quin
2734 4025 2830 4078 hoc

1832 4117 2006 4158 votum
2042 4116 2190 4157 tuum
2213 4106 2416 4177 fuerit,
2445 4117 2504 4157 ut
2536 4119 2832 4159 matronam

1831 4183 2159 4253 approbaret,
2189 4182 2445 4255 utfile‘am
2473 4193 2634 4236 tuam.
2662 4184 2829 4236 θεοῦ.

1829 4262 1972 4314 Nam
1990 4260 2202 4314 dubium
2221 4272 2307 4314 est.
2330 4260 2546 4315 Senum.
