3200 5117
762 492 1602 559 DECLAMATIONES.
1650 495 2000 564 CCCXII.
2301 502 2424 593 257

336 753 436 775 m

1995 753 2439 783 mmd-

1159 920 1626 1000 CCCXJI.

1017 1151 1314 1224 Heredes
1336 1151 1420 1223 de
1444 1151 1768 1251 depositos

351 1365 621 1452 Quidam
654 1389 694 1429 a
729 1357 1162 1428 commilitone
1194 1349 1466 1444 ejusdem
1501 1360 1740 1422 ordinis
1775 1355 2126 1445 depositum
2157 1359 2440 1449 petebatz

431 1465 682 1549 negavit
704 1462 811 1523 ille
838 1481 905 1522 se
933 1459 1249 1541 accepisses
1282 1459 1498 1536 Quum
1527 1474 1622 1518 res
1650 1458 1782 1519 sine
1811 1470 1962 1520 teste
1996 1475 2182 1539 esset,
2217 1466 2442 1528 oceidit

370 1631 377 1636 ,
433 1590 611 1646 eum,
644 1588 680 1627 a
712 1583 839 1646 quo
866 1560 1149 1644 petebat,
1171 1570 1234 1620 et
1262 1577 1344 1619 sec
1373 1558 1660 1618 Petitoris
1685 1556 1888 1637 heres,
1921 1562 2076 1642 petit
2106 1564 2185 1624 ab
2215 1559 2441 1630 herede

437 1664 686 1728 alterius
708 1657 1176 1724 commilitonis.

1054 1837 1749 1917 DECLAMATIO.

461 2020 532 2091 Si
563 2013 865 2118 pecunia
893 2033 1168 2086 tantum
1199 2016 1272 2087 in
1303 2040 1507 2087 causa
1528 2014 1663 2087 litis
1687 2035 1908 2106 esset,.
1925 2041 2167 2114 parem
2187 2014 2453 2091 videre-

359 2160 528 2208 mur
566 2129 886 2230 litigandi
925 2128 1180 2201 habere
1223 2129 1560 2202 rationem
1595 2156 1611 2201 ε
1657 2157 1848 2203 nuuc
1899 2130 2073 2203 illud
2121 2132 2448 2232 ¹quidem

360 2248 566 2322 nobis
590 2266 774 2317 extra
800 2243 1119 2318 ordinem
1144 2242 1387 2315 accidit
1403 2301 1422 2334 ,
1453 2243 1644 2343 quod
1665 2244 2087 2343 litigandum
2117 2268 2216 2318 est
2238 2248 2452 2320 etiam

357 2381 645 2464 propter
666 2359 901 2458 ipsum
918 2416 937 2450 ,
964 2384 1054 2430 ne
1080 2356 1226 2429 sine
1252 2385 1453 2430 causa
1472 2357 1772 2458 perierit.
1794 2357 2190 2432 Plurimum
2216 2383 2451 2435 autem

356 2476 649 2565 fallitur,
672 2474 728 2545 si
748 2472 903 2573 quis
922 2472 1246 2544 eamdem
1267 2472 1741 2544 conditionem
1761 2493 1961 2572 putat
1978 2473 2456 2577 hujusjudicii

362 2619 444 2665 ac
466 2590 753 2691 prioris:
787 2587 989 2676 desiit
1014 2613 1159 2660 esse
1182 2601 1207 2632 ²
1248 2587 1397 2660 sine
1437 2604 1623 2660 teste.
1659 2589 1839 2687 Ergo
1874 2586 2027 2688 jam
2062 2589 2272 2687 priori
2307 2616 2454 2661 non

364 2727 509 2779 erat
542 2704 702 2777 satis
732 2729 859 2803 pro
891 2729 962 2775 se
995 2701 1260 2775 dicere:
1301 2701 1479 2774 mihi
1516 2721 1662 2774 non
1702 2703 2047 2776 mediocre
2077 2729 2458 2803 argumen-

366 2843 523 2893 tum
561 2840 699 2892 est:
740 2817 796 2889 si
826 2817 981 2915 quis
1020 2817 1212 2889 enim
1245 2817 1434 2891 testis
1472 2817 1765 2891 idoneus
1800 2818 2077 2908 fuisset,
2110 2819 2458 2891 videretur

369 2936 581 3037 hujus
625 2936 883 3008 fiducia
922 2934 1413 3007 calumniatus·
1462 2935 1657 3025 Quid
1705 2935 1781 3006 iu
1826 2962 2033 3007 causa
2076 2949 2174 3007 est
2214 2956 2460 3033 praeter

369 3049 765 3140 veritatem,
799 3071 883 3121 ut
912 3048 1162 3147 aliquis
1204 3048 1276 3119 id
1310 3068 1542 3147 petat,
1574 3047 1766 3147 quod
1801 3047 2079 3144 probari
2112 3074 2258 3120 non
2292 3073 2459 3146 pos-

374 3160 499 3235 sit?
540 3183 607 3233 et
648 3159 1007 3233 inficiandi
1051 3158 1344 3259 quidem
1388 3159 1780 3259 depositam
1822 3161 2196 3259 pecuniam
2234 3160 2463 3233 mani-

370 3279 545 3351 festa
591 3276 757 3350 ratio
806 3299 940 3368 est,
986 3271 1419 3375 cupiditatis,
1469 3275 1638 3348 lucri
1675 3302 1690 3345 :
1741 3275 2020 3374 petendi
2065 3276 2270 3348 etiam
2315 3304 2457 3349 non

374 3392 794 3491 depositam,
839 3392 896 3463 si
937 3416 1089 3489 quae
1131 3389 1553 3488 probationis
1593 3416 1782 3488 speS,
1835 3390 2077 3463 eadem
2117 3371 2320 3464 cauea
2352 3394 2458 3465 sit.

374 3507 938 3607 Quumquidem
964 3507 1217 3604 aliquis
1240 3505 1433 3596 dicit,
1464 3507 1773 3605 Deposui
1797 3507 1984 3605 apud
2003 3527 2099 3598 te,
2129 3509 2256 3581 scis
2280 3509 2461 3607 ipse,

377 3620 546 3724 quid
585 3622 776 3696 aliud
811 3622 1084 3695 videtur
1110 3621 1474 3712 advocare,
1521 3645 1739 3721 quam
1778 3621 1941 3694 deos
1975 3622 2220 3696 testes?
2256 3621 2465 3693 dicite

458 3789 696 3861 1.'Nunc
730 3806 866 3861 illud
899 3809 1122 3882 quidem.
1163 3805 1379 3858 Scribe:
1462 3821 1696 3862 nerent
1718 3827 1815 3862 nos
1837 3809 2001 3881 ipsum
2027 3808 2228 3861 scilicet
2247 3803 2467 3859 militem

378 3887 541 3940 Nunc
568 3883 704 3938 illud
734 3906 942 3961 quoque
974 3898 1119 3938 extra
1150 3886 1383 3937 ordinem
1463 3886 1822 3958 intelligimus.
1849 3889 1941 3939 En.

378 3967 528 4020 nobis
548 3968 771 4036 accedit,
799 3968 940 4041 quod
969 3965 1287 4041 litigandum
1315 3973 1389 4017 est
1539 3985 1587 4018 2.
1616 3966 1783 4019 Dexiit
1808 3983 1923 4018 esse.
1956 3964 2118 4017 Desii!
2146 3962 2210 4015 lis
2235 3980 2334 4016 esse
2358 3964 2470 4015 sine

378 4047 539 4098 etiam
554 4057 770 4118 propter
786 4043 1110 4119 ipsum.Vel‚
1131 4042 1185 4093 id
1200 4043 1383 4115 ipsum.
1469 4058 1505 4103 ι.
1530 4044 1712 4096 AErod.
1735 4072 1808 4083 ——
1829 4044 1970 4117 Erqo
1978 4044 2101 4114 jam
2119 4040 2302 4113 priori.
2330 4040 2470 4115 Erqo

378 4128 546 4180 Grion.
582 4129 667 4182 Ne
700 4128 870 4196 illud,
908 4144 1073 4204 marg.
1108 4123 1284 4176 AErod.
1315 4152 1392 4165 —-·
1469 4124 1613 4195 quod
1616 4126 1736 4195 jam
1756 4141 1839 4194 pr.
1861 4119 2474 4193 Schola—cupiditatis

384 4211 476 4280 Bip
497 4221 714 4282 μωρία·
735 4210 832 4263 hoc
858 4210 1057 4280 ipsum,
1085 4219 1275 4259 neutro
1298 4223 1391 4275 ge·-
1473 4201 1621 4253 lucri.
1664 4179 1936 4272 Cuplditas,
1970 4198 2133 4270 lucri,
2172 4196 2373 4250 Schult.

594 4301 646 4352 6.
2131 4306 2191 4361 ¹7
