3200 5117
756 531 879 600 130
1256 530 1349 595 M.
1398 528 1646 592 mnu
1692 527 2327 610 Qmu‘rtrum

745 678 935 726 sunt:
972 674 1117 723 utra
1148 656 1374 722 utilior
1405 671 1472 719 et
1494 655 1702 742 magis
1727 655 2092 724 necessaria
2116 655 2362 721 civitati
2389 657 2505 736 sit,
2531 679 2832 748 quaereu-

745 766 907 832 dum
940 782 1058 831 est.

1436 876 2140 948 DECL‘AMATIO.

839 1044 1175 1117 Nondum
1200 1068 1346 1113 rem
1374 1065 1702 1144 comparo
1732 1067 1746 1109 ε
1777 1039 2058 1110 interim
2088 1059 2323 1111 utrum
2353 1040 2577 1138 magis
2605 1067 2831 1114 neces—

744 1161 1004 1233 sarium
1039 1156 1294 1257 putatis
1327 1182 1469 1228 esse
1489 1212 1507 1244 ,
1540 1154 1792 1228 servari
1823 1180 1976 1225 eam
2007 1153 2236 1253 legem
2255 1211 2275 1244 ,
2302 1180 2456 1251 quae
2486 1154 2574 1226 ad
2601 1156 2832 1255 sepul-

742 1299 971 1350 turam
1012 1272 1306 1373 alicujus
1340 1271 1719 1371 pertineat,
1753 1296 1844 1344 an
1878 1283 2074 1361 eam,
2103 1296 2258 1370 quae
2286 1268 2374 1346 ad
2407 1296 2684 1371 poenam
2715 1291 2829 1370 ty-

744 1388 988 1464 ranni?
1012 1387 1068 1460 si
1101 1388 1176 1460 in
1197 1406 1421 1459 totum
1448 1384 1555 1460 lex
1579 1385 1792 1460 altera
1812 1384 2118 1460 tollenda
2135 1385 2262 1475 sit,
2284 1411 2411 1460 nec
2435 1384 2509 1460 in
2535 1411 2829 1484 praesens

741 1505 958 1579 modo
1003 1525 1312 1603 tempus,
1363 1502 1484 1575 sed
1527 1502 1606 1576 in
1643 1500 2044 1576 universum
2082 1529 2096 1572 :
2147 1501 2297 1576 sine
2344 1522 2502 1578 utra
2545 1502 2826 1582 tandem

740 1620 1015 1694 facilius
1047 1617 1285 1690 civitas
1313 1615 1558 1690 stabit?
1590 1616 1718 1690 leti
1744 1615 2047 1690 fulmine
2077 1637 2154 1690 ut
2186 1616 2432 1690 eodem
2465 1616 2615 1690 loco
2636 1644 2832 1718 sepe-

740 1737 1034 1824 liantur,
1061 1760 1207 1832 quo
1240 1752 1406 1806 sunt
1436 1732 1778 1831 percussi,
1816 1730 1906 1806 ad
1947 1758 2162 1830 quam
2207 1731 2496 1810 tandem
2541 1733 2827 1812 civitatis

738 1849 1035 1951 pertinet
1077 1843 1488 1922 utilitatem?
1522 1863 1594 1922 at
1628 1845 1904 1918 hercule
1934 1866 2012 1920 ut
2045 1845 2432 1945 insepultus
2464 1846 2829 1948 abjiciatur

737 1989 1113 2068 tyrannus,
1146 1963 1235 2038 ad
1266 1963 1683 2053 vindictam,
1718 1963 1805 2038 ad
1840 1962 2273 2038 securitatem
2306 1965 2628 2063 pertinet.
2661 1969 2822 2042 Non

740 2083 904 2155 natis
924 2099 1341 2181 putaverunt
1360 2078 1690 2180 majores,
1715 2105 1826 2154 eas
1849 2105 2086 2178 peenas
2108 2078 2428 2156 adversus
2451 2101 2826 2179 tyrannum

739 2196 1175 2284 constituere,
1203 2221 1374 2296 quas
1407 2195 1620 2295 possit
1646 2194 1984 2293 excipere¹
2016 2195 2092 2270 iu
2114 2195 2288 2268 vita:
2320 2195 2576 2272 multos
2607 2197 2825 2294 magis

741 2312 959 2412 tangit
1002 2309 1355 2409 sepultura
1393 2338 1407 2381 :
1454 2309 1542 2381 ad
1587 2309 2074 2408 cogitationem
2118 2331 2273 2409 post
2315 2338 2385 2383 se
2425 2312 2819 2384 futurorum

738 2426 1049 2525 plerique
1091 2425 1362 2524 gravius
1407 2446 1825 2498 moventur:
1868 2425 2073 2498 vultis
2113 2423 2323 2502 scire?
2367 2448 2647 2526 propter
2690 2429 2822 2504 hoc

737 2540 1047 2639 litigatur
1075 2566 1088 2609 ε
1124 2559 1222 2611 est
1247 2566 1408 2637 ergo
1440 2538 1695 2610 utilior.
1727 2539 1923 2629 Quid
1963 2540 2018 2611 si
2050 2540 2136 2613 de
2166 2568 2246 2613 eo
2280 2542 2656 2641 quaerimus
2694 2543 2823 2614 ho-

741 2654 890 2745 die,
923 2654 1009 2725 ad
1045 2679 1257 2752 quem
1289 2653 1511 2751 leges,
1545 2651 1683 2730 nisi
1727 2652 1800 2724 in
1842 2679 2119 2756 poenam
2161 2654 2308 2755 ejus
2340 2655 2638 2755 scriptae,
2673 2683 2817 2731 non

741 2765 1129 2869 pertinent?
1176 2767 1359 2839 exuit
1402 2793 1472 2838 se
1514 2786 1853 2865 tyrannus
1878 2783 1930 2859 ²,
1978 2790 2045 2840 et
2084 2769 2282 2870 erigit
2321 2797 2334 2839 :
2383 2797 2589 2869 supra
2633 2772 2819 2870 leges

744 2884 1108 2983 ponendo,
1144 2903 1325 2954 extra
1355 2881 1504 2958 illas
1530 2910 1602 2958 se
1634 2884 1882 2988 posuit.
1914 2885 2304 2960 Hominem
2337 2886 2642 2959 occidere
2674 2913 2815 2958 non

736 2999 931 3089 licet,
968 3021 1349 3097 tyrannum
1380 2998 1575 3070 licet:
1624 3025 2015 3098 expugnare
2044 3000 2338 3073 domum
2371 3003 2472 3073 fas
2509 3029 2651 3074 non
2682 3023 2816 3092 est,

740 3140 969 3188 arcem
1021 3111 1447 3212 expugnabit
1494 3113 1797 3212 optimus
1842 3113 2160 3214 quisque.
2221 3115 2593 3194 Insidiatus
2646 3118 2819 3205 civi,

741 3229 1008 3302 etiamsi
1042 3254 1183 3300 non
1215 3227 1523 3302 effecerit
1554 3228 1810 3318 scelus,
1846 3256 2079 3328 poenas
2109 3251 2344 3303 tamen
2376 3230 2644 3331 legibus
2675 3232 2819 3304 sol·
2873 3293 2880 3299 .

739 3363 887 3417 vet:
917 3364 982 3414 at
1010 3343 1127 3441 qui
1154 3343 1285 3415 hoc
1304 3342 1490 3415 idem
1516 3343 1839 3416 adversus
1859 3365 2235 3443 tyrannum
2257 3346 2525 3436 feeerit,
2554 3346 2816 3418 etiamsi

741 3458 1209 3558 deprehensus
1243 3460 1489 3549 fuerit,
1528 3458 1945 3532 laudabitur.
1989 3463 2131 3531 Lex
2171 3462 2511 3561 praecipue
2560 3463 2682 3532 ista
2728 3461 2816 3533 ad

738 3601 856 3647 eos
884 3571 1217 3673 pertinet5
1252 3573 1373 3669 qui
1406 3572 1665 3670 alioqui
1700 3572 2079 3672 sepeliendi
2109 3596 2273 3645 sunt
2300 3603 2314 3646 t
2354 3574 2564 3674 idque
2593 3573 2816 3644 verbis

733 3689 904 3789 legis
954 3687 1116 3787 ipsis
1162 3686 1609 3760 manifestum
1655 3708 1789 3778 est,
1838 3687 2014 3776 Quo
2053 3707 2224 3776 Qum
2262 3708 2454 3762 Loco
2495 3706 2837 3782 PULMENE·

732 3823 944 3879 JCTUS
967 3823 1252 3892 Fumu‘r,
1276 3821 1370 3874 Eo
1390 3821 1821 3880 SEPELIATUR
1843 3830 1858 3875 ε
1882 3825 2168 3903 apparet
2185 3829 2326 3875 non
2348 3803 2433 3874 de
2455 3801 2816 3900 sepultura

734 3922 987 4026 quaeri,
1013 3919 1132 3992 sed
1157 3918 1412 3991 deloco
1431 3918 1820 4018 sepulturae.
1848 3920 2078 4024 Magis
2102 3917 2459 4018 aliquanto
2479 3943 2625 3990 esse
2653 3943 2818 3990 con-

809 4108 852 4142 t.
870 4091 1136 4163 Excipere.
1153 4089 1273 4141 Vid.
1293 4089 1359 4141 ad
1377 4089 1527 4141 Decl.
1550 4089 1674 4142 330.
1806 4107 1958 4162 supra
1994 4090 2157 4163 leqes:
2187 4107 2341 4162 supra
2375 4088 2508 4161 [eyes
2537 4107 2588 4140 se
2608 4106 2811 4160 ponen-

804 4171 1094 4224 2.Exuitse
1109 4179 1370 4241 tyrannus.
1388 4168 1728 4240 Exuerit(vel
1809 4167 1903 4229 do,
1932 4183 2032 4221 etc.
2059 4170 2278 4221 Senum.
2307 4169 2482 4242 Eriqic
2503 4186 2658 4238 supra
2682 4165 2810 4244 [eyes

730 4246 1009 4317 exmlerit)
1047 4266 1098 4301 se
1143 4258 1395 4320 tyrannus
1432 4259 1485 4300 et
1521 4250 1735 4300 erexerit
1809 4251 2147 4323 seponendO,
2168 4248 2348 4304 AErod.
