3200 5117
734 567 1568 638 DECLAMATIONES.
1616 569 2128 642 CCLXXXIV.
2349 582 2466 650 163

380 711 728 762 momento
743 710 759 739 ¹
785 719 919 786 quo
945 692 1398 784 deprehensus
1421 710 1547 774 est,
1570 692 1935 790 perdiderit
1952 699 2063 788 jus
2085 700 2476 768 sacerdotis?

382 827 471 869 an
512 805 567 869 si
603 801 823 868 adhuc
858 800 1162 869 sacerdos
1202 815 1380 881 erat,
1419 801 1714 890 potuerit
1755 824 1824 867 se
1865 807 2195 892 postulare
2236 809 2305 874 in
2344 809 2473 877 hoc

387 913 702 977 crimine?
721 935 807 977 an
829 909 1043 979 occidi
1066 933 1376 1000 usquam,
1401 910 1529 975 nisi
1559 911 1630 975 in
1657 909 1963 999 publico²
1987 915 2229 1003 possit?

1082 1115 1786 1224 DECLAMATIO.

489 1347 705 1440 Quod
722 1344 899 1418 mihi
918 1345 1208 1436 sufficit,
1231 1342 1628 1416 adulterum
1648 1342 2074 1442 deprehendi
2097 1371 2113 1416 τ
2142 1371 2271 1418 nec
2292 1348 2482 1422 enim

393 1462 540 1535 ulla
563 1461 902 1560 excipitur
928 1483 1256 1560 persona;
1288 1478 1357 1530 et
1385 1457 1653 1557 turpius
1682 1478 1781 1529 est
1806 1456 2226 1532 adulterium
2261 1461 2335 1533 in
2369 1489 2484 1535 sa-

394 1580 687 1653 cerdote.
731 1585 1023 1677 Legem,
1060 1575 1323 1676 inquit,
1360 1575 1644 1647 habuit:
1681 1574 1812 1647 hoc
1851 1573 1985 1650 tale
2018 1599 2152 1668 est,
2188 1579 2391 1678 quale
2424 1582 2479 1654 si

394 1697 660 1794 ignosci
699 1694 829 1767 sibi
869 1694 1034 1765 velit
1076 1694 1213 1765 dux
1255 1689 1632 1792 proditor³,
1664 1692 1928 1765 vitiator
1960 1694 2240 1794 pupillae
2273 1717 2477 1771 tutor.

395 1811 530 1885 Sed
572 1812 757 1907 finge
804 1838 918 1882 me
961 1836 1039 1880 ex
1081 1808 1471 1918 suspicione
1504 1807 1722 1912 egisse
1764 1836 1926 1880 cum
1970 1810 2091 1881 illo
2124 1810 2478 1886 adulterii:

394 1954 654 2026 nempe
681 1926 1049 1997 damnatus
1078 1922 1402 1995 caruisset
1430 1921 1843 1996 sacerdotio:
1877 1924 2129 2025 adjice,
2165 1928 2349 2024 quod
2376 1927 2484 2001 lex

393 2058 801 2141 potestatem
832 2031 1159 2110 servandi
1178 2037 1492 2110 concedit
1523 2037 1820 2110 alterius
1854 2039 2206 2138 Scriptum
2236 2060 2373 2133 est,
2407 2065 2486 2116 ut

395 2156 525 2255 qui
550 2155 771 2225 civem
794 2153 1181 2244 servaverit,
1208 2152 1662 2226 honoretur4:
1699 2153 2043 2253 numquid
2069 2177 2292 2255 potest
2317 2185 2483 2258 prae-

394 2270 632 2343 mium
666 2269 1004 2369 accipere,
1048 2269 1168 2368 qui
1212 2296 1284 2342 se
1318 2269 1644 2343 servavit?
1672 2273 1800 2342 aut'
1824 2267 2242 2372 injuriarum
2279 2273 2483 2346 dam-

396 2383 554 2456 nari
574 2439 592 2472 ,
623 2384 837 2482 quise
866 2383 1278 2483 pulsaverit?
1301 2386 1637 2456 Praeterea
1665 2383 1770 2455 lex
1797 2383 2110 2456 adulterii
2135 2385 2320 2484 prior
2344 2410 2444 2460 est
2461 2448 2480 2481 ‚

398 2525 614 2598 quam
642 2498 1048 2572 sacerdotis:
1077 2495 1389 2571 sacerdos
1417 2497 1606 2571 enim
1637 2520 1825 2599 optat
1849 2499 1920 2571 in
1947 2499 2268 2608 publico:
2295 2503 2485 2600 quod

401 2614 458 2686 si
482 2612 875 2686 adulterum
901 2612 1260 2713 tetigerit⁵‚
1284 2616 1511 2686 evasit.
1539 2611 1781 2705 Quid?
1804 2609 1994 2713 quod
2019 2615 2132 2687 ille
2156 2641 2281 2715 pro
2307 2617 2490 2689 duo-

402 2729 533 2802 bus
576 2728 888 2828 petebat?
932 2713 1098 2822 nam
1138 2730 1449 2804 adultera
1489 2731 1640 2804 sine
1680 2731 1992 2804 adultero
2033 2747 2177 2804 non
2221 2747 2487 2834 poterat

405 2844 620 2916 occidi
649 2871 664 2916 ε
702 2866 769 2918 et
802 2867 969 2918 tunc
1003 2846 1240 2944 utique
1275 2846 1531 2919 caedent
1565 2847 2095 2926 commisissem.

405 3082 575 3134 liunus
587 3081 747 3154 hujus
763 3067 1303 3149 controversiaelib.V‚
1322 3102 1403 3150 ιο,
1485 3102 1592 3135 non
1619 3101 1680 3134 eo
1704 3095 1995 3147 momento,
2023 3103 2125 3156 quo
2150 3082 2490 3156 deprehensus

414 3159 544 3227 104:
588 3186 609 3210 ιι
632 3163 747 3216 Hoc
776 3184 943 3238 genus
977 3179 1404 3237 argumentorum
1484 3173 1583 3226 est,
1605 3160 1884 3231 perdiderit
1894 3165 1988 3234 jus
2007 3162 2293 3214 sacerdotis.
2319 3164 2485 3215 Gnou.

410 3242 851 3298 unnedicamusex
866 3247 1259 3299 circumstantia
1262 3248 1408 3318 ..quia
1560 3256 1606 3291 2-
1635 3238 1720 3289 An
1749 3240 1911 3289 occidi
1933 3258 2150 3311 “squam
2180 3240 2279 3291 ”551⁶
2305 3241 2360 3293 1'12
2382 3261 2488 3314 pu·

410 3342 521 3389 οιρι
514 3323 662 3375 'amno
665 3348 685 3379 v
708 3326 881 3380 dicere
905 3329 1057 3381 aliter
1077 3347 1187 3379 non
1216 3346 1404 3398 possu-
1490 3318 1622 3371 blico
1642 3320 1814 3390 possit.
1838 3320 2027 3390 Optare
2045 3338 2287 3392 usquam,
2305 3324 2483 3376 AEnon.

410 3422 557 3456 mus.
543 3404 656 3457 ·vel
675 3424 732 3458 ex
753 3409 813 3459 iis
833 3427 945 3480 quae
964 3409 1221 3478 cujusque
1241 3426 1409 3460 causoe
1558 3400 1591 3453 3
1653 3400 1775 3450 Dux
1803 3417 1859 3471 p
1847 3402 2049 3453 oditur.
2084 3402 2189 3468 Qui
2225 3421 2388 3472 quum
2425 3423 2490 3458 ex

406 3484 628 3556 propria
662 3500 814 3537 sunt.
850 3501 910 3538 ut
943 3489 997 3539 in
1035 3487 1125 3538 ino
1163 3486 1407 3539 adultero
1486 3479 2487 3558 legepraem1¹petend11ushabeat‚pro

410 3561 713 3629 sacerdote,
735 3565 825 3636 qui
843 3564 985 3635 lege,
1005 3584 1107 3636 qna
1128 3568 1284 3617 unius
1299 3585 1407 3618 ser·
1492 3565 1705 3633 praemio
1723 3560 2060 3615 abolitionem
2079 3579 2246 3634 petat:
2270 3582 2324 3620 et
2341 3567 2492 3640 quod

406 3641 565 3694 vandi
587 3656 905 3714 potestatem
928 3644 1194 3710 habebat,
1219 3664 1274 3698 se
1296 3648 1410 3717 ipse
1490 3641 1656 3691 tutori
1677 3658 1770 3710 pro
1755 3639 1980 3693 »salario
2001 3643 2223 3695 debetur
2244 3646 2493 3697 adminis-

413 3738 616 3774 servare
642 3721 837 3774 voluit·
873 3725 1147 3793 proprium
1176 3737 1254 3776 est
1282 3743 1413 3775 con-
1491 3732 1636 3770 tratae
1660 3718 1832 3770 tuteia’
1859 3724 2097 3780 nomine,
2117 3721 2168 3772 id
2188 3724 2289 3774 sibi
2307 3737 2494 3794 stupro

411 3801 667 3851 troversiae
681 3799 884 3855 dicere·
872 3842 887 3866 ,
906 3804 1024 3854 Non
1041 3820 1204 3853 unum
1221 3821 1414 3866 not-en·
1495 3813 1771 3869 acceptum
1795 3800 1946 3856 ferat.
1973 3781 2234 3854 AEnoums.

411 3889 519 3929 tem
544 3878 800 3940 servabis,
824 3883 950 3953 quia
982 3895 1031 3933 te
1061 3880 1302 3933 adultero
1333 3881 1414 3933 di·
1566 3882 1619 3948 4.
1661 3881 1977 3934 Honor-etur.
2028 3883 2168 3948 Alii,
2208 3893 2494 3933 coronetur.

414 3956 602 4022 misso,
626 3956 922 4011 adulteram
946 3958 1191 4012 occidere
1216 3978 1323 4010 non
1353 3959 1418 4009 li·
1497 3963 1646 4012 Pura.

412 4032 571 4085 cebit.
607 4035 723 4087 Hoc
756 4039 896 4089 enim
929 4051 1297 4108 argumentum
1334 4034 1419 4089 lex
1570 4043 1619 4095 5.
1638 4040 1837 4110 Quodsi
1849 4039 2144 4092 adulterum
2160 4041 2392 4114 tetigerit.
2404 4043 2502 4095 Po-

412 4112 539 4164 facit
552 4133 705 4184 ‚quae
722 4115 972 4187 prohibet
994 4115 1288 4169 adulteram
1307 4116 1420 4168 sine
1500 4118 1654 4171 εἰει-ἔτ.
1681 4120 1859 4170 AEnon.
1896 4119 2046 4189 Quod
2074 4122 2118 4171 si
2145 4120 2354 4173 adulter
2381 4122 2499 4175 teti-

414 4194 652 4248 adultero
678 4198 913 4251 occidi.
947 4200 1210 4260 AEnonms.
1496 4199 1645 4270 gerit.
1668 4196 1885 4250 Senum.
1905 4197 2238 4252 Adulterium
2253 4202 2500 4278 tetigerit,

490 4290 535 4327 1.
566 4273 656 4329 An
686 4295 747 4330 eo
781 4290 1064 4334 momento.
1100 4275 1316 4333 Scribe:
1350 4297 1425 4332 an
1501 4297 1668 4351 marg.
1694 4278 1873 4333 AErod.

2174 4384 2252 4420 11.
