3200 5117
763 564 893 641 410
1272 557 1366 623 Μ.
1414 558 1664 621 FAan
1709 558 2346 641 anrrmum

760 700 896 749 tem
935 685 1126 750 istam
1153 683 1557 750 affectantis:
1592 681 1723 752 hoc
1751 682 1906 751 ideo
1933 707 2072 751 non
2091 707 2312 751 amare
2329 735 2347 764 ‚
2371 708 2500 752 nec
2526 685 2860 768 districte,

760 791 1051 879 primum
1074 787 1259 879 quod
1291 805 1511 877 potest
1544 788 1654 855 hic
1679 812 1821 857 esse
1850 788 2162 857 dominus
2185 791 2395 872 illius,
2425 794 2481 860 si
2509 794 2597 859 ita
2615 794 2864 885 judici·

760 894 889 962 bus
919 893 1282 975 videbitur3
1308 893 1554 960 deinde
1579 895 1765 986 quod
1789 896 1984 966 nobis
2009 919 2114 964 res
2137 919 2289 962 eum
2313 921 2395 966 eo
2419 914 2553 978 est,
2583 901 2694 965 cui
2723 924 2865 989 gra·

761 1002 883 1068 tias
934 1004 1187 1091 agimus
1214 1052 1233 1083 ,
1283 1002 1471 1091 cujus
1523 1003 1866 1071 voluntate
1913 1003 2192 1071 dicimus
2253 1028 2374 1072 nos
2431 1006 2502 1071 in
2559 1005 2865 1072 libertate

762 1107 985 1173 fuisse.
1034 1109 1111 1172 1n
1155 1130 1410 1174 summa
1453 1127 1641 1197 parte
1688 1107 2176 1190 advocationis,
2222 1109 2623 1178 advocamus
2666 1114 2866 1178 etiam

760 1210 1250 1279 adolescentem
1285 1213 1504 1293 illum,
1533 1216 1723 1303 quasi
1750 1212 2144 1281 advocatum
2163 1267 2179 1297 ,
2206 1216 2320 1305 qui
2354 1232 2582 1281 nostro
2613 1214 2861 1281 benefi-

762 1318 867 1386 cio
894 1317 1281 1408 redemptus
1305 1336 1423 1384 est.
1458 1321 1791 1386 Promittit
1823 1339 2180 1410 praeterea,
2216 1322 2370 1400 ista,
2403 1344 2551 1411 quae
2578 1324 2646 1386 in
2673 1321 2862 1387 here·

764 1425 971 1493 ditate
1013 1426 1240 1492 relicta
1282 1443 1469 1505 sunt,
1514 1427 1691 1493 illius
1731 1450 1894 1494 esse.
1933 1431 2147 1514 Quam
2187 1451 2450 1494 causam
2486 1428 2864 1494 revertendi

763 1533 999 1599 habuit
1038 1533 1277 1599 aliam?
1307 1534 1494 1599 licuit
1530 1534 1659 1615 illi,
1701 1537 2044 1625 ignorante
2084 1558 2198 1617 eo,
2237 1537 2305 1601 in
2346 1535 2566 1624 aliqua
2602 1536 2862 1602 civitate

766 1637 1143 1705 subsistere.

769 1871 1113 1894 “m
1118 1872 1596 1895 mmm
1603 1873 2865 1896 mmmmmm

1512 2056 1578 2131 C
1602 2055 1667 2132 C
1687 2056 1753 2132 C
1774 2055 1851 2131 X
1872 2056 1986 2131 LI
2007 2057 2039 2130 Ι
2057 2055 2117 2132 l.

935 2269 1500 2366 Circumcriptor
1521 2271 1874 2367 pauperis,
1906 2266 2130 2339 divitis
2163 2273 2460 2366 raptoris
2490 2296 2696 2343 socer.

772 2461 1421 2522 Cntcumscmrnoms¹
1442 2482 1535 2521 sn·
1547 2481 1746 2522 ac‘no.
1768 2462 2010 2544 Pauper
2026 2475 2088 2523 et
2105 2461 2272 2523 dives
2291 2462 2574 2524 eamdem
2593 2461 2866 2546 puellam

850 2558 1142 2641 petebant
1178 2558 1245 2619 in
1282 2559 1799 2620 matrimonium:
1833 2574 2012 2642 capta
2043 2571 2132 2619 est
2162 2558 2304 2636 illa,
2336 2580 2474 2642 quae
2503 2561 2864 2642 petebatur:

850 2657 1061 2739 posuit
1095 2654 1518 2716 conditionem
1548 2656 1920 2738 petitoribus
1951 2667 2155 2739 pater,
2183 2655 2311 2738 ejus
2344 2670 2519 2732 esset,
2547 2658 2654 2738 qui
2685 2657 2862 2717 rede-

852 2753 1090 2816 misset:
1128 2773 1366 2836 pauper
1398 2751 1711 2835 profectus
1741 2767 1867 2832 est,
1904 2767 1964 2818 et
2000 2752 2262 2814 redemit
2287 2753 2599 2835 virginem.
2627 2753 2861 2833 Rapuit

851 2849 1025 2911 illam
1043 2852 1414 2933 competitor
1430 2852 1630 2912 dives:
1650 2852 1874 2912 educta
1898 2852 1976 2912 ad
2005 2852 2397 2933 magistratus
2418 2849 2661 2933 nuptias
2683 2862 2865 2932 opta·

854 2950 962 3010 vit.
988 2937 1591 3031 circumscriptionis
1617 2963 1939 3011 accusatur
1964 2963 2137 3032 pater
2159 2972 2196 3010 a
2220 2970 2509 3033 paupere.

1635 3136 2001 3202 SERMO.

865 3291 1013 3355 Non
1050 3307 1307 3358 tantum
1344 3291 1533 3356 nobis
1569 3291 1639 3355 in
1675 3290 1806 3358 hoc
1846 3290 2285 3357 laborandum
2319 3306 2453 3370 est,
2484 3306 2560 3352 ut
2592 3288 2867 3355 circum-

779 3396 1056 3485 scriptus
1085 3398 1167 3464 sit
1187 3396 1599 3478 adolescens,
1626 3416 1947 3491 quantum
1973 3397 2210 3476 inille,
2236 3414 2312 3463 ut
2334 3395 2865 3483 circumscriptus

779 3503 860 3567 sit
891 3525 929 3566 a
956 3521 1161 3591 patre.
1196 3508 1355 3572 Esse
1385 3508 1563 3571 enim
1589 3508 1838 3597 justam
1862 3505 2200 3597 querelam
2231 3506 2407 3597 ejus,
2439 3504 2554 3595 qui
2585 3501 2866 3569 redemit

778 3625 846 3674 et
872 3608 1167 3692 reduxit,
1195 3637 1404 3703 quum
1431 3615 1798 3703 praesertim
1838 3612 1962 3678 sub
1995 3630 2189 3702 pacto
2226 3611 2620 3690 redemerit,
2663 3608 2868 3674 mani-

777 3719 1021 3786 festum
1054 3735 1170 3785 est.
1201 3722 1563 3788 Eximitur‘
1594 3725 1888 3812 exparte
1925 3719 2183 3787 diversa
2213 3721 2309 3785 rei
2341 3740 2643 3810 persona.
2669 3713 2864 3801 Quod

854 3908 899 3943 1.
927 3892 1441 3965 Circumscriptionis.
1462 3891 1599 3944 Vide
1631 3893 1778 3965 Sulp.
1862 3894 1949 3946 te?
1975 3911 2041 3944 an
2058 3891 2289 3965 „eximit
2319 3898 2494 3943 tamen
2522 3905 2643 3959 pars
2669 3886 2867 3939 diversa

775 3968 912 4021 Viet.
936 3972 1061 4021 Inst.
1087 3971 1236 4023 Orat.
1263 3987 1383 4042 pag.
1413 3971 1532 4039 259.
1558 3969 1776 4021 Senum.
1862 3974 1936 4025 rei
1947 3970 2486 4044 personam?Scnm:1-.
2502 3969 2744 4020 ——Pater
2755 3979 2869 4019 tan·

776 4051 1286 4124 -Circumscriptia
1300 4050 1417 4104 vid.
1440 4049 1638 4103 *Paulus
1661 4050 1714 4100 in
1743 4048 1777 4099 l.
1861 4060 1970 4101 tum
1986 4050 2239 4122 promisit.
2259 4050 2447 4114 Forte,
2464 4046 2733 4119 permisit.-
2757 4062 2868 4096 non

776 4124 889 4178 haec
909 4132 1063 4182 actio.
1080 4132 1146 4183 D.
1165 4131 1218 4184 si
1234 4148 1447 4183 mensor
1460 4126 1653 4181 falsum
1665 4146 1783 4180 mo·
1861 4131 2093 4194 curavit,
2123 4142 2180 4181 ut
2210 4140 2414 4200 raperet
2430 4165 2447 4192 ‚
2471 4145 2579 4178 non
2606 4140 2664 4178 ut
2687 4122 2869 4196 puella

780 4203 907 4257 dum
926 4207 1085 4261 dixer.
1861 4220 2096 4279 optaret:
2119 4224 2306 4280 pastus
2325 4206 2487 4259 modo
2506 4217 2586 4258 eat
2602 4202 2717 4257 haec
2734 4203 2867 4255 fieri.

855 4305 901 4337 α.
926 4287 1201 4341 Eximitur.
1223 4291 1334 4355 An,
1353 4290 1609 4361 excipitur
1622 4309 1655 4340 a
1668 4307 1786 4361 pm*-
1861 4287 2095 4340 Gnonov.
