3200 5117
769 563 1600 632 DECLAMA‘rloNEs.
1646 565 2091 632 cccx-xm
2343 563 2465 630 315
2574 653 2581 658 .

399 690 732 791 quoniam
768 689 843 761 in
873 688 1263 790 sacrilegio,
1312 688 1589 788 propria
1634 690 1876 787 templi
1925 690 2175 791 injuria
2216 711 2348 780 est3
2393 691 2467 762 in

399 805 845 880 damnatione
872 805 993 892 rei,
1018 803 1331 875 alienum
1356 804 1641 876 crimen.
1664 805 1765 875 Ita
1787 803 1930 876 illic
1955 807 2318 903 praemium
2336 826 2469 896 est3

395 925 508 996 hic
529 921 851 1008 solatium
877 948 891 991 :
916 919 1059 993 illic
1085 920 1290 993 datur
1307 920 1433 992 ista
1460 920 1789 1018 pecunia3
1820 919 1932 991 hic
1956 922 2472 1019 quodammodo

399 1038 727 1111 redditur.
757 1039 922 1109 Haec
956 1034 1384 1134 comparatio
1410 1055 1612 1124 esset,
1642 1035 1698 1107 si
1738 1035 1915 1135 ipsas
1947 1036 2129 1134 leges
2154 1036 2478 1107 commit-

401 1174 739 1225 teremus:
773 1177 966 1232 nunc
998 1171 1231 1221 nostra
1259 1170 1327 1223 et
1357 1171 1669 1249 tempore
1702 1151 1892 1250 prior
1919 1169 2060 1222 est:
2096 1170 2253 1222 ante
2286 1150 2474 1220 enirn

399 1264 749 1340 commisit
798 1264 1241 1363 sacrilegium
1267 1321 1286 1353 ,
1333 1291 1546 1364 quam
1593 1264 1882 1338 caedem.
1931 1267 2301 1336 Accusator
2343 1261 2477 1334 hoc

398 1383 667 1473 nititur,
707 1381 896 1480 quod
941 1403 1102 1454 ante
1144 1381 1516 1454 damnatus
1557 1381 1644 1452 sit
1678 1380 1916 1469 caedis,
1958 1407 2171 1478 quam
2208 1379 2481 1451 sacrile-

398 1500 593 1598 gium
639 1498 993 1571 confessus
1035 1496 1120 1567 sit
1154 1524 1170 1568 t
1222 1523 1366 1568 non
1411 1516 1510 1570 est
1549 1516 1784 1570 autem
1828 1496 2251 1569 intuendum
2275 1553 2293 1586 ‚
2335 1520 2477 1594 quo

397 1635 703 1713 tempore
731 1610 1072 1711 aperuerit
1095 1636 1165 1683 se
1196 1611 1401 1710 culpa
1417 1666 1437 1700 ‚
1466 1610 1585 1683 sed
1608 1637 1750 1709 quo
1773 1631 2080 1709 tempore
2104 1610 2476 1682 commissa

399 1727 522 1814 sit,
570 1751 708 1823 quo
750 1745 1057 1822 tempore
1100 1724 1278 1798 hanc
1323 1750 1638 1824 poenam,
1679 1725 1767 1797 de
1800 1751 1941 1824 qua
1974 1725 2324 1824 quaeritur,
2359 1724 2475 1795 ille

400 1839 729 1910 meruerit
756 1866 770 1908 :
808 1838 877 1909 id
911 1866 1134 1936 quum
1167 1838 1314 1938 ipsa
1343 1861 1583 1912 natura
1609 1838 1881 1940 justum
1916 1859 2048 1929 est,
2089 1860 2241 1911 turn
2268 1837 2470 1910 etiam

400 1951 671 2050 legibus
703 1972 1066 2051 apertum:
1105 1953 1176 2025 in
1212 1953 1394 2025 caede
1429 1954 1620 2026 enim
1648 1954 2018 2054 spectanda
2055 1955 2139 2026 sit
2176 1953 2473 2025 damna-

400 2067 532 2156 tio,
581 2067 653 2139 in
700 2066 1054 2164 sacrilegio
1102 2089 1378 2167 tempus
1424 2069 1658 2167 ipsum
1702 2070 2118 2143 intuendum
2158 2097 2172 2140 ε
2220 2068 2476 2169 quare?
2532 2111 2541 2114 -

402 2184 734 2280 quoniam
779 2184 889 2256 lex
930 2203 1051 2255 tua
1097 2184 1189 2255 ita
1232 2184 1484 2284 scripta
1526 2206 1668 2277 est,
1715 2206 1793 2258 ut
1837 2187 1958 2284 qui
2004 2186 2471 2276 damnaverit,

402 2297 588 2370 bona
606 2298 947 2396 possideat
965 2324 979 2338 ·
1003 2299 1351 2398 possidere
1371 2326 1514 2371 non
1536 2323 1729 2400 potes
1746 2315 1793 2392 ¹3
1814 2301 1924 2374 lex
1944 2328 2101 2374 mea
2120 2303 2213 2374 ita
2229 2301 2475 2401 scripta

403 2433 538 2504 est,
596 2433 672 2486 ut
729 2414 914 2488 bona
966 2414 1275 2514 sacrilegi
1339 2415 1429 2487 ad
1483 2415 1696 2487 deum
1755 2418 2165 2516 pertineant.
2233 2417 2472 2489 Statim

402 2555 596 2626 ergo,
631 2551 710 2601 ut
742 2531 902 2602 fecit
935 2530 1371 2629 sacrilegium
1392 2590 1411 2623 ,
1455 2532 1739 2606 devotus
1774 2533 1937 2605 huic
1974 2559 2189 2632 poenae
2225 2554 2362 2604 est:
2410 2552 2477 2603 et

400 2663 553 2714 ante
591 2643 718 2717 ista
751 2643 938 2716 bona
967 2645 1055 2717 ad
1096 2645 1308 2718 deum
1345 2646 1686 2746 pertinere
1715 2666 2098 2746 coeperunt,
2130 2672 2341 2743 quam
2368 2644 2475 2715 lex

402 2757 782 2860 damnaret.
822 2757 1003 2834 Vide
1057 2783 1401 2859 quantum
1459 2761 1730 2836 recedas
1781 2763 1871 2836 ab
1917 2762 2266 2836 intellectu
2297 2759 2474 2862 juris

400 2874 714 2976 hujusce:
737 2877 795 2949 si
815 2877 1076 2951 caedem
1094 2899 1254 2951 ante
1275 2878 1713 2978 sacrilegium
1734 2879 2221 2967 commisisset,
2246 2897 2473 2950 tamen

402 2990 731 3088 quoniam
765 3014 1000 3092 postea
1032 2993 1230 3067 caedis
1258 2994 1626 3067 damnatus
1655 3015 1858 3085 esset,
1888 2995 1974 3067 ad
2004 2995 2217 3067 deum
2244 2990 2474 3091 potius

402 3107 856 3204 pertinerent:
890 3136 1035 3181 non
1060 3109 1251 3181 enim
1285 3110 1633 3208 prodesset
1660 3111 1818 3199 tibi,
1846 3110 2034 3209 quod
2063 3109 2252 3210 prius
2274 3105 2472 3179 eaedis

401 3240 673 3321 tempus
703 3245 907 3314 esset3
947 3223 1279 3321 quoniam
1309 3222 1416 3295 lex
1447 3244 1564 3296 tua
1594 3251 1737 3295 non
1780 3223 1869 3297 ad
1898 3223 2195 3311 caedem„
2234 3220 2350 3292 sed
2384 3219 2472 3291 ad

402 3335 927 3411 damnationem
968 3338 1263 3437 pertinet
1301 3367 1314 3410 ε
1362 3345 1552 3411 nunc'
1579 3366 1742 3412 vero
1784 3366 2006 3437 quum
2043 3331 2475 3433 sacrilegium

403 3472 564 3523 ante
607 3452 1054 3525 commissum
1095 3454 1470 3553 sit‚*quam
1511 3454 1770 3525 caedes:
1814 3478 1954 3524 non
1996 3472 2097 3523 est
2137 3449 2469 3536 dubium,

402 3564 573 3661 quin
620 3565 804 3638 bona
853 3567 978 3640 ista
1016 3567 1260 3668 templi
1301 3569 1464 3641 sint.
1516 3571 1609 3641 At
1653 3567 1843 3641 enim
1890 3564 2253 3665 praemium
2297 3559 2470 3634 mihi

405 3674 735 3750 debetur:
775 3706 934 3753 meo
976 3681 1170 3755 enim
1198 3682 1541 3755 beneficio
1583 3703 1648 3754 et
1677 3679 2113 3778 sacrilegium
2149 3675 2321 3748 illud
2357 3674 2473 3742 in-

402 3810 688 3861 ventum
735 3816 835 3866 est
874 3822 888 3866 :
926 3794 1149 3867 immo
1193 3794 1469 3870 hercule
1508 3796 1713 3868 etiam
1761 3793 1880 3866 illa
1921 3792 2207 3879 caedes²‚
2253 3787 2472 3858 bene-

479 3958 525 3992 r.
549 3943 809 3999 Possidere
833 3966 936 3999 non
957 3959 1117 4022 potes.
1147 3949 1270 4019 Quoe
1287 3967 1401 4021 pos-
1477 3948 1640 4015 Malu,
1655 3944 1899 4020 beneficio
1916 3946 2086 4017 huius,
2098 3940 2294 3995 Schult.
2312 3941 2473 3992 Bene-

399 4020 558 4073 siderc
589 4041 693 4075 non
725 4038 900 4098 potes,
931 4028 1199 4078 Francius.
1234 4028 1398 4080 Possi-
1462 4027 1594 4102 ficio
1627 4031 1768 4102 quo?
1808 4027 1938 4081 Obr.
1974 4017 2234 4097 Beneficio
2266 4021 2470 4088 divino,

399 4099 518 4154 dere
538 4114 710 4156 autem
735 4124 788 4158 n.
811 4127 864 4179 p.
892 4107 1069 4158 AErod.
1479 4124 1600 4162 ante
1640 4111 1937 4179 conjecerat
1976 4105 2053 4158 Cl.
2084 4101 2439 4173 Schultingius
2456 4140 2473 4168 .,

472 4184 710 4236 2.Ett'am
732 4183 828 4237 itta
851 4186 1008 4237 coedes
1025 4181 1269 4257 beneficio
1288 4205 1397 4239 suo.
1477 4189 1566 4242 sed
1591 4192 1781 4242 iterum
1805 4187 2097 4241 induxerat.
2122 4187 2303 4251 Forte,
2325 4184 2473 4235 bene-

403 4261 608 4330 Scribe,
653 4263 896 4340 beneficio
927 4268 1197 4344 sacrilegii.
1231 4270 1394 4322 Gnou.
1464 4268 1596 4344 ficio
1620 4272 1731 4336 dei,
1754 4269 1865 4335 vel,
1893 4265 2135 4342 benefido
2158 4265 2398 4320 numinis.
