3200 5117
737 523 818 587 38
1231 517 1324 579 M.
1373 512 1624 577 FABn
1671 509 2306 604 QUlN'llelAM

735 640 998 716 diutius
1036 637 1246 740 quaeri
1279 655 1531 736 potest,
1571 659 1664 705 an
1694 630 2120 721 maleficium
2149 631 2271 720 sit,
2300 629 2499 731 cujus
2534 653 2812 730 poenam

732 758 998 847 solvat¹3
1023 754 1390 858 praem'ium
1415 776 1637 851 operae
1662 777 1805 822 non
1822 748 2003 821 clam
2025 774 2251 846 neque
2271 767 2553 834 secret0,
2575 770 2816 845 quam·

734 903 946 1005 quam
989 875 1113 945 ista
1147 896 1423 969 quoque
1458 869 1764 966 profecto
1787 868 1963 938 facta
1985 886 2175 958 sunt,
2211 864 2331 936 sed
2362 863 2593 961 palam
2623 859 2813 960 apud

733 990 1166 1089 magistratus
1182 987 1254 1056 in
1270 984 1500 1057 medio
1516 985 1668 1055 foro
1685 980 2038 1061 numeret?
2053 979 2383 1052 Vidimus
2401 978 2640 1050 decem
2662 973 2815 1046 mil-

732 1104 849 1194 lia,
876 1130 1025 1201 quae
1042 1101 1330 1200 parasito
1348 1099 1651 1170 donasti:
1687 1119 2058 1198 interrogo,
2076 1122 2287 1195 quare
2308 1095 2497 1165 ?non
2512 1112 2612 1166 est
2632 1088 2814 1162 istud

731 1238 1016 1316 propter
1034 1216 1253 1312 longae
1273 1212 1610 1285 servitutis
1627 1211 1876 1301 officia,
1896 1238 2039 1282 non
2062 1211 2367 1298 illarum,
2389 1207 2644 1307 quibus
2660 1231 2816 1304 gra-

732 1331 903 1404 tiam
919 1330 1196 1419 meruit,
1212 1328 1798 1401 contumeliarum
1815 1355 1829 1397 :
1846 1327 2086 1400 decem
2103 1326 2327 1397 millia
2339 1325 2613 1415 dedisti,
2627 1325 2816 1423 quod

732 1445 1098 1544 rapuisset:
1130 1445 1267 1515 nisi
1298 1444 1604 1533 deberes,
1627 1469 1904 1514 summa
1933 1440 2413 1538 indignatione
2442 1442 2648 1513 etiam
2678 1442 2820 1515 vin-

732 1560 958 1633 dicare
985 1559 1297 1631 volueras
1325 1585 1339 1627 :
1381 1584 1543 1628 nam
1567 1557 1689 1654 qui
1719 1557 2158 1628 candidatam
2179 1557 2538 1630 sacerdotii
2569 1558 2816 1655 rapuit,

730 1695 1062 1746 nocuerat
1072 1672 1413 1772 exemplo,
1428 1671 1952 1768 ettibiJgituret
1965 1671 2375 1771 inscriptum
2393 1670 2819 1743 maleficium

735 1809 833 1864 est
865 1789 1188 1860 adversus
1218 1815 1416 1877 eum,
1453 1813 1614 1857 cum
1650 1812 1790 1882 quo
1823 1786 2087 1884 agitur:
2120 1806 2187 1857 et
2219 1784 2643 1856 maleficium
2672 1812 2817 1860 non

734 1904 962 1976 solum
1005 1904 1431 1990 confessum,
1480 1901 1600 1973 sed
1643 1902 1851 1973 etiam
1893 1928 2093 1999 grave
2128 1928 2205 1973 ex
2240 1901 2347 1972 his
2380 1921 2699 2000 apparet,
2753 1922 2822 1974 et

735 2044 815 2090 ex
848 2044 1141 2117 persona
1163 2016 1475 2115 parasiti,
1501 2014 1623 2115 qui
1653 2042 2026 2113 nunquam
2072 2018 2160 2088 ad
2192 2038 2457 2088 tantam
2487 2016 2821 2113 peccandi

734 2131 1098 2204 audaciam
1125 2132 1557 2231 processisset
1578 2158 1706 2203 sua
1727 2151 1998 2229 sponte;
2034 2152 2102 2203 et
2126 2157 2204 2201 ex
2234 2157 2526 2229 persona
2553 2130 2777 2202 divitis
2795 2187 2819 2223 ,

735 2268 803 2319 et
826 2275 905 2321 ex
938 2247 1188 2334 causis,
1218 2269 1285 2320 et
1308 2275 1387 2319 ex
1422 2247 1905 2320 numeratione
1935 2246 2280 2346 pecuniae3
2315 2273 2394 2319 ex
2421 2266 2667 2319 eventu
2698 2247 2821 2318 de-

736 2362 985 2459 nique,
1022 2364 1177 2461 quis
1222 2363 1609 2464 impulerit,
1641 2362 1797 2461 quis
1834 2362 2153 2461 coegerit.
2188 2366 2550 2463 Superest,
2598 2384 2675 2435 ut
2708 2389 2822 2434 os-

732 2478 1050 2568 tendam,
1086 2506 1229 2551 non
1264 2479 1431 2576 quid
1464 2478 1803 2576 parasitus
1845 2477 2214 2577 acceperit,
2258 2478 2376 2550 sed
2421 2478 2592 2576 quid
2633 2478 2822 2549 dives

734 2591 902 2690 ipse.
973 2592 1334 2680 Quaeritis,
1390 2590 1561 2691 quid
1613 2591 1734 2662 iste
1792 2610 1843 2659 X
1897 2591 2212 2662 millibus
2257 2590 2543 2662 emerit?
2595 2590 2820 2664 videte

736 2707 952 2778 filiam
976 2729 1244 2797 contra,
1279 2707 1705 2778 sacerdotem
1728 2719 1780 2796 ²,
1812 2705 2032 2778 videte
2064 2707 2297 2794 vittas,
2327 2706 2552 2780 videte
2594 2707 2823 2779 bono-

736 2846 860 2892 res.
904 2823 1206 2892 Fortasse
1234 2847 1359 2919 ego
1384 2820 1679 2919 superbe
1713 2819 1964 2891 faciam
1994 2841 2203 2919 atque
2236 2842 2669 2919 arroganter,
2696 2820 2819 2920 qui

734 2923 1107 3034 tamquam.
1150 2935 1485 3038 privatam
1543 2934 1872 3036 injuriam
1905 2991 1924 3023 ,
1981 2956 2341 3035 tamquam
2389 2936 2818 3009 maleficium

734 3050 1056 3121 adversus
1089 3077 1203 3122 me
1247 3049 1698 3122 commissum
1742 3076 2148 3150 persequar:
2196 3074 2411 3151 quota
2454 3052 2646 3124 enirn
2688 3077 2818 3149 ego

736 3191 893 3237 sum
925 3166 1152 3266 portio
1184 3165 1379 3237 istius
1404 3164 1944 3264 indignationis?
1976 3166 2249 3268 perdidi
2274 3168 2422 3240 sine
2449 3166 2661 3239 dubio
2692 3166 2821 3238 ho-

734 3306 977 3351 norem
1005 3338 1024 3371 ,
1081 3281 1662 3380 pretiosissimum
1721 3310 2109 3384 pauperum
2159 3309 2444 3356 censum
2478 3310 2494 3355 z
2545 3282 2816 3383 perdidi

733 3394 1212 3492 virginitatem
1232 3397 1402 3495 ‘filiae
1437 3423 1608 3468 mcae
1629 3453 1647 3486 ,
1693 3419 1760 3469 et
1786 3398 1897 3470 cui
1931 3398 2141 3470 modo
2171 3398 2635 3476 sacerdotium
2670 3424 2821 3498 spe-

733 3507 1006 3599 rabam,
1050 3509 1335 3584 difficile
1379 3511 1787 3585 inventurus
1831 3540 1991 3584 sum
2040 3514 2242 3584 etiam
2278 3514 2632 3585 maritum.
2680 3503 2820 3583 Sed

734 3622 1035 3722 populus
1077 3621 1382 3722 perdidit
1419 3624 1783 3697 arbitrium
1819 3626 2030 3698 dandi
2069 3626 2391 3700 honoris:
2427 3629 2546 3701 sed
2580 3625 2817 3726 paullo

808 3827 855 3862 1.
904 3812 1055 3882 Cujus
1089 3828 1298 3882 poenam
1339 3811 1519 3864 solvat.
1562 3813 1737 3882 Lege,
1817 3831 1943 3864 nam
1987 3814 2186 3882 solvat,
2229 3826 2283 3866 et
2316 3812 2589 3885 praemium
2633 3829 2816 3884 operoe.

732 3889 1255 3964 cujuspoenasoluta‚
1271 3894 1606 3961 etproemium
1623 3913 1739 3965 ope-
1891 3909 1939 3943 2.
1964 3892 2152 3944 Filiam
2178 3902 2356 3944 contra
2378 3889 2703 3942 sacerdotem.
2733 3889 2820 3941 fl·-

735 3987 817 4022 roe.
858 3973 1075 4024 Senum.
1119 3975 1274 4045 Cujus
1311 3974 1589 4046 proemium
1631 3974 1735 4026 sol·
1818 3971 1946 4024 liam
1966 3984 2142 4025 contra
2164 3971 2432 4024 arbitrium
2456 3969 2645 4043 populi
2659 3989 2820 4025 sacerb

734 4062 848 4118 vat,
870 4056 1143 4122 praemium
1168 4071 1359 4126 operae,
1387 4067 1516 4120 eta,
1541 4057 1614 4106 ita
1639 4053 1737 4106 dis-
1818 4055 1986 4105 dotem
2002 4094 2020 4121 ‚
2047 4053 2308 4106 AErodius.
2341 4053 2510 4105 Male:
2536 4064 2715 4105 contra
2739 4063 2820 4105 est

734 4133 925 4202 tinguit
947 4132 1268 4187 Obrechtus.
1296 4136 1575 4201 FranciuS,
1595 4138 1738 4208 cnjus
1815 4154 1917 4207 pro
1942 4136 2046 4188 isto
2069 4136 2241 4208 pretio
2267 4151 2299 4184 x
2321 4133 2571 4204 millium,
2607 4148 2667 4188 ut
2693 4134 2818 4190 dici·

731 4230 941 4288 poenam
958 4213 1126 4268 solvit.
1153 4214 1427 4283 Ait-odius,
1454 4218 1609 4290 Cujus
1630 4235 1737 4288 ρω-
1817 4233 1933 4268 mus
1954 4235 2085 4270 auro
2108 4226 2286 4268 contra
2312 4234 2510 4270 carum.
