3200 5117
680 588 1515 658 DECLAMArloNEs.
1562 561 2006 659 chxklx.

2268 605 2386 687 ¹49

302 716 971 821 judicum‘constitui
1005 715 1330 813 coegisset
1357 742 1371 785 :
1400 735 1607 814 atque
1639 715 2087 818 interrogaret
2105 775 2124 809 ‚
2156 700 2386 794 anille

310 835 599 907 maritus
632 851 841 920 esset,
878 832 996 931 qui
1034 830 1178 902 fieri
1213 850 1404 929 pater
1430 857 1575 901 non
1610 852 1875 929 posset:
1911 861 1988 905 ac
2024 835 2077 906 si
2111 821 2384 909 tantum

309 948 408 1021 illi
425 1004 444 1038 ‚
474 971 838 1045 tamquam
858 943 1201 1034 adultere,
1231 944 1640 1036 irascereris,
1672 945 1830 1018 satis
1852 970 1992 1018 erat
2009 949 2140 1022 hoc
2162 951 2388 1025 dicere

311 1088 435 1162 pro
476 1060 622 1133 filio
658 1081 815 1132 tuo:
853 1081 1055 1158 puto,
1093 1058 1414 1131 nondum
1448 1059 1750 1133 habebat
1786 1062 2014 1133 mariti
2053 1063 2388 1138 dolorem.

314 1176 419 1249 Ad
447 1175 732 1249 vulnera
773 1173 1101 1264 adulteri,
1136 1193 1207 1245 et
1245 1174 1540 1264 caedem,
1586 1195 1656 1247 et
1701 1175 2162 1247 tristissimum
2206 1179 2392 1250 occi-

310 1289 524 1364 dendi
564 1288 864 1363 bominis
907 1275 1411 1378 ministerium,
1453 1315 1709 1387 magno
1741 1289 2049 1387 quodam
2085 1291 2391 1390 impetu,

311 1424 414 1493 et,
449 1423 528 1475 ut
553 1403 649 1476 sic
681 1402 969 1475 dixerim
989 1458 1008 1492 ,
1038 1404 1267 1475 furore
1297 1429 1472 1501 opus
1506 1423 1624 1473 est.
1652 1405 1795 1474 Nec
1820 1403 2057 1494 miror,
2084 1430 2200 1475 eos
2229 1432 2397 1476 con-

310 1518 542 1609 citari,
595 1521 716 1616 qui
765 1539 1062 1591 veterem
1117 1518 1549 1590 matrimonii
1604 1515 2220 1608 consuetudinem,
2273 1522 2396 1620 qui

311 1633 650 1732 pudorem
696 1633 1038 1722 cubiculi,
1087 1634 1207 1733 qui
1253 1659 1447 1732 spem
1496 1632 1880 1706 liberorum
1928 1656 2390 1731 expugnatam

312 1774 457 1820 esse
486 1748 809 1838 credunt3
845 1749 966 1848 qui
1001 1749 1155 1821 illos
1185 1749 1488 1821 occultos
1525 1770 1728 1848 atque
1758 1749 2246 1823 inenarrabiles
2275 1779 2397 1851 pa-

310 1862 578 1935 tiuntur
610 1882 812 1935 aestus
839 1889 854 1933 z
891 1889 1034 1934 non
1065 1883 1288 1960 potest
1314 1889 1600 1935 uxorem
1632 1891 1832 1936 suam
1859 1864 1954 1936 sic
1985 1865 2241 1956 odisse,
2271 1868 2398 1966 qui

311 1976 540 2050 adhuc
578 2003 811 2048 amare
844 2003 987 2047 non
1025 1976 1268 2075 potuit.
1288 1980 1555 2049 Verum
1586 1977 1689 2049 illi
1727 2005 2008 2078 quoque
2042 1980 2218 2076 parti
2251 2006 2400 2051 res-

310 2091 774 2190 pondendum
822 2110 954 2181 est,
1000 2118 1140 2190 qua
1179 2090 1672 2161 vindicandam
1716 2092 2019 2189 priorem
2063 2093 2391 2193 injuriam

306 2204 523 2276 fuisse
558 2203 764 2293 dicit,
804 2204 890 2276 de
923 2231 1061 2303 qua
1097 2203 1346 2294 hodie,
1383 2204 1555 2276 dum
1595 2205 1906 2296 abdicat,
1942 2204 2161 2277 multa
2188 2209 2396 2280 vehe-

310 2339 589 2393 menter
627 2320 1055 2417 graviterque
1101 2319 1300 2405 dixit3
1355 2346 1578 2417 quum
1627 2321 1853 2410 fieret,
1898 2320 2187 2393 tacebat.
2235 2325 2393 2395 Non

316 2434 629 2507 existimo
658 2433 830 2505 adeo
861 2432 1229 2504 inimicum
1259 2433 1407 2505 filio
1442 2459 1566 2506 suo
1595 2455 1899 2531 patrem,
1933 2435 2247 2533 quamvis
2281 2437 2397 2507 ab·

316 2548 526 2638 dicet,
573 2569 655 2621 ut
694 2546 962 2646 aliquid
1003 2547 1287 2648 turpiter
1327 2548 1732 2650 suspicetur,
1779 2550 2018 2650 'praeter
2060 2547 2132 2620 id
2173 2548 2395 2620 male-

315 2699 593 2772 quamdam
617 2703 929 2753 sententiam
958 2716 1170 2756 secutus
1198 2717 1308 2766 eet,

313 2795 370 2833 ut
391 2796 443 2835 et
464 2781 553 2834 alii
574 2782 832 2856 plerique·
853 2785 1061 2837 Servius
1085 2784 1153 2837 ad
1176 2785 1313 2838 illud

315 2861 493 2932 virgil.
521 2861 721 2934 Ecloga
742 2864 861 2915 vm
874 2901 892 2929 ,
910 2882 958 2914 v.
988 2864 1086 2932 39:
1124 2886 1146 2910 ι
1165 2862 1312 2916 Alter

318 2965 340 2989 ι
361 2941 428 2993 ab
444 2941 724 2998 undecimo
739 2965 783 3005 ς·
804 2945 958 3007 Bene,
977 2945 1175 3014 inquit,
1189 2963 1309 2996 cum

313 3022 650 3094 annisjunqit
667 3020 899 3075 habitum
914 3022 1151 3098 corporis.
1166 3024 1309 3075 Nom

313 3101 494 3169 etjure
515 3100 752 3169 pubertas
776 3118 840 3152 ex
864 3111 1081 3173 utroque
1101 3098 1312 3173 colliqe-

317 3187 421 3228 tur.
443 3179 521 3229 De
545 3181 855 3232 feminarum
880 3180 1159 3252 pubertate
1182 3198 1312 3231 con·

317 3256 512 3308 stitisse
523 3260 656 3310 inter
669 3264 852 3311 omnes
866 3258 1094 3322 videtur,
1110 3259 1315 3329 inspec-

316 3338 517 3389 tionem
543 3343 777 3410 corporis
804 3357 958 3393 sexus
983 3337 1183 3411 pudori
1203 3357 1312 3390 non

313 3433 625 3485 congruere.
647 3420 824 3490 Itaque
842 3416 987 3491 quod
1010 3415 1156 3470 d'eeet
1171 3415 1315 3488 apud

313 3495 603 3566 Ulpianum
631 3499 683 3550 in
707 3498 840 3550 libro
866 3498 1316 3570 singulari-Regu-

312 3577 510 3642 larum,
536 3577 691 3632 titulo
714 3579 780 3633 de
801 3579 1028 3644 Tmarus,
1059 3582 1135 3632 si'c
1158 3581 1316 3632 etiam

313 3656 543 3729 suppleri
568 3672 774 3729 potest,
787 3658 1010 3731 femine
1030 3671 1201 3710 autem
1230 3668 1316 3708 tu-

313 3732 417 3785 tela
443 3734 728 3788 liberantur
748 3737 1047 3788 omnimodo
1062 3774 1078 3800 ,
1103 3753 1217 3809 quoe
1239 3751 1315 3786 xit

312 3828 481 3862 annos
511 3813 781 3883 explerunt
798 3852 815 3878 ,
858 3813 1054 3865 scilicet
1098 3827 1316 3885 propter

312 3891 699 3944 festinationem
714 3906 961 3946 votorum
974 3931 992 3959 ‚
1005 3905 1065 3943 ut
1078 3891 1315 3963 estapud

312 3970 439 4022 Aur.
460 3969 814 4028 ‘Meci-obium.
840 3972 940 4024 Sed
967 3970 1076 4023 haec
1099 3984 1221 4023 sunt
1241 3970 1315 4021 al-

312 4051 474 4102 teriue
500 4049 621 4101 ioci.
649 4053 921 4104 Pit-umus.
950 4049 1139 4102 Adhuc
1172 4050 1314 4100 enim

313 4133 364 4183 in
379 4131 623 4185 masculis
641 4132 697 4185 id
712 4132 1112 4195 observabatur,
1127 4145 1186 4182 ut
1205 4149 1313 4182 non

314 4209 484 4262 nolum
500 4227 560 4263 ex
575 4213 729 4263 anuis
742 4250 760 4278 ,
772 4210 1037 4263 sedetiam
1053 4226 1115 4260 ex
1128 4206 1314 4261 habitu

314 4291 548 4362 corporis
574 4302 630 4342 et
657 4303 879 4363 aspectu
906 4288 1160 4361 pubertas
1181 4288 1317 4340 κιεί-

1390 2718 1639 2757 maretur.
1660 2704 1873 2775 Ulpian.
1899 2703 1954 2754 in
1975 2703 2105 2772 frag.
2128 2702 2204 2752 tit·
2227 2700 2293 2752 de
2312 2714 2395 2752 tu·

1390 2782 1521 2834 telin.
1539 2781 1858 2835 Liberantur
1870 2780 2034 2832 tutela
2049 2778 2270 2831 masculi
2285 2778 2397 2849 qui·

1389 2858 1510 2916 dom
1527 2860 1825 2932 pubertate.
1853 2857 2105 2911 Puberem
2124 2874 2251 2908 vero
2268 2856 2397 2909 Cea-

1390 2941 1522 2992 ziani
1547 2940 1760 3010 quidem
1785 2958 1905 2992 eum
1931 2956 2044 2990 esse
2067 2935 2279 3002 dicunt,
2302 2937 2395 3007 qui

1390 3016 1574 3069 habitu
1600 3019 1838 3090 corporis
1860 3016 2030 3089 pubes
2059 3027 2311 3086 apparet,
2341 3011 2397 3065 id

1390 3114 1467 3152 est
1483 3138 1501 3165 ,
1529 3103 1626 3170 qui
1645 3116 1903 3171 generare
1930 3109 2122 3169 potest.
2154 3093 2398 3147 Proculei

1391 3193 1597 3244 autem,
1623 3197 1741 3230 eum
1770 3179 1862 3250 qui
1886 3175 2287 3248 quatuordecim
2307 3194 2399 3228 an-

1391 3276 1490 3310 uos
1528 3257 1771 3328 explevit.
1800 3259 1996 3307 Verum
2033 3255 2242 3306 Priscus
2274 3272 2397 3308 eum

1390 3339 1647 3412 puberem
1675 3355 1821 3402 esee,
1850 3337 1904 3388 in
1931 3353 2086 3405 quem
2109 3346 2394 3408 utrumque

1392 3418 1692 3484 concurrit,
1730 3429 1783 3468 et
1817 3412 2031 3466 habitus
2067 3415 2305 3486 corporis
2344 3426 2396 3465 et

1393 3516 1645 3551 numerus
1684 3513 1960 3548 annorum.
1998 3493 2158 3563 Quod
2188 3498 2314 3567 jue,
2354 3495 2398 3546 ei

1392 3578 1505 3632 Diis
1542 3577 1751 3650 placet,
1789 3576 1945 3628 etiam
1986 3593 2017 3626 a
2053 3575 2399 3646 pontificibus

1394 3661 1586 3711 nostris
1602 3669 1966 3710 conservatum
1982 3670 2061 3708 est
2072 3693 2089 3721 ‚
2103 3673 2222 3727 cap.
2239 3652 2401 3725 pube-

1395 3756 1478 3789 ree
1510 3725 1583 3787 ‘de
1620 3733 1842 3804 ἄωροι).
1881 3733 2117 3804 impube.
2160 3730 2254 3784 sed
2305 3727 2400 3779 de-

1392 3828 1573 3867 center
1590 3825 1642 3864 et
1663 3810 1857 3882 pudice
1876 3809 2213 3863 emendatum
2234 3824 2262 3857 a
2281 3805 2396 3856 Jus-

1392 3894 1597 3943 tiniano
1611 3929 1627 3954 ,
1646 3890 1736 3960 qui
1761 3888 2072 3941 sententiam
2091 3879 2397 3935 Proculise-

1392 3985 1564 4022 cutus.
1609 3967 1645 4019 l.
1689 3965 1783 4019 ult.
1823 3966 1882 4016 C.
1919 3981 2078 4035 quan.
2120 3973 2282 4012 tutor.
2314 3957 2400 4011 vel
2423 3988 2440 3994 -

1393 4059 1562 4099 curat.
1586 4064 1702 4098 esse
1719 4043 1848 4096 desi.
1870 4055 1922 4093 et
1941 4040 2107 4092 lmtit.
2129 4035 2220 4090 ubi
2238 4038 2396 4089 etiam

1390 4125 1738 4198 Theophilus.
1759 4117 2144 4175 AEuomm.vid.
2163 4117 2303 4176 Delr.
2323 4115 2393 4170 ed

1392 4206 1574 4259 Senec.
1609 4205 1762 4256 Herc.
1797 4201 2009 4252 Fnrent.
2039 4217 2088 4250 v.
2122 4195 2253 4261 8523
2286 4196 2399 4250 Ra-

1391 4284 1539 4340 ναι-ἆ.
1555 4288 1679 4340 Ver.
1705 4285 1794 4352 lv,
1821 4297 1901 4335 to.
1923 4282 2121 4334 uun.
