3200 5117
738 539 1575 609 DECLAMATIONES.
1624 542 2019 612 CCCXXV.

2290 546 2412 633 317

336 683 477 734 tera
501 690 634 733 uon
662 669 823 733 erit?
837 664 1177 756 quomodo
1205 666 1259 730 si
1288 668 1591 731 conscius
1617 667 1859 733 nullius
1880 670 2104 758 flagitii
2129 670 2257 736 fuit
2278 692 2415 735 ma-

332 777 534 851 rituS,
567 774 743 839 illius
772 772 1190 864 potissimum
1217 770 1379 836 fidei
1410 769 1553 836 haec
1581 771 1910 838 hereditas
1942 774 2250 840 mandata
2280 775 2420 839 est?

334 878 734 944 invenienda
762 894 862 956 est
881 878 1060 941 enim
1084 876 1302 965 aliqua
1328 900 1550 955 causa,
1575 893 1853 966 propter
1875 900 2073 966 quam
2092 878 2284 944 heres
2315 881 2415 944 sit.

332 982 676 1073 Numquid
709 983 819 1048 hic
856 984 1040 1048 dives
1078 982 1251 1047 hanc
1288 983 1653 1070 speciosam
1690 982 2051 1062 adamavit3
2090 1008 2240 1050 cum
2282 986 2421 1076 ipsa

335 1091 520 1180 loqui
547 1089 707 1156 nihil
732 1113 929 1156 ausus
956 1105 1083 1168 est,
1108 1089 1369 1155 locutus
1389 1106 1489 1155 est
1513 1113 1663 1154 cum
1689 1091 1862 1168 viro,
1888 1106 1955 1154 et
1983 1089 2136 1154 inde
2160 1092 2421 1181 opinio?

338 1196 500 1262 dum
526 1212 772 1285 captat,
810 1197 967 1261 fecit
993 1212 1483 1261 testamentum.
1509 1194 1827 1280 Quaedam
1853 1196 2104 1261 etiamsi
2131 1196 2420 1262 themate

336 1324 473 1367 non
500 1302 946 1378 continentur,
973 1315 1208 1367 natura
1225 1317 1448 1366 tamen
1475 1303 1612 1391 ipsa
1639 1302 1980 1368 manifesta
2006 1317 2178 1366 sunt.
2204 1303 2423 1366 Matri·

337 1407 636 1472 monium
675 1407 848 1470 inter
887 1405 1010 1471 hos
1047 1429 1184 1471 non
1225 1428 1400 1486 esse,
1437 1409 1550 1495 qui
1584 1408 1896 1494 litiganv,
1923 1405 2226 1472 videatur
2259 1407 2422 1472 mihi

338 1503 486 1577 luce
512 1512 782 1577 clarius:
810 1534 944 1576 non
970 1512 1146 1576 enim
1174 1534 1297 1600 ego
1323 1512 1619 1600 intelligo
1642 1513 1829 1577 litem
1856 1512 2009 1578 fidei
2035 1515 2231 1579 tacite
2252 1536 2426 1579 com-

337 1617 602 1682 missam
625 1664 642 1694 ,
686 1614 812 1679 nisi
854 1616 1139 1680 conscio.
1177 1619 1323 1680 Hoc
1361 1638 1441 1681 eo
1469 1618 1797 1703 pertinet,
1836 1640 1922 1682 ne
1951 1618 2099 1707 quis
2118 1617 2424 1709 judicum

337 1779 605 1833 hereditas
623 1779 828 1832 mulieri
848 1797 909 1831 ex
931 1794 1242 1833 testamento
1263 1782 1345 1834 di-

335 1861 474 1912 vitis.
505 1862 618 1911 Hoc
652 1878 777 1930 ergo
809 1860 936 1911 facit
969 1862 1343 1931 quaestionem,

341 1936 487 2008 quod
505 1937 650 1988 dives
669 1956 913 2008 expresse
933 1938 1147 2010 quidem
1168 1957 1197 1990 a
1218 1958 1344 2010 pau·

339 2035 470 2087 pere
507 2017 693 2087 petiit,
736 2016 893 2069 fidem
936 2020 1049 2088 ejus
1092 2031 1341 2087 secutus,

341 2093 684 2147 hereditatem
717 2097 1046 2162 restitueret,
1087 2116 1250 2168 penes
1289 2116 1345 2149 se

339 2191 451 2224 non
484 2171 738 2224 haberet:
774 2172 867 2225 sed
898 2176 985 2226 cui
1016 2177 1345 2242 restitueret,

342 2251 411 2303 de
434 2271 498 2304 eo
521 2251 653 2304 nihil
677 2252 876 2305 dictum
906 2267 985 2306 est
1011 2256 1337 2307 nominatim.

341 2334 402 2383 In
433 2331 537 2384 hoe
570 2333 816 2403 ambiguo
849 2346 1017 2385 certat
1049 2353 1181 2385 uxor
1211 2352 1345 2385 con-

333 2412 572 2481 jectura,
601 2428 652 2464 et
681 2431 743 2464 ex
768 2414 925 2464 tacita
951 2412 1052 2464 tide
1085 2426 1137 2464 et
1161 2412 1345 2465 volun-

341 2505 452 2544 tate
500 2491 958 2544 fideicommissum
1002 2494 1138 2564 petit
1162 2514 1175 2543 ε
1230 2496 1343 2565 ejus

341 2573 481 2623 enim
504 2572 558 2623 in
585 2591 649 2624 eo
672 2571 917 2644 probatio
942 2583 1052 2636 est,
1079 2585 1138 2623 ut
1165 2572 1200 2625 l.
1226 2575 1346 2643 qui-

342 2648 466 2702 dam
486 2670 647 2723 quum
661 2650 826 2703 filium
845 2650 1070 2702 familias
1087 2651 1147 2701 ff.
1166 2649 1233 2703 de
1246 2652 1345 2703 he-

345 2731 457 2784 red.
490 2732 712 2783 institut.
745 2730 834 2783 ubi
868 2730 1010 2800 apud
1035 2731 1346 2783 Africanum

343 2811 475 2863 nihil
508 2824 726 2864 testator
761 2810 1050 2881 quidquam
1079 2810 1240 2862 verbo
1277 2810 1343 2863 ab

342 2890 538 2944 herede
562 2892 788 2963 petierat
815 2912 827 2940 :
864 2888 949 2942 hic
978 2893 1153 2943 minor
1182 2890 1344 2943 dubi-

345 2972 503 3034 tatio,
525 2971 644 3040 quia
668 2971 872 3021 restitui
890 2970 1131 3040 quidem,
1155 2969 1249 3023 sed
1272 2973 1348 3022 in-

345 3048 564 3101 definite
580 3047 880 3120 postulavit.
899 3047 1035 3099 tund
1050 3048 1346 3100 notandum

347 3141 454 3194 est,
473 3145 690 3179 uxorem
711 3126 850 3179 hanc
875 3124 1116 3179 adulterii
1141 3140 1347 3179 tantum

345 3221 644 3279 suspectam
667 3208 856 3272 fuisse,
880 3225 990 3258 non
1012 3205 1312 3258 damnatam
1327 3246 1346 3272 ,

348 3286 753 3359 absolutumque
771 3303 1058 3356 pauperem
1077 3284 1344 3336 lenocinii.

348 3365 490 3418 Alias
518 3367 659 3437 turpi
685 3383 923 3437 personae
953 3363 1082 3415 fides
1110 3365 1267 3415 tacita
1292 3364 1346 3415 iu

345 3443 586 3497 fraudem
619 3443 749 3512 legis
782 3441 1177 3495 accommodata
1210 3442 1350 3494 dice-

347 3536 520 3587 retur,
563 3534 804 3591 essetque
840 3521 950 3572 fisci
971 3558 989 3585 .,
1025 3539 1136 3572 non
1173 3523 1348 3573 uxoris

350 3604 504 3654 actio.
543 3600 715 3653 Habet
750 3599 861 3652 haec
892 3598 1219 3653 Declamatio
1255 3601 1347 3653 ali-

349 3678 477 3750 quid
500 3699 780 3732 eommune
804 3699 924 3731 cum
946 3698 1007 3731 ea
1032 3680 1176 3750 apud
1194 3681 1350 3732 Sene·

349 3777 467 3810 cam
499 3758 750 3810 Controv.
781 3759 882 3825 111,
919 3758 995 3811 16.
1029 3760 1207 3811 AEnou.
1242 3760 1348 3825 Qui

349 3838 491 3907 legit,
504 3835 832 3889 hereditatem
845 3836 1071 3890 restituas
1081 3849 1348 3908 tamquam

334 3913 792 3990 fideicommissum
808 3940 825 3970 .-
851 3935 983 3969 ωπον
1000 3933 1062 3967 ex
1072 3912 1347 3987 fideicom-

347 3996 497 4049 misso
524 3995 850 4048 hereditatem
870 3996 1018 4067 petit.

427 4094 469 4128 ι.
510 4076 911 4129 Matrimonium
949 4077 1084 4126 inter
1119 4072 1208 4124 hos
1243 4092 1350 4125 non

350 4173 448 4207 esse
473 4155 567 4226 qui
595 4153 818 4228 litigant.
854 4155 1018 4204 Immo
1046 4163 1188 4218 erat,
1215 4164 1265 4204 et
1294 4151 1350 4206 id

351 4235 645 4287 meminisse
683 4252 744 4286 ac
781 4232 1025 4306 praeferre
1061 4249 1158 4306 per
1186 4243 1350 4284 totam

1424 1786 1719 1838 orationem
1770 1786 2053 1858 oportebat
2104 1784 2424 1839 declamato-

1422 1883 1549 1915 rem.
1577 1868 1690 1917 Hoc
1715 1881 1818 1932 est,
1840 1865 1987 1937 quod
2005 1866 2114 1918 vult
2133 1868 2351 1935 Fabius,
2371 1883 2424 1921 et

1422 1947 1498 1996 sic
1534 1948 1823 2015 expressit:
1858 1947 2257 1999 Matrimonium
2292 1950 2429 2001 inter

1423 2022 1513 2074 hos
1533 2042 1633 2075 esse
1645 2060 1663 2088 ‚
1684 2026 1777 2095 qui
1796 2023 2032 2098 linqunt,
2053 2025 2292 2078 videatur
2312 2027 2427 2078 luce

1424 2100 1629 2153 clarius.
1661 2104 1773 2153 Hoc
1802 2103 2005 2156 scilicet
2029 2103 2235 2174 pudore
2264 2103 2426 2156 absti-

1423 2181 1537 2230 neri
1577 2198 1607 2230 a
1650 2181 1961 2249 quibusdam
1979 2219 1996 2247 ‚
2037 2201 2150 2252 quae
2192 2181 2425 2254 alioquin

1423 2257 1680 2309 utiliterin
1698 2277 1909 2312 causam
1927 2259 2271 2331 possentdici.
2285 2263 2428 2313 AEro·
2454 2322 2461 2326 .

1425 2335 1574 2403 dius,
1604 2339 1804 2390 videtur
1822 2340 1956 2390 mihi
1978 2339 2105 2392 luce.
2130 2341 2293 2393 Gaou.
2328 2341 2383 2395 V
2379 2341 2426 2392 i-

1424 2415 1575 2466 detur
1605 2416 1763 2479 mihi,
1796 2415 1996 2468 Schult.
2029 2447 2097 2457 —-
2129 2420 2252 2472 Non
2284 2421 2423 2472 enim

1423 2512 1516 2568 eqo
1533 2495 1769 2570 intelligo
1785 2496 1947 2548 litem.
1963 2495 2257 2551 Thaddaeus
2270 2502 2424 2569 iguo-

1421 2586 1502 2624 rat
1524 2571 1579 2625 mi
1598 2592 1710 2648 eqo.
1737 2574 1980 2627 AErodius
1999 2598 2011 2626 :
2032 2578 2214 2650 Neque
2237 2575 2429 2629 intelli-

1419 2671 1488 2726 qo
1507 2653 1853 2706 hereditatem.
1878 2654 2083 2707 Scribe:
2099 2657 2285 2727 Neque
2302 2657 2425 2708 item

1424 2732 1751 2805 intelligatur
1771 2733 2103 2787 hereditatem
2113 2732 2249 2807 fidei
2276 2735 2429 2787 tacite

1424 2811 1776 2876 commissam,
1804 2813 1905 2865 nisi
1934 2815 2140 2867 conscii.
2172 2816 2286 2866 Hoc
2317 2829 2428 2882 est,

1424 2890 1558 2941 illud
1583 2910 1826 2962 quoque,
1851 2895 1950 2945 etsi
1978 2912 2085 2944 nou
2113 2892 2290 2965 palam
2318 2894 2427 2947 dic·

1424 2980 1536 3019 tum
1559 2982 1611 3019 et
1629 2988 1957 3040 expressum,
1980 2987 2231 3043 appareat
2250 2987 2427 3026 tamen

1425 3059 1476 3098 et
1503 3046 1825 3116 intelligatur
1849 3049 2147 3120 judicibus,
2175 3071 2286 3104 non
2315 3054 2428 3105 fac·

1427 3137 1604 3176 turum
1626 3127 1790 3179 fuisse
1815 3126 2059 3194 divitem,
2089 3144 2147 3182 ut
2177 3135 2427 3204 pauperis

1425 3203 1547 3254 fidei
1570 3206 1918 3257 committeret
1950 3205 2296 3264 hereditatem
2316 3215 2427 3266 siue

1425 3285 1641 3334 nomine
1673 3284 1818 3353 ejus,
1850 3287 1936 3336 cui
1970 3289 2173 3338 restitui
2202 3288 2424 3358 debeat,
2478 3316 2485 3322 ·

1425 3362 1526 3413 nisi
1545 3360 1631 3411 hic
1649 3379 1853 3433 pauper
1869 3366 2062 3415 amoris
2076 3383 2198 3437 erga
2214 3386 2425 3423 uxorem

1428 3442 1672 3493 conscius
1696 3440 1843 3493 diviti
1864 3442 2060 3496 fuisset.
2082 3445 2221 3500 Talis
2244 3463 2322 3502 est
2345 3469 2426 3503 ac-

1428 3522 1536 3585 tio,
1565 3518 1632 3571 de
1662 3538 1765 3590 qua
1794 3522 2015 3590 Quintil.
2045 3524 2170 3576 lust.
2202 3526 2291 3579 lib.
2321 3529 2425 3595 IX,

1425 3617 1544 3670 cap.
1575 3617 1632 3663 2,
1655 3598 1700 3670 §.
1725 3602 1820 3670 74:
1854 3623 1875 3647 ιι
1898 3603 1972 3653 lta
1997 3621 2121 3675 ergo
2148 3607 2248 3658 fuit
2271 3608 2426 3660 nobis

1434 3702 1456 3726 a
1478 3678 1767 3747 agendum,
1792 3693 1850 3731 ut
1865 3681 2069 3750 judices
2092 3683 2223 3740 illud
2244 3683 2430 3736 iutelli—

1434 3779 1456 3801 ·
1476 3770 1658 3825 gerent
1676 3758 1893 3823 factum,
1910 3757 2171 3812 delatores
2187 3779 2296 3813 non
2310 3780 2432 3832 pos-

1435 3857 1456 3881 «
1477 3847 1593 3887 sent
1612 3835 2038 3906 apprehendere,
2050 3851 2109 3890 ut
2123 3838 2323 3890 dictum
2340 3862 2353 3891 :
2376 3854 2431 3893 et

1434 3935 1456 3959 n
1476 3913 1696 3983 contigit
1730 3926 2026 3985 utrumque.
2048 3939 2070 3963 ιι
2107 3916 2271 3968 Gnoa.
2302 3920 2426 3973 Non

1429 4003 1598 4043 autem
1611 4010 1703 4065 eqo
1714 3994 1767 4045 in
1774 3993 1949 4067 telliqo
1961 3993 2290 4048 hereditatem
2293 3995 2430 4071 fidei

1428 4072 1785 4140 commissam,
1819 4075 1918 4127 nisi
1950 4077 2283 4131 consciorum.
2322 4079 2430 4134 Aut

1430 4170 1533 4204 rem
1552 4147 1694 4228 fidei
1715 4172 1757 4204 c.
1790 4165 1849 4205 ut
1877 4152 1920 4205 Ii
1941 4155 1995 4205 in
2024 4153 2167 4206 litem
2192 4174 2255 4210 ex
2278 4158 2427 4211 intel-

1432 4231 1537 4304 ligo
1559 4232 1628 4283 sit
1650 4234 1945 4303 repetitum.
1969 4231 2189 4288 Scitum.
