3200 5117
839 568 1681 637 DECLAMATloNES.
1723 571 1992 638 CCLx.
2387 579 2463 664 73

371 693 522 794 puli
553 693 824 766 vultum
847 750 864 784 ‚
910 693 1255 767 illibatam
1291 693 1702 792 dignitatem
1738 694 1989 769 civium
2026 696 2361 770 servasse!
2408 699 2464 771 si

371 812 465 884 ad
496 812 896 900 utilitatem;
935 831 1196 909 quanto
1234 809 1487 884 melius
1514 836 1595 882 ac
1623 811 1885 912 majus,
1915 839 2210 888 servasse
2256 843 2466 888 suum

371 951 753 998 numerum
792 924 1087 1011 civitati,
1121 951 1279 997 suos
1316 922 1627 996 ordines!
1668 927 1780 995 An
1808 950 1967 998 vero
1995 927 2182 1019 illos,
2217 930 2340 1028 qui
2370 930 2470 1002 in-

372 1061 612 1139 gentes
659 1041 1030 1113 noxiorum
1085 1038 1383 1111 familias
1439 1037 1730 1111 occisuri
1766 1095 1786 1128 ‚
1839 1060 2070 1115 tamen
2123 1065 2414 1144 pascunt
2445 1104 2465 1137 ,

368 1153 625 1254 plausu
644 1154 1066 1244 fovebimuS,
1088 1153 1249 1226 etin
1275 1153 1608 1226 omnibus
1633 1154 2041 1253 spectaculis
2070 1155 2467 1231 adulatione

372 1269 598 1342 multa
619 1267 1163 1369 prosequemur?
1179 1268 1371 1341 hunc
1387 1323 1406 1357 ,
1437 1268 1561 1366 qui
1586 1288 1856 1365 partem
1882 1269 2140 1342 civium
2163 1330 2181 1364 ,
2207 1271 2470 1345 levibus

372 1385 662 1458 offensis
687 1386 1410 1476 miserasn‚sustentat,
1435 1410 1518 1456 ac
1541 1382 1965 1482 poenitentiae
1988 1411 2127 1458 suae
2155 1412 2472 1458 suorum-

370 1526 515 1598 que
556 1499 893 1600 integram
928 1521 1177 1589 servat,
1215 1499 1368 1597 lege
1417 1497 1627 1569 etiam
1665 1498 2068 1596 gravissima
2107 1527 2475 1601 perseque-
2517 1517 2530 1546 “

376 1615 578 1688 mur?
593 1615 764 1714 quid
791 1616 980 1687 enim
1007 1615 1214 1687 nobis
1232 1635 1376 1686 tam
1400 1614 1746 1704 naturale,
1768 1615 1939 1714 quid
1965 1616 2053 1687 ab
2079 1617 2225 1717 ipsa
2245 1618 2472 1689 Provi-

375 1730 613 1803 dentia
643 1731 863 1830 magis
891 1731 1133 1803 datum
1162 1754 1708 1827 concessumque
1732 1750 1957 1827 potest
1972 1731 2188 1804 videri
2208 1788 2226 1821 ,
2250 1759 2468 1832 quam

371 1845 558 1918 alere
593 1847 914 1918 homines
943 1874 1020 1918 ac
1045 1844 1425 1917 sustinere?
1451 1847 1649 1918 Muta
1674 1846 2073 1921 mehercule
2097 1849 2427 1922 animalia
2448 1906 2467 1940 ,

372 1989 533 2060 quae
575 1961 809 2033 venire
844 1962 932 2032 ad
970 1975 1307 2032 manum¹
1356 1982 1431 2033 et·
1463 1988 1937 2036 mansuescere
1970 1986 2276 2064 queunt,
2325 1991 2468 2038 non

369 2075 780 2148 humanum
823 2076 1070 2166 modo,
1103 2075 1221 2148 sed
1252 2075 1459 2148 etiam
1488 2076 1981 2176 voluptuosum
2016 2100 2145 2169 est,
2179 2080 2363 2152 alere
2393 2107 2469 2152 ac

368 2214 701 2287 pascere:
747 2188 918 2286 quid
958 2189 1044 2261 de
1086 2188 1374 2261 homine
1409 2187 1687 2260 dicam?
1731 2190 2196 2289 quisquamne
2250 2191 2469 2291 magis

364 2305 743 2403 negotium
774 2306 1173 2405 publicum,
1209 2332 1361 2378 non·
1384 2306 1677 2383 civitatis
1708 2307 1918 2379 modo
1937 2362 1956 2396 ,
1988 2307 2108 2379 sed
2135 2309 2340 2380 totius
2367 2335 2469 2381 re—

373 2446 538 2491 rum
565 2439 827 2491 naturae
846 2421 1018 2518 agit,
1049 2446 1265 2520 quam
1290 2419 1408 2517 qui
1435 2420 1703 2492 animal
1727 2419 1861 2492 hoc
1882 2418 2011 2491 deo
2037 2421 2430 2517 proximum
2449 2478 2467 2510 ,

374 2553 445 2604 et
485 2532 557 2603 in
592 2534 1250 2633 contemplationem
1296 2534 1663 2624 omnium,
1711 2559 2160 2633 quaecunque·
2201 2534 2471 2607 mundo

374 2645 815 2744 contigerunt
833 2704 851 2736 ‚
908 2647 1361 2720 constitutum
1414 2669 1737 2747 prorogat
1799 2646 2297 2746 producitque?
2350 2648 2472 2747 qui

376 2788 541 2859 opes
574 2787 731 2833 suas
756 2761 833 2834 in
858 2761 1139 2860 publico
1165 2760 1397 2860 posuit
1417 2761 1483 2832 ²?
1508 2789 1649 2859 quo
1675 2761 2020 2860 locuplete
2051 2789 2262 2835 nemo
2291 2789 2471 2861 pau-

378 2901 503 2972 per
533 2896 669 2966 est,
706 2901 921 2954 nemo
951 2874 1147 2972 eget?
1169 2878 1239 2947 Ο
1266 2876 1517 2946 misera
1542 2873 1889 2973 tempora!
1931 2876 2063 2948 hoc
2093 2876 2473 2949 defenden-

376 2987 551 3059 dum
572 2987 716 3061 est?
737 2986 1013 3060 Scilicet
1034 2986 1215 3059 illud
1240 2986 1627 3078 honestius,
1657 2988 1912 3060 liberos
1934 2989 2275 3081 sublatos,
2299 2988 2471 3090 jam-

376 3130 513 3199 que
538 3103 613 3174 in
649 3102 1189 3175 adolescentiam
1222 3124 1608 3200 provectos,
1652 3103 1912 3201 pellere
1947 3104 2196 3194 domo,
2229 3126 2296 3178 et
2319 3132 2472 3205 pro-

385 3216 616 3290 hibere
638 3219 1040 3318 penatibus3
1065 3239 1132 3291 et
1150 3218 1405 3290 omissa
1427 3211 1852 3290 eme'ndandi
1876 3245 2047 3291 cura
2068 3221 2163 3292 sic
2183 3221 2465 3318 punire,

387 3350 469 3401 ut
508 3330 619 3402 his
651 3333 951 3406 succurri
984 3360 1128 3405 non
1173 3332 1393 3405 liceat.
1444 3332 1820 3405 Abdicatos
1864 3332 1938 3404 in
1982 3333 2194 3410 domo
2225 3336 2470 3435 recipit

384 3466 452 3518 et
492 3447 710 3546 pascit
743 3477 758 3519 :
808 3450 901 3520 sic
947 3450 1132 3523 istud
1161 3507 1181 3539 ,
1237 3471 1600 3549 tamquam
1649 3449 2052 3550 sacrilegos,
2103 3471 2468 3554 tamquam

379 3563 805 3656 homicidaS,
852 3587 1214 3665 tamquam
1256 3566 1602 3640 latrones?
1654 3567 1725 3640 Si
1769 3587 1912 3640 tam
1959 3594 2161 3667 grave
2204 3569 2467 3639 crimen

380 3700 507 3769 est,
537 3701 735 3754 aetate
762 3681 934 3773 labi;
961 3683 1018 3754 si
1046 3705 1192 3756 tam
1213 3682 1665 3783 inexpiabile,
1692 3683 2064 3757 offendisse
2090 3682 2467 3780 aliquando

382 3813 742 3900 paternam
767 3798 1225 3885 severitatem,
1249 3824 1460 3871 novas
1482 3798 1856 3894 excogitate
1880 3799 2098 3897 leges,
2123 3794 2471 3895 asperiora

458 3979 501 4014 1.
527 3963 805 4018 Veniread
821 3969 1387 4019 manum.1tamanum
1540 3985 1589 4019 a.
1619 3967 1688 4017 In
1710 3965 1926 4039 publico
1949 3964 2142 4038 pontit.
2170 3966 2475 4036 opponitur

373 4040 517 4111 pati,
535 4042 833 4112 Lutatium,
849 4047 958 4098 sive
972 4048 1278 4118 quicunque
1295 4064 1387 4098 au·
1467 4047 1572 4101 hoc
1590 4047 1720 4112 illis,
1741 4047 1834 4119 qui
1855 4048 1912 4098 in
1930 4045 2138 4118 foenorc
2154 4056 2390 4117 ponunt,
2415 4061 2476 4100 ut

376 4134 493 4173 etot·
519 4137 600 4175 est
626 4139 1059 4194 argumentorum
1084 4126 1385 4180 fabularum
1464 4126 1684 4198 proprio
1703 4123 2077 4196 loquebantur.
2098 4125 2280 4177 Horat.
2297 4126 2403 4179 Sat.
2421 4129 2472 4193 Ι,

375 4200 580 4269 ovidii,
598 4203 791 4258 dixisse
811 4207 1057 4263 observat
1074 4206 1250 4260 Barth.
1267 4207 1384 4261 vu}
1466 4222 1519 4269 2,
1537 4220 1555 4255 1
1567 4204 1626 4257 3:
1647 4203 1833 4256 «Dives
1845 4205 2033 4276 positis
2049 4204 2100 4255 in
2109 4203 2312 4258 foenore
2325 4223 2474 4259 num·

378 4282 581 4339 advers.
612 4303 692 4359 ¹7·
719 4287 887 4341 Buta.
1472 4308 1495 4332 ι
1513 4287 1630 4339 mis.
1650 4285 1804 4339 mid.
1829 4298 1879 4338 et
1903 4282 2076 4358 Epod.
2101 4285 2145 4338 ll
2169 4285 2261 4340 fin.
