3200 5117
1239 549 1333 612 M.
1380 548 1633 612 mnu
1679 547 2327 631 QUINTlLlANl

737 671 961 741 facere
988 667 1293 740 melioris
1318 668 1580 759 mariti,
1614 667 1790 740 nihil
1816 668 2352 767 indulgentioris
2380 672 2669 769 potuisti
2697 702 2710 745 :
2746 676 2840 748 ad

741 812 903 858 eum
938 785 1254 885 judicem
1297 784 1712 883 perduxeras
1760 812 2082 875 uxorem,
2134 787 2258 884 qui
2307 786 2642 861 damnare
2689 818 2836 865 non

739 921 988 1002 posset.
1025 904 1120 973 At
1160 901 1352 973 enim
1390 922 1625 1000 postea
1657 900 1789 974 hoc
1824 901 2089 974 crimen
2133 904 2412 1002 probavi
2451 932 2467 975 ε
2514 932 2657 978 non
2681 907 2835 1007 jam

744 1015 1128 1117 respondeo
1178 1016 1346 1106 ista,
1395 1043 1555 1115 quae
1602 1015 1783 1106 dixi,
1817 1016 1967 1088 aliis
2006 1017 2416 1090 muneribus
2457 1032 2474 1062 ¹
2502 1021 2839 1119 acciperet

736 1130 954 1231 judex
973 1152 1459 1203 extraneorum
1489 1151 1816 1202 naturam
1842 1157 1858 1204 :
1896 1157 2036 1229 qua
2062 1133 2342 1204 fortasse
2369 1132 2601 1206 iratior
2620 1136 2832 1207 existi.

741 1249 900 1318 Non
934 1273 1209 1345 semper
1232 1246 1480 1318 erroris
1511 1245 1760 1318 odium
1790 1272 2004 1347 penes
2028 1269 2513 1345 cognoscentes
2542 1269 2676 1320 est:
2714 1249 2840 1320 ali-

744 1364 1028 1463 quando
1059 1391 1259 1435 causa
1292 1363 1637 1464 profertur
1663 1362 2132 1462 negligentius
2153 1421 2171 1455 ,
2205 1364 2483 1436 interim
2518 1365 2840 1438 defendi-

743 1501 878 1552 tur.
926 1479 996 1550 Si
1040 1501 1333 1553 matrem
1377 1507 1611 1553 meam
1653 1506 1847 1552 nunc
1888 1479 2173 1552 audias:
2220 1480 2386 1553 dicit
2432 1507 2502 1553 se
2548 1482 2634 1553 ad
2684 1483 2838 1555 illos

737 1593 1009 1694 judices
1033 1594 1293 1668 venisse
1323 1621 1638 1666 securam
1656 1652 1675 1685 ‚
1708 1615 1775 1667 et
1796 1593 2130 1666 obstitisse
2155 1594 2288 1667 sibi
2314 1595 2646 1668 fiduciam
2669 1598 2841 1696 prio-

749 1710 842 1780 ris
875 1709 1232 1781 sententiae
1262 1738 1276 1781 :
1312 1710 1525 1781 utitur
1557 1711 1631 1782 in
1668 1709 2115 1783 defensione²
2147 1709 2339 1783 claris
2372 1739 2450 1784 ac
2483 1711 2839 1786 nobilibus

751 1825 1119 1924 exemplis3
1155 1825 1517 1897 damnatos
1545 1825 1724 1896 mihi
1752 1825 2117 1915 Camillos,
2155 1846 2222 1897 et
2251 1826 2544 1899 Rutilios
2571 1847 2835 1899 narrat:

747 1966 990 2011 verum
1012 1941 1414 2039 quicunque
1440 1940 1563 2012 iste
1584 1941 1798 2013 exitus
1827 1939 1989 2030 fuit,
2012 1940 2332 2011 habuerit
2355 1967 2562 2012 suurn
2589 1942 2836 2014 finem:

752 2054 808 2126 si
836 2053 1131 2127 crimina
1156 2055 1229 2126 in
1254 2081 1366 2127 me
1393 2055 1617 2155 explet
1638 2057 1896 2155 (neque
1920 2058 2184 2151 vereor)
2210 2053 2412 2154 plura
2438 2055 2837 2149 confitebor,

755 2196 969 2267 quam
990 2170 1263 2271 objicis:
1294 2192 1361 2243 et
1387 2199 1613 2271 quum
1638 2172 1966 2244 damnata
1994 2192 2169 2244 esset
2192 2193 2412 2244 mater
2433 2199 2589 2245 mea
2605 2228 2625 2262 ‚
2650 2172 2841 2266 flevi,

756 2305 826 2357 et
852 2285 1144 2383 graviter
1171 2284 1323 2359 tuli.

743 552 869 631 204

832 2491 876 2526 1.
901 2473 1038 2527 Aliis
1058 2475 1356 2528 muneribus
1370 2475 1637 2547 acciperet.
1661 2478 1762 2529 Re-

756 2556 900 2609 stimi
925 2556 1082 2626 jubet
1112 2556 1388 2610 AErodius:
1424 2556 1614 2609 alienis
1644 2575 1764 2607 mu-

758 2631 960 2691 lieribus
995 2639 1242 2690 accidere.
1282 2638 1435 2691 Vides
1469 2651 1594 2690 extr.
1632 2638 1760 2705 Vel,

754 2720 942 2772 alienis
971 2738 1043 2772 m.
1077 2739 1126 2770 a.
1148 2719 1379 2791 judices,
1416 2733 1516 2771 etc.
1549 2720 1763 2789 Cogita-

755 2797 880 2850 bam
899 2818 913 2849 ε
939 2795 1060 2850 aliis
1075 2797 1282 2849 aur-ibus
1298 2799 1497 2871 accepit
1496 2798 1665 2870 judex
1682 2815 1764 2848 ex-

758 2889 968 2933 traneus
988 2901 1007 2929 .-
1063 2881 1267 2950 urn'que
1307 2877 1529 2950 fortasse
1582 2877 1768 2932 iratior

758 2962 921 3015 existi.
966 2962 1253 3013 Extraneus
1287 2958 1453 3031 judex
1497 2978 1606 3012 non
1657 2973 1764 3012 tam

758 3042 1004 3114 propitiis
1022 3040 1237 3094 auribus
1257 3042 1463 3113 accepit
1480 3042 1658 3094 matris
1673 3041 1766 3094 ‹le-

758 3122 1088 3188 femioneun,
1122 3138 1280 3190 quam
1314 3137 1412 3190 ego
1443 3120 1766 3173 domesticus

762 3217 1086 3271 acceperam.
1120 3199 1186 3250 Et
1214 3199 1438 3251 fortasse
1471 3214 1522 3251 et
1553 3199 1683 3252 mihi
1714 3214 1766 3252 et

762 3277 837 3327 illi
875 3280 1082 3344 iratior,
1114 3297 1287 3350 eoque
1315 3275 1680 3331 vehementior
1708 3280 1763 3330 in

763 3377 1004 3425 causam,
1029 3358 1271 3432 prodiisti
1291 3362 1346 3412 in
1374 3360 1567 3412 forum.
1595 3361 1763 3414 Gnou.

762 3437 1056 3509 Respondeo
1075 3439 1198 3502 ista,
1220 3457 1336 3510 quoe
1358 3439 1591 3491 dixissem
1617 3437 1740 3492 aliis
1747 3461 1766 3500 ,-

760 3516 1059 3568 munen'bus
1071 3516 1497 3588 acciperejudices
1508 3529 1768 3570 extraneo-

1841 2493 1959 2526 rum
1974 2473 2104 2545 (non
2112 2472 2418 2546 judicavere
2432 2494 2497 2527 eo
2510 2474 2722 2540 affectu,
2734 2494 2842 2547 quo

1840 2556 2015 2628 filius)
2037 2569 2278 2609 naturam
2295 2579 2311 2607 .-
2345 2576 2437 2610 nec
2465 2558 2605 2631 quod
2618 2559 2845 2629 sonasse

1841 2642 2025 2694 iratior
2043 2639 2290 2693 exstiteris
2298 2662 2318 2702 ,-
2337 2639 2446 2706 vel,
2467 2659 2531 2691 ne
2549 2640 2712 2712 quas
2740 2641 2842 2690 ira·

1841 2720 1944 2772 tior
1957 2720 2154 2772 existas.
2177 2720 2391 2772 Senum.
2417 2718 2543 2788 Quoe
2559 2717 2697 2782 dixi,
2722 2716 2843 2769 aliis

1841 2802 2049 2854 auribus
2090 2801 2344 2872 acciperet
2368 2802 2536 2874 judex
2575 2809 2845 2851 extraneo·

1843 2899 1959 2933 rum
1994 2899 2236 2946 causam,
2270 2899 2375 2953 qua
2397 2880 2451 2953 f.
2486 2879 2668 2932 iratior
2691 2879 2844 2932 exsti-

1845 2963 1950 3016 rista·
1963 2999 1981 3027 ‚
2006 2960 2260 3014 Obrecht.

1918 3059 1964 3093 2.
2000 3038 2174 3092 Utitur
2199 3040 2255 3090 in
2286 3037 2583 3109 defensione
2609 3036 2762 3091 claris
2786 3056 2848 3090 ac

1844 3120 2096 3175 nobilibus
2112 3118 2376 3191 exemplis.
2396 3120 2587 3172 Melius
2608 3122 2774 3185 forte,
2792 3121 2847 3171 ιἰι

1844 3200 2216 3273 defensionem.
2257 3200 2423 3252 ὃπου.
2470 3227 2536 3238 -
2572 3199 2844 3250 Habuen't.

1846 3278 2047 3331 Habuit
2071 3297 2109 3331 s.
2130 3275 2302 3351 finem
2321 3298 2338 3327 .·
2368 3278 2416 3329 .ςὶ
2437 3277 2660 3330 crimina
2689 3280 2744 3329 in
2769 3293 2849 3328 me

1846 3375 2070 3429 exspuas,
2087 3375 2251 3430 neque
2264 3356 2484 3423 verebor,
2502 3369 2553 3409 et
2561 3355 2721 3429 plura
2734 3374 2851 3408 con-

1834 3437 2040 3513 fitebor.
2061 3438 2369 3490 Scaurum.
2385 3467 2455 3478 —
2468 3438 2537 3490 In
2560 3456 2644 3490 me
2660 3437 2848 3509 explet.

1848 3515 2026 3569 AErod.
2048 3514 2171 3586 legit
2194 3517 2251 3568 in
2274 3533 2359 3569 me
2374 3515 2563 3587 exples.
