3200 5117
722 594 840 682 198
1092 533 1106 540 ’
1213 589 1306 651 Μ.
1354 586 1603 650 FABu
1648 580 2290 666 QUINTtLlAM

713 717 890 788 inter
929 735 1276 811 perversas
1319 707 1637 797 delicias,
1684 706 1941 778 habere
1986 706 2322 778 rusticum
2360 732 2375 776 z
2424 704 2803 780 ridiculum

711 825 883 919 hoc,
925 824 1117 925 quod
1164 822 1418 911 durus,
1467 821 1656 920 quod
1706 820 2070 911 inhabilis,
2114 821 2301 921 quod
2354 819 2536 892 filius
2578 847 2801 895 meus.

712 940 993 1033 Qualia,
1014 938 1109 1011 dii
1128 939 1435 1035 deaeque,
1453 932 1735 1008 damna!
1759 934 2101 1032 Intelligo,
2119 961 2280 1006 cum
2300 961 2442 1033 quo
2462 934 2638 1008 mihi
2658 933 2805 1008 filio

624 1135 651 1150 ἢ
714 1083 818 1129 res
855 1076 1004 1128 est:
1047 1079 1191 1127 non
1231 1049 1742 1124 commendabo
1786 1049 1887 1121 illi
1931 1048 2238 1122 laborem
2281 1049 2700 1140 honestum,
2740 1069 2808 1123 et

711 1174 971 1247 bonam
1001 1165 1310 1270 quotidie
1339 1166 1865 1257 conscientiam,
1899 1188 1967 1239 et
1994 1193 2312 1266 operam,
2343 1168 2551 1239 etiam
2579 1167 2806 1240 civita·

711 1289 895 1362 tibus
932 1286 1342 1361 servientem
1377 1311 1392 1355 z
1442 1310 1646 1382 agam
1685 1308 1965 1354 causam
2009 1309 2133 1382 per
2159 1282 2337 1354 vices
2374 1282 2541 1354 anni
2564 1296 2612 1372 ¹,
2657 1308 2803 1355 non

710 1402 1101 1477 numerabo
1135 1401 1399 1474 fructus
1428 1426 1442 1470 z
1478 1397 1916 1471 luxuriosum
1958 1397 2187 1471 fllium
2219 1397 2307 1471 ad
2337 1398 2610 1471 delicias
2637 1424 2806 1471 voco

712 1537 1002 1618 paratas.
1020 1515 1325 1616 Ingentis
1344 1514 1655 1616 pecuniae
1674 1514 2102 1613 concupiscis
2120 1512 2334 1587 feras?
2349 1514 2596 1586 demus
2615 1540 2630 1585 ε
2658 1513 2806 1613 ipse

711 1662 986 1709 venare.
1014 1633 1279 1706 Avibus
1306 1632 1577 1705 onerari
1600 1632 1864 1705 fercula
1885 1631 2188 1732 gaudes?
2218 1633 2480 1704 fructus
2505 1653 2803 1719 nostros,

717 1750 848 1822 nisi
874 1748 1243 1840 succurris,
1275 1749 1643 1826 infestant:
1674 1747 2016 1848 quidquid
2048 1748 2191 1838 illic
2225 1748 2494 1820 lautum
2524 1768 2655 1837 est,
2681 1773 2806 1819 nos

716 1865 1079 1937 misimus:
1116 1884 1183 1936 et
1213 1863 1477 1937 fructus
1513 1864 1810 1936 curvatis
1851 1863 2056 1936 ramis
2084 1862 2175 1935 ad
2211 1889 2506 1935 manum
2538 1883 2807 1962 paratos

718 1981 1082 2053 habemus.
1118 1982 1502 2082 Compara,
1541 1981 1597 2053 si
1628 1980 2000 2094 videbitur,
2033 2001 2284 2052 vestros
2324 1978 2597 2051 nivibus
2631 1977 2808 2050 meis

715 2094 1020 2166 fontes²:
1058 2120 1386 2195 compara
1410 2094 1693 2169 inclusis
1726 2096 1904 2168 intra
1933 2095 2224 2195 parietes
2249 2094 2446 2192 aquis
2471 2118 2809 2193 perennes

716 2207 1102 2282 fluminum
1142 2210 1374 2310 lapsus
1407 2238 1423 2284 ε
1468 2238 1626 2310 quae
1665 2231 1853 2284 tanta
1889 2210 2081 2283 vobis
2119 2208 2451 2282 nemora?
2492 2208 2665 2308 quid
2705 2228 2811 2281 est

721 2324 867 2396 istic
896 2325 1344 2417 admirabile,
1380 2327 1515 2399 nisi
1556 2327 1733 2418 ruris
1765 2325 2105 2400 imitatio?
2134 2326 2222 2399 ad
2261 2325 2386 2397 has
2421 2346 2489 2397 te
2525 2322 2809 2396 delicias

720 2427 916 2540 pater
936 2466 1146 2514 voco:
1178 2443 1324 2544 ipse
1350 2445 1611 2520 durum
1638 2442 1900 2517 desidia
1931 2443 2159 2530 solum
2195 2441 2406 2514 sulcis
2431 2440 2767 2541 ³aperiam
2788 2497 2808 2530 ,

797 2635 841 2670 1.
867 2617 1040 2692 Aqam
1063 2638 1267 2672 causam
1297 2641 1395 2695 per
1417 2623 1547 2674 vices
1572 2623 1719 2673 anni.

720 2701 930 2754 Dictum
955 2713 1016 2752 ut
1036 2700 1179 2772 apud
1203 2702 1335 2755 Stat.
1362 2703 1532 2756 Achil.
1557 2705 1612 2766 1,
1642 2723 1720 2775 pr.

726 2805 749 2829 ι
767 2785 847 2836 ire
870 2799 969 2855 per
994 2801 1204 2836 omnem
1229 2786 1420 2838 Hei-oa.
1444 2807 1466 2832 ο
1500 2784 1721 2838 Senum.

720 2866 786 2918 Et
805 2863 944 2917 idem
965 2865 1095 2918 Stat.
1116 2865 1364 2932 Theb.V,
1386 2867 1477 2919 151
1498 2887 1509 2917 =
1534 2888 1557 2912 ιι
1571 2868 1723 2919 Exire

1809 2644 1831 2669 α
1852 2621 2103 2676 vidiasent
2131 2619 2446 2693 reponendae
2474 2619 2604 2671 nivis
2639 2616 2807 2698 offici·

1809 2725 1832 2749 κ
1853 2721 1963 2755 nas.
1988 2726 2010 2751 n
2034 2705 2200 2768 Tum,
2225 2727 2248 2751 ιι
2267 2721 2374 2754 11011
2398 2700 2610 2754 sorbere
2630 2699 2804 2752 solum

1807 2805 1832 2831 ιι
1851 2785 2022 2836 nivem
2040 2823 2057 2848 ‚
2082 2784 2178 2839 sed
2201 2787 2360 2838 etiam
2383 2802 2498 2837 esse
2513 2821 2530 2847 ‚
2556 2796 2610 2836 et
2635 2782 2801 2834 frusta

728 2966 749 2990 a
769 2961 867 3015 per
890 2961 1075 2995 annos.
1098 2967 1121 2990 ι
1149 2943 1254 2995 Ubi
1283 2944 1403 2996 vide
1436 2943 1611 2997 Barth.
1638 2945 1725 2997 St'c

719 3039 873 3151 ἴση
893 3039 1116 3074 canuam.
1139 3023 1245 3100 Per
1264 3023 1394 3076 vices
1411 3042 1499 3074 an.
1526 3041 1580 3074 11.
1603 3042 1654 3075 11.
1667 3023 1722 3095 f.

785 3099 899 3152 rod.
926 3128 993 3141 —
1019 3099 1252 3153 Paratus.
1272 3100 1392 3153 vid.
1418 3099 1483 3154 ad
1509 3103 1720 3154 Petron-

722 3199 838 3252 cap.
876 3183 974 3233 XV
1009 3195 1062 3234 et
1097 3182 1419 3235 LXXXVIII.
1457 3184 1727 3255 Inemptas

722 3259 878 3331 dapes
916 3272 1073 3313 vocat
1111 3263 1379 3314 Horatius.
1423 3260 1603 3313 AErod.
1652 3265 1723 3315 ita

720 3335 1022 3407 distinguit:
1046 3357 1188 3393 voco.
1206 3341 1423 3394 Par-atas
1434 3340 1721 3414 inqenn’sp.

723 3437 767 3470 c.
782 3417 836 3490 f.
861 3419 1040 3473 damas
1060 3419 1173 3492 ipse
1189 3423 1449 3474 venabere.
1470 3421 1531 3473 In
1555 3439 1721 3493 marg.

722 3495 929 3548 demens
951 3498 1055 3569 ipse
1078 3500 1264 3552 venire.

796 3591 846 3626 α.
892 3575 1091 3629 Vestms
1128 3577 1328 3632 nivibus
1366 3577 1494 3631 meis
1524 3578 1722 3649 fontoe.

728 3655 995 3722 AErodius‚
1021 3657 1203 3711 rivulis
1222 3660 1362 3714 meis.
1387 3660 1556 3731 Lege:
1580 3679 1726 3713 com-

717 3757 849 3812 para
867 3779 885 3807 ,
917 3740 963 3791 st‘
996 3739 1278 3804 videbitur,
1318 3744 1493 3794 vestris
1526 3741 1726 3793 nivibus

722 3838 859 3873 meos
873 3820 1069 3893 fontes.
1096 3822 1233 3873 Nam
1256 3819 1475 3876 divitum
1499 3835 1622 3874 sunt
1646 3823 1727 3874 ni·

722 3915 810 3952 ves
834 3898 1116 3952 adservate
1140 3898 1207 3952 ad
1236 3902 1477 3972 potiones
1506 3900 1727 3972 refrige-

706 3976 932 4031 ‹randas.
967 3975 1197 4045 Seneca,
1232 3979 1354 4032 Nat.
1389 3979 1583 4046 Quaest.
1620 3980 1720 4031 IV:

729 4081 750 4102 ι
770 4060 1095 4126 Invenimus,
1115 4059 1388 4133 quomodo
1408 4062 1723 4132 stiparemus

730 4158 751 4179 ιι
772 4138 975 4203 nivem,
1000 4153 1058 4192 nt
1086 4159 1148 4192 ea
1174 4153 1403 4192 aestatem
1428 4142 1724 4208 evinceret,

730 4239 751 4261 a
773 4230 823 4268 et
847 4232 1029 4271 contra
1056 4222 1181 4272 anni
1199 4223 1458 4273 fervorem
1476 4219 1726 4276 defende-

730 4319 750 4339 u
772 4307 930 4348 retur.
954 4320 976 4345 n
999 4299 1065 4348 Et
1084 4316 1292 4357 rursum
1311 4321 1325 4351 ε
1352 4324 1375 4348 ιι
1395 4300 1537 4367 Quid
1556 4302 1661 4368 illi,
1680 4303 1727 4355 si

1809 2889 1832 2913 ι
1852 2869 1964 2936 ejus
1988 2868 2043 2919 in
2067 2866 2296 2939 scyphos
2318 2883 2444 2920 suos
2466 2863 2696 2935 dejicere
2718 2864 2805 2915 in-

1809 2966 1832 2990 ·
1854 2957 1933 2996 ter
1947 2946 2116 3015 ipsam
2130 2944 2349 2997 bibendi
2364 2962 2581 2996 moram.
2600 2966 2623 2989 n
2637 2941 2802 2995 611011.

1801 3022 1921 3073 vid.
1945 3022 2013 3075 ad
2034 3023 2240 3076 Petron.
2262 3024 2452 3075 xxxl.
2469 3052 2538 3062 —
2553 3022 2806 3092 Compara

1804 3099 2027 3154 inclust's.
2052 3102 2337 3174 Compara,-
2357 3101 2548 3154 inclusi
2563 3111 2710 3153 nent.-
2737 3110 2810 3153 est

1803 3184 1943 3235 intra
1962 3183 2183 3255 parietes
2203 3199 2356 3256 aque
2372 3182 2615 3256 perennis
2624 3182 2679 3254 f
2701 3180 2809 3253 lap-

1803 3281 1910 3329 sus,
1938 3261 2117 3314 AErod.

1875 3342 1924 3395 3.
1959 3341 2129 3394 Sulcis
2157 3341 2333 3392 etiam.
2369 3339 2651 3413 Aperiunt,
2682 3337 2806 3391 edit.

1801 3420 1915 3475 aliae
1944 3421 2008 3494 {et
2037 3420 2214 3474 AErod.
2247 3435 2300 3474 et
2340 3423 2549 3493 Bipont.
2594 3422 2808 3493 quicum

1803 3503 2040 3555 facimus.
2068 3503 2252 3555 Ter-am
2264 3542 2282 3570 ,
2306 3501 2609 3554 Obrechtus
2621 3522 2638 3564 ς
2651 3498 2810 3572 -quod

1803 3599 1871 3633 an
1897 3596 2039 3634 recte
2062 3580 2270 3634 dicatur
2293 3579 2631 3633 vehementer
2654 3576 2810 3630 dubi-

1805 3671 1890 3712 to:
1925 3658 2075 3712 sulco
2100 3660 2256 3712 atteri
2285 3673 2516 3711 aratrum
2547 3671 2600 3708 et
2624 3675 2809 3709 vomer

1803 3740 1975 3809 poetis
1999 3735 2210 3805 dicitnr,
2235 3738 2327 3791 sed
2354 3756 2459 3790 non
2489 3737 2608 3806 ipsa
2633 3749 2807 3804 tem,

1806 3833 1920 3888 (με
1949 3817 2228 3883 scinditur,
2252 3815 2485 3881 finditur,
2514 3827 2616 3866 etc.
2641 3832 2809 3885 qnare

1802 3900 2036 3972 aperiam
2082 3900 2247 3970 magis
2287 3896 2465 3969 placet
2485 3918 2498 3947 2
2547 3910 2608 3948 ut
2650 3893 2803 3950 Ovid.

1802 3979 1929 4033 Met.
1952 3982 2047 4047 111,
2074 3979 2202 4047 ¹04²
2234 4001 2257 4025 κ
2275 3994 2463 4051 presso
2487 3977 2692 4030 sulcum
2714 3993 2806 4046 pa-

1809 4081 1831 4104 «
1855 4061 2031 4112 tefeeit
2062 4075 2255 4112 aratro.
2275 4081 2297 4106 n
2334 4059 2400 4110 Et
2433 4056 2538 4110 hoc
2575 4057 2648 4124 τᾷ
2674 4056 2805 4109 dum

1801 4141 1912 4194 solo
1931 4155 2052 4214 apte
2072 4140 2395 4214 respondere
2413 4139 2637 4191 videtur.
2652 4139 2808 4189 Fran·

1804 4222 1917 4274 cius
1942 4221 2181 4280 volebat,
2205 4223 2395 4273 durum
2419 4218 2696 4293 diffindam
2719 4235 2805 4270 so-

1808 4301 1916 4355 lum
1932 4342 1950 4370 ,
1966 4303 2284 4357 ulcisetiam
2299 4315 2349 4357 et
2365 4315 2537 4356 aratro
2553 4319 2592 4356 s.
2612 4301 2809 4354 ί11α1111·

2333 4427 2347 4462 ,Ι
