3200 5117
740 560 867 624 236
1236 558 1328 619 M.
1376 555 1630 618 mnu
1677 551 2321 636 QmN‘rlmAm
2369 567 2376 572 ·

738 710 827 754 ne
868 682 983 770 ille
1017 679 1316 779 amplius
1345 699 1800 778 torqueretur,
1834 677 2229 776 periculum
2264 678 2500 777 capitis
2526 680 2771 753 subisti
2802 711 2816 753 ε

740 796 895 885 ille,
935 823 1024 869 ne
1061 816 1125 868 te
1163 794 1594 884 nominaret,
1629 794 1737 866 bis
1768 813 1985 865 tortus
2020 813 2156 864 est:
2196 793 2317 891 qui
2351 820 2494 864 non
2528 794 2821 887 indicat,

740 910 1098 983 confitetur
1115 908 1421 979 amicum
1442 908 1674 979 fuisse.
1694 906 1810 978 Bis
1827 926 2041 978 tortus
2060 907 2368 1005 negavit:
2394 907 2572 979 nihil
2593 908 2822 982 dicam

741 1025 826 1097 de
867 1024 1181 1095 varietate
1230 1044 1741 1095 tormentorum
1785 1049 1800 1092 :
1850 1022 2171 1094 nondum
2214 1045 2356 1094 erat
2398 1043 2609 1095 tortus
2635 1081 2655 1113 ,
2704 1026 2822 1122 qui

741 1140 1039 1239 torqueri
1055 1160 1351 1239 poterat:
1374 1138 1516 1229 illa,
1541 1138 1664 1210 illa
1677 1140 1958 1235 quaestio
1971 1139 2235 1230 fuisset,
2250 1166 2461 1235 quam
2482 1139 2819 1212 'timuisti

738 1255 1045 1328 Difficile
1070 1275 1170 1326 est
1192 1275 1427 1328 contra
1452 1255 1766 1327 dolorem
1791 1254 1986 1352 aegris
2015 1254 2262 1327 durare
2285 1256 2682 1354 corporibus
2712 1284 2727 1328 :
2759 1277 2825 1328 et

737 1370 935 1444 facile
969 1390 1067 1443 est
1099 1371 1363 1469 integro
1396 1396 1604 1442 sensu
1635 1370 2214 1469 perferre‚4quam
2240 1370 2452 1442 semel
2481 1370 2821 1462 indueriS,

741 1487 1294 1586 persuasionem:
1319 1487 1474 1559 ideo
1508 1514 1618 1562 ars
1658 1487 1936 1558 inventa
1969 1507 2102 1559 est:
2144 1487 2274 1558 illae
2302 1508 2625 1585 torquent
2652 1515 2823 1560 noc-

742 1622 959 1673 turnae
1002 1600 1483 1700 cogitationeS,
1537 1601 1658 1674 illa
1709 1601 2081 1673 recordatio
2124 1604 2661 1701 praeteritorum,
2707 1604 2824 1675 illa

742 1715 1147 1815 exspectatio
1189 1718 1585 1788 futurorum
1617 1743 1630 1786 :
1676 1715 1798 1788 illa
1837 1738 1941 1790 est
1982 1717 2269 1814 quaestio
2309 1718 2561 1815 gravis,
2603 1745 2821 1816 quum

742 1828 1029 1903 vulnera
1049 1829 1438 1918 caeduntur3
1462 1856 1687 1928 quum
1710 1857 2113 1930 persuasum
2135 1853 2236 1904 est
2259 1830 2521 1924 animo,
2549 1831 2824 1904 nullum

745 1972 886 2018 esse
931 1947 1147 2019 finem
1195 1966 1698 2019 tormentorum
1731 1973 1746 2018 :
1792 1973 1938 2019 non
1963 1947 2195 2046 ‚igitur
2228 1969 2502 2046 peracta
2543 1948 2826 2048 quoestio

743 2060 897 2131 fuit.
935 2061 1155 2168 ,Ducit
1194 2088 1308 2133 me
1346 2061 1722 2159 indignitas
1757 2062 1852 2134 rei
1889 2091 1903 2133 :
1945 2089 2294 2135 venenum
2337 2063 2664 2161 proditori
2702 2062 2828 2134 de-

747 2173 907 2244 disti
937 2201 950 2243 :
989 2174 1123 2246 nisi
1151 2173 1343 2246 aliud
1374 2174 1640 2247 crimen
1678 2201 2120 2273 occupassem
2141 2232 2161 2265 ,
2195 2174 2510 2247 veneficii
2546 2203 2870 2276 accusa--

746 2314 939 2360 rem:
970 2314 1321 2361 venenum
1355 2290 1655 2389 paravit,
1684 2290 1968 2380 habuit,
1999 2289 2213 2362 dedit.
2247 2293 2334 2362 Et
2357 2292 2668 2394 primum
2700 2292 2829 2364 hoc

748 2403 1068 2477 invadere
1101 2405 1308 2478 libet:
1347 2407 1538 2479 unde
1574 2406 1702 2479 tibi
1732 2405 2127 2479 venenum?
2158 2407 2244 2479 ad
2280 2435 2453 2506 quos
2486 2435 2677 2481 casus
2706 2435 2834 2506 pa-

749 2520 953 2592 rasti?
984 2521 1079 2594 sic
1108 2520 1287 2593 illud
1314 2521 1662 2611 habuisti,
1697 2542 2055 2622 tamquam
2079 2523 2293 2622 possis
2323 2522 2464 2622 ipse
2495 2522 2828 2620 torqueri·

747 2662 913 2733 age,
952 2636 1273 2708 nondum
1317 2636 1569 2710 invado
1617 2658 1983 2734 tamquam
2030 2636 2505 2736 proditorem:
2552 2634 2827 2705 inte'rim

749 2781 876 2853 ago
920 2775 1150 2826 tecum
1187 2756 1634 2855 magistratus
1669 2755 1957 2829 nomine
1995 2782 2011 2826 ε
2057 2754 2285 2829 curin
2319 2752 2696 2826 custodiam
2732 2752 2829 2822 ir-

752 2869 1043 2968 rupisti?
1083 2870 1339 2969 quibus
1367 2872 1723 2974 suppliciis
1763 2873 1895 2944 hoc
1916 2899 2268 2946 venenum
2302 2871 2488 2944 luere
2525 2866 2835 2969 poteras?

750 2983 1102 3056 Proditor²
1130 2985 1309 3058 bene
1344 2986 1567 3086 periit.
1593 2987 1731 3060 Sed
1760 2987 2126 3060 redeamus
2160 2987 2248 3059 ad
2277 2986 2541 3058 crimen
2571 3012 2587 3056 :
2622 3011 2836 3057 vene-

754 3126 927 3170 num
961 3098 1239 3188 dedisti,
1281 3129 1505 3201 quum
1540 3102 1743 3175 scires
1775 3104 2134 3192 futurum,
2172 3122 2250 3172 ut
2283 3102 2834 3200 suspicaremur:

752 3238 965 3307 quam
993 3213 1194 3285 valde
1222 3213 1728 3288 confessionem
1754 3215 2046 3288 timuisti
2066 3272 2085 3306 ,
2117 3215 2239 3313 qui
2274 3215 2507 3286 subire
2541 3212 2840 3286 maluisti

753 3326 885 3398 hoc
915 3333 1442 3427 argumentum!
1480 3334 1809 3423 Amicus,
1846 3333 2109 3431 inquit,
2153 3359 2341 3404 eram
2374 3357 2388 3403 :
2436 3331 2610 3429 quid
2651 3327 2841 3427 agis?

754 3442 1017 3516 amicus
1051 3446 1439 3520 etiamnum
1476 3448 1654 3546 patri
1691 3449 1878 3520 bono
1895 3448 2044 3548 jam
2075 3447 2261 3519 filius
2289 3473 2434 3519 non
2457 3446 2836 3518 videretur:

756 3577 958 3628 antea
983 3558 1109 3630 tibi
1139 3582 1406 3658 poterat
1435 3563 1741 3661 ignosci,
1771 3590 1998 3661 quum
2022 3561 2391 3660 ignorabas
2416 3588 2431 3633 ε
2459 3560 2837 3632 etiamnum

758 3672 1001 3769 probas
1030 3675 1472 3773 proditorem.
1508 3676 1794 3749 Amicus
1829 3676 1979 3749 ille!
2025 3675 2159 3747 hoc
2192 3676 2277 3747 de
2314 3674 2662 3774 proditore
2699 3697 2843 3744 non

832 3878 874 3911 1.
897 3860 1067 3931 Quam
1088 3861 1320 3914 timuisti.
1343 3864 1403 3932 Q.
1421 3862 1756 3935 prohibuisti,
1837 3863 2086 3925 feliciter-3
2106 3864 2242 3916 utst's
2257 3862 2462 3913 bonu-so
2471 3859 2717 3933 felixque
2730 3860 2842 3911 tuis.

760 3941 969 3993 AErod.-
1024 3943 1149 3994 Ideo
1172 3961 1271 3995 ars.
1300 3943 1412 3995 Nec
1439 3943 1553 3995 ideo
1571 3945 1760 4006 amin-
1838 3941 2054 3995 Senum.
2085 3942 2215 4008 Alii,
2235 3957 2353 4014 quoe
2368 3937 2628 4011 supplicia
2649 3938 2745 3990 hoc
2763 3956 2846 3989 νο-

760 4032 907 4073 venta
921 4032 993 4074 est
1007 4020 1452 4096 illa-cogitationes
1466 4033 1753 4094 torqueant.
1839 4039 1973 4073 neno
2007 4020 2152 4073 luere
2182 4019 2416 4091 parabat.
2447 4017 2576 4082 vel,
2610 4028 2843 4089 poteras.-

758 4098 973 4150 SCBULT·
1840 4101 2078 4172 proditor
2096 4102 2220 4153 bene
2233 4099 2386 4171 perit.
2409 4096 2510 4150 Sed
2528 4094 2707 4148 AErod.
2722 4112 2845 4165 pro·

834 4192 881 4244 ξ.
922 4177 1176 4232 Poteras?
1211 4180 1464 4251 proditor.
1512 4181 1761 4244 Poteras,
1844 4178 1980 4229 ditor
2023 4198 2218 4231 veneno
2263 4177 2438 4249 periit.
2479 4204 2554 4216 -
2589 4170 2844 4225 Maluistt.

760 4271 862 4323 quo
897 4257 1134 4324 proditor
1165 4258 1290 4308 bene
1318 4258 1489 4328 periit.
1522 4259 1663 4308 Bene
1685 4271 1764 4308 est
1843 4255 2106 4322 Noluisti,
2133 4270 2184 4309 et
2210 4275 2332 4307 mox
2349 4294 2366 4322 ,
2387 4254 2517 4328 quid
2539 4253 2647 4305 ais?
2668 4247 2847 4303 AErod.
