3200 5117
722 567 1564 637 DECLAMATIONES.
1614 568 2078 636 CCCXVIII.
2322 573 2445 638 285

244 709 268 730 ⁸
360 690 527 793 per?
550 712 721 791 puta
754 717 869 762 me
904 690 1164 778 dicere3
1195 691 1532 780 Querere¹
1570 690 1657 761 de
1692 710 1757 762 te
1781 711 1984 790 atque
2007 690 2252 763 officiis
2281 692 2449 780 tuis,

364 808 671 906 quinon
712 805 909 876 aliter
948 804 1259 876 meruisti
1294 831 1309 875 ε
1348 805 1629 876 fortasse
1657 829 1901 876 vexare
1936 829 2055 877 vos
2089 805 2347 898 voluit,
2389 829 2456 879 et

361 921 670 1021 legatum
704 946 977 1019 sperare
1000 944 1298 1019 semper,
1335 940 1400 992 et
1421 919 1700 992 alternis
1726 919 2106 1019 desperare.
2133 920 2248 992 Sic
2274 922 2453 995 tueri

366 1065 483 1146 me
506 1038 693 1128 volo,
723 1059 801 1108 ut
819 1035 1044 1108 dicam
1067 1063 1340 1135 semper
1360 1063 1376 1108 :
1400 1057 1560 1108 ante
1582 1035 1822 1107 omnia
1839 1034 2029 1107 enim
2048 1056 2453 1110 testamento

371 1174 650 1252 tempus
685 1178 829 1223 non
859 1172 958 1223 est
986 1171 1267 1223 cautum
1290 1207 1308 1241 ‚
1335 1175 1477 1250 quo
1508 1150 1768 1223 solvam
1787 1208 1807 1240 ,
1837 1176 1913 1221 ac
1936 1174 2026 1221 ne
2054 1151 2270 1221 caveri
2303 1151 2457 1249 qui-

367 1266 530 1339 dem
565 1265 838 1368 potuitlz
887 1291 1055 1337 nam
1099 1265 1221 1365 qui
1254 1263 1456 1355 dicit,
1491 1263 1628 1336 utri
1667 1262 1994 1335 malueris
2017 1320 2035 1353 ,
2079 1283 2146 1335 et
2185 1283 2457 1363 tempus

369 1407 514 1454 non
559 1380 827 1482 adjicit,
871 1379 1238 1452 manifesto
1286 1377 1461 1450 illud
1503 1403 1785 1476 quoque
1826 1377 2195 1475 significat3
2231 1404 2457 1477 quum

366 1496 698 1584 volueris,
731 1494 983 1566 solves:
1009 1492 1239 1564 adhuc
1269 1517 1434 1590 ergo
1457 1491 1669 1562 ambo
1698 1490 1998 1589 improbi
2030 1490 2217 1582 estiS‚
2249 1492 2458 1563 ambo

368 1609 922 1683 calumniatores.
949 1607 1188 1696 Quam
1212 1605 1563 1705 sapienter
1584 1603 1923 1675 tacueras!
1961 1605 2017 1675 si
2047 1605 2119 1676 in
2149 1604 2281 1678 hoc
2309 1632 2459 1706 per-

370 1720 1117 1812 severasses‚videreris
1151 1719 1328 1792 mihi
1355 1718 1807 1791 verecundior
1834 1747 1849 1790 ε
1885 1745 2231 1819 sperarem
2262 1723 2458 1794 futu-

371 1868 531 1912 rum
551 1898 571 1931 ,
607 1839 1011 1937 diligentius
1039 1862 1335 1909 servares
1357 1836 1767 1936 pecuniam,
1798 1863 2011 1936 quam
2040 1863 2184 1909 non
2212 1839 2461 1938 cupide

373 1982 728 2056 acceperas
754 1981 768 2025 ε
797 1979 987 2026 nunc
1007 1952 1256 2052 incipit
1274 1952 1453 2024 mihi
1471 1952 1688 2026 videri
1710 1953 1946 2025 minus
1974 1952 2090 2025 ille
2112 1980 2417 2054 peccasse
2442 1985 2458 2028 z

371 2071 664 2171 litigavit
688 2091 846 2144 ante
875 2069 1431 2170 experimentum
1452 2126 1471 2160 ‚
1505 2069 1799 2169 litigavit
1831 2090 1987 2142 ante
2016 2071 2459 2144 sententiam:

373 2208 451 2259 tu
494 2213 638 2259 non
682 2185 900 2258 credis
925 2184 1309 2287 judicibus.
1349 2188 1615 2258 Neuter
1661 2212 1823 2285 ergo
1865 2184 2199 2285 accipiet?
2240 2212 2461 2284 quum

373 2300 666 2372 voluerit
695 2321 1031 2399 patronus
1065 2298 1262 2372 alteri
1296 2299 1445 2372 dari
1466 2314 1519 2390 ²,
1555 2326 1700 2372 non
1735 2321 1952 2400 potest
1981 2300 2069 2372 ab
2098 2299 2309 2373 altero
2334 2302 2464 2374 hoc

372 2417 683 2516 legatum
732 2416 876 2516 peti
932 2442 1011 2487 ex
1058 2415 1410 2488 voluntate
1466 2416 1771 2488 defuncti
1799 2447 1816 2505 ;
1873 2437 2119 2488 neuter
2161 2437 2463 2489 vestrum

375 2534 605 2606 dicere
651 2553 902 2633 potest,
951 2531 1084 2605 hoc
1131 2553 1463 2632 patronus
1510 2532 1660 2605 dari
1707 2532 1883 2603 mihi
1926 2532 2166 2604 voluit.
2203 2532 2466 2605 Habuit

371 2647 564 2720 hunc
597 2648 938 2720 honorem
973 2646 1188 2737 mihi,
1214 2667 1293 2718 ut
1316 2645 1496 2718 istud
1529 2668 1706 2719 esset
1727 2647 2153 2719 beneficium
2185 2673 2460 2719 meum:

373 2786 489 2833 me
524 2785 684 2861 ergo
723 2760 1015 2833 emereri
1048 2758 1291 2849 debet3
1328 2780 1396 2832 et
1440 2785 1482 2829 a
1527 2786 1641 2831 me
1677 2759 1862 2831 istud
1901 2780 2167 2859 petere,
2204 2759 2392 2857 quod
2426 2789 2465 2832 a

373 2896 665 2976 patrono
694 2902 839 2948 non
869 2874 1194 2976 petiisset.
1215 2875 1555 2973 Detegam
1576 2873 1769 2946 vobis
1792 2874 2226 2973 propositum
2255 2874 2463 2946 amici

377 2992 568 3064 mei:
620 2993 893 3066 meliori
941 2991 1085 3064 dari
1130 2992 1398 3064 voluit:
1450 2991 1581 3063 hoc
1624 2992 1779 3065 sciri
1829 3018 1909 3063 ex
1947 2992 2289 3091 praeterita
2321 2993 2464 3064 vita

375 3128 594 3180 vestra
634 3136 775 3182 non
811 3129 1072 3207 potest:
1111 3106 1366 3206 alioqui
1411 3107 1557 3205 ipse
1589 3108 1822 3180 scisset
1856 3135 1869 3177 :
1915 3128 1983 3178 et
2022 3108 2079 3178 si
2115 3107 2254 3179 ulla
2287 3107 2462 3179 inter

374 3251 492 3298 vos
523 3226 765 3298 fuisset
792 3223 1217 3314 differentia,
1252 3217 1670 3295 nominatim
1695 3221 2097 3320 reliquisset.
2137 3225 2291 3295 Hoc
2320 3222 2460 3297 3le-

453 3406 494 3440 1.
517 3390 765 3460 Quaerere.
789 3389 955 3460 Lege,
979 3406 1203 3462 querere.
1229 3392 1376 3440 Prrn.
1459 3385 1638 3439 AErod.
1657 3385 1860 3438 Deinde
1887 3387 2097 3458 quando
2125 3386 2320 3438 solvam
2345 3389 2456 3440 vult

373 3469 551 3524 AErod.
570 3471 782 3542 supplet
797 3470 929 3522 volo.
950 3469 1050 3522 Sed
1068 3467 1374 3540 legendum:
1456 3465 1719 3519 AErodius.

380 3552 598 3622 Querere
618 3552 679 3603 de
700 3563 747 3603 te
764 3563 917 3624 atque
930 3548 1121 3624 officiis
1141 3552 1240 3604 tuis
1252 3588 1270 3616 ‚
1286 3552 1379 3622 qui
1531 3564 1579 3599 2.
1606 3544 1774 3597 Alteri
1793 3544 1922 3597 dar-i.
1948 3545 2210 3597 Alter-utri.
2238 3545 2454 3599 Senum.

376 3647 482 3680 non
496 3629 921 3690 alitermerut'stt'3
940 3628 995 3679 id
1010 3641 1114 3693 est,
1131 3642 1291 3680 temet
1305 3630 1379 3700 ip-
1458 3627 1624 3692 Dare,
1646 3626 1913 3678 Francius.
1935 3655 2004 3666 -
2021 3627 2269 3678 Emer-eri.
2297 3629 2429 3677 Puto
2441 3662 2458 3689 .,

378 3725 436 3759 se
460 3722 618 3780 atque
638 3710 811 3761 officia
836 3722 927 3760 tua
951 3708 1032 3759 vel
1056 3706 1277 3779 frigida,
1296 3708 1377 3759 vel
1453 3707 1753 3776 promereri.
1786 3705 1949 3757 ὃπου.
1977 3705 2265 3776 Demean-i,
2294 3707 2459 3755 Fran-

377 3786 971 3858 infrequentia'accusa.
1006 3791 1079 3840 Ut
1112 3786 1253 3858 apud
1287 3787 1379 3839 Se-
1459 3787 1585 3836 cius.
1612 3783 1934 3836 —Emeren’
1959 3784 2117 3836 debet.
2146 3782 2379 3847 Debete‘s,
2408 3793 2460 3832 et

377 3883 562 3916 necam
582 3865 647 3917 de
667 3867 845 3919 Benef.
868 3868 961 3932 111,
990 3883 1041 3917 tt
1064 3886 1077 3917 ε
1100 3886 1122 3912 α
1138 3864 1237 3916 Cui
1256 3863 1347 3916 des
1362 3904 1376 3927 ‚
1456 3881 1608 3928 mox,
1630 3883 1663 3912 a
1682 3873 1904 3933 patrono
1928 3882 2032 3916 non
2054 3859 2329 3922 meruistis,
2351 3857 2458 3925 vel,

383 3966 405 3990 ι
427 3943 588 4016 elige,
606 3947 720 4016 ipse
738 3959 912 3998 tecum
926 3982 943 4010 ‚
964 3946 1007 3997 si
1021 3942 1274 4014 deceptus
1295 3961 1379 4008 es,
1460 3941 1780 3993 meruissetis.
1811 3941 2025 3992 Senum.
2055 3939 2134 3990 De
2158 3955 2243 3988 me
2268 3955 2388 4010 erqo
2411 3948 2464 3988 et

383 4048 405 4070 α
427 4041 678 4095 querere:
720 4023 938 4095 dignum
981 4021 1189 4091 adjuva.
1212 4043 1235 4067 υ
1276 4021 1381 4074 Ubi
1460 4021 1673 4087 mereri,
1699 4020 1875 4072 AErod.
1905 4018 2034 4071 nihil
2062 4030 2235 4082 muta,
2256 4015 2359 4068 vid.
2391 4015 2459 4069 ad

373 4117 517 4156 recte
566 4105 860 4166 Gruterus3
909 4103 1105 4154 frustra
1153 4101 1377 4172 Lipsius.
1461 4100 1614 4153 ovid.
1649 4100 1938 4171 Epist.vl‚
1970 4097 2084 4151 138.
2118 4127 2190 4137 —
2219 4097 2342 4149 Non
2369 4115 2460 4169 pe-

374 4183 691 4239 Gnouovms.
708 4214 781 4225 —-
795 4183 1020 4254 Tempus
1042 4199 1149 4234 non
1171 4191 1242 4232 est
1260 4191 1381 4233 cau-
1463 4179 1635 4232 tiisset.
1659 4180 1782 4230 Non
1803 4179 2050 4251 petiisses,
2078 4176 2256 4230 AErod.

378 4270 517 4328 tum,
562 4282 664 4336 quo
703 4261 921 4315 solvam.
969 4251 1194 4330 Tempus
1232 4259 1381 4314 deest
1532 4258 1582 4310 3.
1609 4256 1927 4331 Reliquisset.
1959 4258 2076 4312 Hoc
2100 4258 2285 4334 legato.
2321 4254 2462 4307 Rett-
