3200 5117
663 523 1505 620 DECLAMATIONES„
1546 525 2071 594 CCCLxxln.
2283 535 2401 614 481

333 783 598 805 mmw
622 781 1287 805 mmmmm
1294 781 2347 832 va-memmm
2360 793 2412 811 Ἀ

1027 976 1713 1053 CCCLXXIII.

942 1208 1372 1277 Ornamentis
1400 1205 1796 1304 redemptus.

331 1409 646 1468 Amicum
669 1425 900 1467 men-r.
926 1404 1221 1464 Seruzcm
1246 1423 1490 1465 woman
1515 1425 1611 1466 su·
1633 1426 1832 1466 Aeno.
1857 1408 2095 1468 Amissa
2119 1430 2337 1485 uxore,
2363 1423 2423 1472 et

409 1504 668 1565 defossis
691 1487 759 1562 in
789 1501 1064 1585 sepulcro
1089 1498 1219 1582 ejus
1242 1505 1651 1576 ornamentis,
1681 1504 2036 1587 superduxit
2058 1504 2185 1567 filio
2210 1530 2424 1569 nover-

407 1622 552 1663 cam
572 1614 765 1683 pater,
784 1601 890 1680 qui
907 1598 1051 1659 dein
1070 1613 1283 1681 captus
1302 1620 1337 1658 a
1358 1602 1597 1681 piratis,
1623 1602 1700 1660 dc
1719 1602 2140 1687 redemptione
2162 1608 2420 1687 scripsit.

412 1700 705 1757 Morante
739 1694 870 1756 filio
891 1741 909 1772 ‚
951 1718 1108 1757 uxor
1147 1717 1182 1756 a
1224 1697 1503 1780 sepulcro
1542 1699 1765 1780 prioris
1804 1703 2008 1760 uxoris
2043 1701 2201 1763 eruit
2244 1724 2422 1766 orna-

416 1805 623 1854 menta
637 1837 656 1870 ,
678 1807 737 1853 et
755 1793 939 1853 misit.
961 1792 1060 1853 Ob
1085 1792 1207 1853 hoc
1230 1815 1267 1853 a
1289 1794 1574 1876 privigno
1599 1794 1860 1877 sepulcri
1887 1796 2096 1860 violati
2115 1813 2422 1877 accusata,

418 1903 479 1949 et
501 1888 797 1952 damnata
823 1901 933 1949 est.
960 1890 1139 1950 Pater
1161 1890 1320 1949 redit
1335 1934 1354 1966 ‚
1377 1902 1437 1950 et
1460 1889 1704 1952 abdicat
1726 1891 1947 1954 filium.

1028 2076 1728 2143 DECLAMATIO.

438 2234 837 2332 Antequam
878 2233 1327 2334 parricidium
1352 2251 1400 2327 ¹,
1445 2235 1770 2309 inertiam
1809 2235 2058 2337 objicio
2100 2231 2116 2308 :
2165 2264 2310 2310 non
2358 2264 2427 2310 es

337 2349 815 2448 peregrinatus
833 2408 853 2440 ,
878 2350 1089 2421 etiam
1113 2377 1227 2422 me
1251 2351 1765 2450 peregrinante:
1794 2372 2069 2425 coactus
2095 2380 2254 2425 sum
2280 2374 2428 2426 tuas

336 2465 519 2536 vices
551 2464 905 2537 sustinere.
941 2465 1073 2537 Sed
1106 2465 1331 2558 dices,
1367 2492 1509 2537 non
1540 2488 1752 2539 totam
1788 2468 2086 2539 domum
2129 2471 2202 2540 in
2242 2471 2429 2567 peri-

337 2577 585 2649 culum
633 2579 976 2652 committi
1022 2579 1343 2651 debuisse
1385 2607 1401 2651 :
1452 2582 1839 2654 remansisti
1863 2638 1883 2672 ,
1933 2602 2014 2654 ut
2059 2583 2431 2656 redimeres

336 2715 608 2793 patrem
639 2715 921 2794 captum
948 2726 967 2786 ;
998 2694 1352 2769 deseruisti
1380 2726 1400 2785 ;
1438 2697 1827 2769 maximum
1863 2697 2129 2771 crimen
2150 2756 2171 2791 ,
2208 2699 2430 2770 immo

336 2810 794 2910 parricidium
827 2839 842 2882 :
875 2834 1221 2911 quantum
1252 2812 1331 2883 in
1356 2831 1421 2884 te
1448 2812 1584 2884 fuit
1603 2869 1622 2904 ,
1654 2812 1916 2886 occisus
1942 2840 2098 2886 sum
2121 2872 2140 2905 ‚
2177 2835 2243 2886 et
2268 2841 2431 2913 gra-

336 2925 636 2997 vissimis
664 2926 950 3024 quidem
985 2929 1366 3000 tormentis.
1398 2929 1637 3027 Neque
1668 2950 1807 3020 est,
1838 2930 2027 3028 quod
2057 2949 2432 3027 pauperta-

262 3023 267 3029 ’
338 3062 483 3114 tem
518 3067 824 3115 excuses:
851 3043 1169 3143 impietas
1202 3043 1372 3115 fuit:
1410 3044 1702 3117 moraris
1728 3071 1742 3115 :
1771 3064 1837 3116 et
1863 3044 2036 3143 quid
2069 3044 2327 3116 facis2?
2355 3066 2432 3118 ut

336 3157 565 3229 sciam
593 3183 736 3228 non
761 3158 1058 3232 otiosum
1077 3218 1096 3251 ,
1131 3185 1423 3232 accusas.
1454 3160 1609 3232 Hoc
1635 3158 1867 3232 vacat?
1895 3180 1961 3232 et
1988 3186 2204 3257 quam
2232 3186 2431 3233 accu-

331 3271 501 3346 sas?
556 3300 841 3346 uxorem
884 3303 1163 3348 meam:
1213 3274 1647 3376 sepulcrum,
1695 3274 1964 3374 inquit,
1998 3273 2373 3351 violaverat
2407 3305 2423 3347 :

337 3386 522 3485 quid
551 3387 640 3461 ad
675 3391 779 3461 te?
814 3418 970 3462 mea
998 3390 1257 3490 injuria
1286 3411 1383 3463 est
1408 3421 1426 3481 3
1458 3416 1585 3489 ego
1605 3387 2010 3462 vindicabo:
2039 3387 2157 3460 sed
2185 3415 2274 3461 ne
2299 3417 2426 3488 ego

340 3501 635 3602 quidem
661 3503 917 3576 debeo:
946 3525 1123 3576 recte
1146 3504 1436 3577 violavit.
1459 3507 1553 3577 Ut
1570 3504 1773 3594 scias,
1801 3503 2061 3604 inquit,
2083 3530 2425 3603 peccasse,

427 3686 471 3721 1.
504 3668 799 3744 Antequam
835 3673 1188 3742 parricidium.
1229 3672 1346 3724 An·-
1428 3674 1634 3725 interim
1647 3693 1680 3725 a
1690 3673 1874 3746 piratis
1887 3675 2122 3726 occisum.
2144 3672 2428 3744 Quidpost-

340 3763 557 3822 tequam
574 3752 913 3822 parricidium
928 3754 1192 3824 objiciam,
1214 3751 1346 3804 iner-
1424 3754 1522 3802 ea?
1557 3750 1780 3823 sepulcri
1820 3752 2005 3804 violati
2043 3769 2284 3804 accusas.-
2332 3750 2427 3802 hoc

343 3833 475 3885 tiam
505 3830 687 3902 objicio
705 3869 723 3897 ,
752 3832 926 3884 AErod.
950 3861 1021 3874 —-
1045 3833 1349 3886 Remansisu'
1424 3829 1621 3882 adeone
1639 3840 1803 3883 vacat.
1827 3832 2038 3901 Anceps
2059 3844 2112 3881 et
2130 3827 2428 3900 periculosa

341 3922 408 3965 ut
425 3909 703 3964 redimeres.
726 3912 809 3964 Ne
828 3911 1103 3964 redimeres.
1126 3913 1343 3965 Senum.
1424 3907 1535 3960 haec
1551 3909 1846 3980 corrigendi
1861 3911 2014 3961 ratio.
2030 3910 2297 3960 Fortasse:
2315 3908 2426 3960 Μο-

344 3990 477 4042 Rem
498 3990 718 4056 auxisti,
746 3989 923 4042 AErod.
1430 3991 1554 4042 ruris
1569 4013 1585 4040 .·
1611 4000 1663 4041 et
1679 3989 1979 4063 quidfacis,
2001 4000 2059 4041 ut
2075 3989 2233 4040 sciam
2254 3999 2302 4039 te
2320 4003 2426 4040 non

425 4085 473 4120 2.
521 4069 775 4123 Mor-aris.-
824 4080 877 4121 et
913 4069 1043 4142 quid
1068 4069 1253 4141 facis?
1293 4080 1353 4120 ut
1430 4066 1937 4133 erimannus-cusas,
1955 4065 2423 4118 hocvacat?Gnon.

348 4148 506 4201 sciam
530 4149 768 4201 occisum.
796 4147 1068 4200 AErodius:
1094 4147 1347 4200 Mor-aris.-
1438 4148 1507 4199 Ut
1534 4149 1693 4199 sciam
1720 4167 1824 4205 non
1853 4148 2107 4215 otiosum,
2140 4135 2339 4200 Schult.
2373 4156 2428 4197 et

252 4267 259 4272 -
350 4228 439 4281 sed
466 4228 536 4279 ad
559 4229 691 4302 quid
716 4230 813 4284 hoc
828 4229 1008 4301 facis?
1033 4240 1090 4280 ut
1118 4228 1245 4281 scias
1269 4245 1353 4278 me
1430 4225 1684 4282 Obrecht.

562 4317 612 4368 6.
2077 4317 2138 4369 31
