3200 5117
769 516 895 597 480
1272 512 1367 578 Μ.
1414 511 1665 577 FABII
1709 511 2342 594 QUINTILIANI

1619 703 1986 774 SERMO.

856 867 981 932 Hic
1002 864 1088 932 de
1112 863 1452 931 sanctitate
1466 861 1895 955 judiciorum.

1458 1059 2158 1128 DECLAMATIO.

861 1223 1028 1294 Sera
1077 1243 1231 1322 post
1281 1220 1806 1293 damnationem
1861 1215 2277 1293 innocentia
2328 1220 2645 1294 defensio
2694 1244 2793 1296 est
2827 1251 2847 1295 τ

767 1338 979 1429 istud,
1001 1336 1190 1436 quod
1218 1362 1406 1408 nunc
1429 1335 1694 1426 dixisti,
1726 1354 1886 1407 ante
1912 1334 2225 1408 dixisses:
2252 1334 2371 1407 sed
2398 1362 2541 1408 non
2569 1339 2848 1436 potuisti

764 1452 1017 1525 dicere.
1064 1454 1266 1525 Pater
1308 1472 1469 1523 tuus
1515 1476 1747 1540 eram,
1782 1451 1944 1551 jure
1991 1449 2339 1549 praesentis
2380 1449 2794 1524 conditionis
2830 1478 2845 1522 :

765 1568 1083 1640 abdicare
1112 1569 1345 1666 itaque
1370 1567 1562 1666 potui
1586 1597 1605 1655 ;
1635 1566 1942 1641 occidere
1972 1567 2169 1666 potui
2199 1598 2217 1658 3
2250 1594 2536 1641 omnem
2564 1590 2849 1667 potesta-

763 1706 944 1776 tem,
988 1704 1350 1782 tamquam
1399 1682 1472 1754 in
1521 1681 1789 1772 filium,
1835 1707 2163 1754 exercere.
2211 1681 2523 1755 Miraris?
2567 1709 2699 1755 nec
2736 1682 2845 1754 ille

764 1799 994 1899 potuit
1019 1796 1521 1888 contradicere,
1544 1798 1688 1897 qui
1733 1818 1926 1896 pater
1957 1817 2118 1870 erat.
2161 1800 2320 1870 Non
2358 1824 2542 1886 em,
2584 1798 2844 1898 inquit,

767 1913 1096 1987 naturalis
1123 1942 1138 1983 ε
1176 1935 1363 1986 tanto
1396 1914 1604 2012 igitur
1629 1912 1788 2011 plus
1816 1939 2209 1985 merueram
2237 1941 2252 1985 ε
2290 1912 2605 1985 alienum
2629 1935 2848 1986 sustu-

763 2029 1018 2118 leram,
1053 2055 1275 2126 quum
1309 2047 1565 2114 essent,
1599 2025 1724 2124 qui
1756 2052 1917 2097 suos
1949 2027 2380 2128 projicerent.
2420 2028 2556 2100 Sed
2595 2050 2676 2100 ut
2707 2055 2844 2101 non

764 2145 1059 2236 fuerim,
1101 2166 1176 2217 tu
1219 2165 1449 2215 tamen
1492 2142 1743 2242 putasti
1779 2163 2049 2242 patrem
2081 2171 2095 2213 ε
2132 2141 2241 2215 lex
2271 2165 2508 2215 autem
2541 2166 2846 2217 mentem

768 2258 1009 2360 punit:
1042 2280 1118 2330 ut
1143 2258 1316 2330 scias
1340 2285 1587 2330 verum
1614 2265 1758 2330 es'se
1791 2256 1922 2329 hoc
1941 2271 1989 2346 ¹,
2023 2257 2408 2357 impetravi.
2438 2258 2574 2331 Sed
2601 2280 2713 2349 tu,
2745 2260 2849 2330 in-

768 2374 956 2471 quit,
985 2372 1285 2463 sciebas,
1327 2396 1470 2443 non
1501 2398 1644 2445 esse
1676 2371 1901 2443 filium
1934 2391 2183 2443 tuum:
2221 2393 2531 2471 poteram
2562 2373 2846 2470 quidem

767 2489 935 2561 scire
963 2517 978 2561 ε
1009 2488 1129 2561 sed
1159 2488 1418 2562 meritis
1449 2508 1641 2587 pater
1668 2514 1857 2559 eram
1876 2545 1894 2578 ,
1928 2488 2046 2560 sed
2083 2507 2159 2559 tu
2191 2508 2549 2588 tamquam
2576 2510 2843 2587 patrem

767 2602 1126 2678 cecideras.
1166 2603 1301 2675 Sed
1338 2623 1577 2690 testor,
1617 2602 1811 2674 nolui
1843 2631 1858 2674 ε
1897 2602 2284 2700 expositum
2320 2629 2587 2700 quoque
2621 2602 2841 2673 colle-

768 2744 1002 2817 geram
1026 2744 1040 2787 :
1070 2716 1407 2815 indignati
1433 2736 1595 2789 sunt
1613 2717 1822 2790 amici
1850 2744 1865 2790 :
1894 2716 2280 2816 ipsefassus
2304 2739 2410 2791 est.
2430 2716 2617 2808 Quid
2638 2742 2837 2788 nunc

766 2831 1016 2904 facies?
1048 2831 1369 2931 praecides
1394 2858 1684 2923 manus,
1720 2857 1873 2930 quae
1903 2830 2461 2906 tesustulerunt?

842 3037 884 3073 ι.
919 3020 1111 3074 Verum
1138 3037 1239 3073 esse
1265 3018 1377 3072 hoc.
1412 3019 1604 3073 Verum
1635 3038 1765 3072 esse.-
1854 3041 1877 3066 ι
1898 3022 2200 3094 quicunqne
2236 3039 2462 3093 puerum
2500 3021 2579 3075 vel
2614 3019 2845 3093 puellam

768 3100 864 3153 hoc
900 3099 1204 3172 impetravi,
1242 3098 1419 3152 AErod.
1457 3129 1529 3139 —
1562 3101 1768 3152 Meritis
1852 3124 1875 3148 ιι
1893 3107 2183 3174 proiectam
2207 3101 2273 3152 de
2294 3102 2455 3155 domo
2476 3104 2636 3174 patris
2655 3100 2734 3153 vel
2754 3101 2846 3153 do-

763 3192 1078 3253 patereram.
1094 3181 1225 3234 Vide
1238 3180 1385 3234 Decl.
1402 3181 1764 3235 cctxxvm.
1852 3205 1874 3229 ι
1889 3184 2020 3235 mini
2058 3183 2170 3251 (ita
2208 3182 2475 3253 dist'mgue
2493 3183 2548 3254 ).,
2577 3182 2847 3234 voluntate

766 3258 981 3313 Senum.
1003 3290 1072 3300 —
1088 3259 1398 3333 Expositum
1418 3279 1639 3332 quoque.
1660 3262 1770 3311 Ex·
1852 3282 1874 3306 ι
1894 3263 2218 3332 scientiaque
2235 3260 2527 3332 collegerit.
2546 3285 2568 3309 ι
2591 3264 2653 3313 Et
2673 3263 2741 3312 ita
2758 3279 2847 3311 sae-

761 3338 990 3410 posit'um
1023 3339 1333 3412 quandoque
1349 3375 1367 3403 ,
1396 3355 1556 3408 marg.
1584 3336 1764 3390 AErod.
1844 3360 1914 3413 pe
1940 3361 2003 3393 eo
2029 3339 2198 3393 titulo.
2221 3344 2356 3394 Just.
2382 3342 2572 3406 XXIV,
2597 3343 2659 3408 4:
2688 3344 2847 3392 -Par-

766 3414 1186 3488 -Golleqemm.
1208 3418 1444 3488 Proprie=
1467 3414 1610 3468 idem
1626 3418 1770 3468 enim
1847 3441 1875 3465 «ι
1894 3419 2073 3471 vnlum
2089 3419 2362 3491 recolligit.
2381 3444 2408 3468 ιι
2433 3420 2499 3471 Et
2512 3422 2586 3472 ita
2603 3439 2728 3471 mox
2739 3437 2848 3471 ser-

768 3505 848 3547 est
884 3492 1028 3564 qnod
1064 3491 1274 3560 tollere,
1303 3496 1563 3566 suscipere.
1597 3497 1673 3545 lta
1713 3497 1768 3547 in
1845 3517 2003 3551 mone
2043 3498 2451 3553 Declamationis
2490 3499 2843 3554 CGCLXXVJ.

766 3575 826 3630 1-
869 3590 922 3638 1,
957 3574 1088 3626 Cod.
1120 3574 1324 3629 Theod.
1365 3574 1433 3628 de
1468 3577 1767 3650 Expositis,
1847 3580 2012 3632 Bunu.
