3200 5117
773 562 1611 630 DECLAMATIONES.
1655 564 2003 631 CCXCII.
2304 593 2429 661 179

348 693 585 764 batur:
611 688 666 760 si
693 686 972 760 erubuit
1001 685 1343 777 indicare,
1370 684 1606 757 multis
1631 708 1862 758 tamen
1890 688 2040 761 aliis
2064 694 2435 789 generibus

350 805 548 905 queri
594 802 838 903 potuit.
887 804 1172 899 Propter
1212 800 1555 898 hospitem
1596 800 1901 871 morior:
1941 829 2069 875 nec
2107 807 2436 880 credibile

353 942 492 1011 est,
531 945 695 992 eum
725 916 1102 1017 pepercisse
1133 914 1421 1014 hospiti,
1457 914 1579 1012 qui
1609 915 1740 986 sibi
1772 943 1914 987 non
1946 923 2265 1017 pepercit.
2302 923 2437 995 Sed

354 1033 860 1135 suspicionibus
889 1031 1156 1129 agitur:
1198 1030 1542 1134 formoso,
1577 1028 1847 1127 inquit,
1886 1029 2264 1129 hospitium
2298 1037 2443 1135 pol-

354 1151 579 1222 licitus
621 1175 729 1221 es:
774 1146 1073 1218 viderint
1113 1144 1259 1232 isti,
1293 1144 1417 1242 qui
1454 1143 1759 1243 prodigis
1805 1170 2048 1216 omnes
2090 1148 2302 1220 oculis
2340 1151 2446 1221 in-

357 1283 675 1336 tuentur:
712 1260 887 1332 mihi
922 1279 1232 1357 tempore
1263 1255 1380 1328 illo
1410 1256 1647 1328 nullus
1681 1255 2062 1354 Olynthius
2105 1261 2448 1335 formosus

357 1380 545 1452 visus
573 1400 704 1467 est,
746 1376 1007 1449 scilicet
1037 1374 1225 1447 enim
1256 1372 1674 1444 sollicitabat
1708 1372 2069 1471 lacrymis,
2105 1376 2444 1476 squalore.

358 1497 547 1568 Male
593 1492 854 1566 sentitis
902 1493 987 1562 de
1034 1516 1290 1591 puero,
1339 1490 1396 1559 si
1443 1488 1723 1560 adversa
1767 1490 2028 1562 fortiter
2080 1493 2256 1566 tulit.
2309 1498 2453 1568 Cur

362 1633 602 1685 tamen
636 1606 985 1682 obtulisti?
1008 1604 1452 1678 Atheniensis
1474 1631 1657 1676 sum.
1683 1606 2143 1705 Assignentur
2166 1611 2451 1685 fortasse

366 1726 600 1799 invitis
640 1724 934 1810 civibus,
980 1721 1101 1817 qui
1144 1746 1307 1792 cum
1346 1718 1613 1810 liberis,
1662 1721 1782 1820 qui
1833 1749 1995 1793 cum
2041 1726 2453 1828 conjugibus

363 1840 694 1931 veniunt,
744 1838 864 1935 qui
908 1861 1145 1907 secum
1186 1834 1450 1907 habent
1495 1835 1950 1910 comitatum:
1995 1840 2455 1917 miserabilior

368 1975 469 2026 est
496 1980 668 2054 puer
695 1950 900 2023 solus.
941 1951 1030 2019 At
1066 1962 1224 2019 cur'
1262 1947 1506 2020 eadem
1544 1972 1744 2023 nocte
1781 1953 2183 2052 suspendit?
2218 1977 2456 2036 utrum

366 2069 503 2143 hoc
552 2096 622 2140 re
667 2063 1082 2137 admirabile
1117 2062 1411 2154 videtur,
1459 2091 1548 2136 an
1594 2093 1920 2165 persona,
1965 2097 2055 2141 an
2103 2072 2459 2173 tempore?

368 2184 669 2257 miratur
695 2179 941 2279 aliquis
967 2177 1387 2277 Olynthium
1420 2180 1725 2278 potuisse
1757 2183 1890 2256 hoc
1915 2184 2247 2258 Athenis?
2282 2189 2457 2261 illud

370 2296 568 2369 enim
618 2316 716 2366 est
760 2316 1032 2392 tempus
1075 2291 1352 2365 doloris.
1404 2293 1592 2393 Saepe
1638 2294 1726 2365 ad
1772 2296 2208 2369 retinendam
2245 2301 2457 2374 vitam

368 2430 661 2513 prosunt
690 2410 837 2509 ipsa
863 2407 1208 2509 pericula:
1248 2407 1422 2479 redit
1451 2429 1712 2498 metus,
1745 2432 2190 2510 posteaquam
2216 2413 2460 2489 desivit

371 2528 622 2598 instare
654 2524 863 2596 hostis
891 2554 909 2611 3
944 2543 1112 2594 tunc
1145 2522 1462 2620 cogitatio
1502 2525 1881 2614 fortunae25
1921 2546 2309 2601 tuncvacat
2345 2530 2458 2602 di-

377 2667 558 2732 cere,
587 2661 687 2712 est
700 2638 854 2740 jam
880 2637 1000 2736 qui
1024 2617 1332 2736 sepeliat.
1360 2637 1516 2735 Ipsa
1540 2637 1937 2710 mehercule
1963 2640 2197 2712 officia
2220 2641 2461 2715 admo·

378 2784 537 2829 nere
586 2755 789 2828 illum
833 2775 1211 2853 potuerunt
1247 2755 1539 2827 fortunae
1577 2749 1865 2854 prioris:
1913 2757 2134 2855 patuit
2173 2760 2460 2856 quidem

380 2871 663 2962 domus,
695 2871 817 2944 sed
843 2897 983 2943 non
1008 2896 1134 2943 sua
1163 2898 1177 2941 :
1218 2895 1536 2968 excepere
1567 2870 1854 2961 servuli,
1889 2873 2009 2945 sed
2039 2873 2294 2946 alieni:
2327 2876 2458 2948 for·

380 2986 553 3058 sitan
601 3007 667 3058 et
710 2985 831 3058 illa
876 2984 1268 3083 cogitaverit
1307 3012 1321 3054 z
1367 3011 1641 3084 semper
1685 3011 1856 3084 ergo¹
1892 2987 2120 3062 alieno
2169 3016 2459 3064 munere

381 3100 753 3172 vivendum
780 3121 911 3172 est:
944 3099 1224 3171 interim
1255 3097 1391 3170 sive
1417 3096 1591 3171 illud
1617 3097 1937 3196 Olynthii
1961 3101 2267 3173 factum3
2297 3105 2462 3195 fuit,

384 3209 521 3286 sive
548 3214 975 3315 impatientia
1001 3212 1213 3312 ipsius
1231 3270 1250 3301 ,
1275 3212 1540 3283 nullius
1566 3212 1789 3311 major
1810 3213 2068 3314 injuria
2092 3234 2187 3284 est
2203 3271 2222 3305 ,
2250 3241 2462 3314 quam

384 3357 575 3417 mea;
609 3331 876 3429 perdidi
908 3328 1362 3419 beneficium,
1390 3348 1456 3399 et
1483 3327 1709 3400 adhuc
1739 3348 2091 3428 suspectus
2119 3355 2316 3404 sum:
2348 3333 2466 3408 ha·

384 3446 699 3518 biturum
718 3474 831 3519 me
852 3445 1220 3547 putabam,
1243 3443 1365 3543 qui
1385 3444 1647 3516 veniret
1666 3445 1740 3516 in
1761 3444 1993 3517 locum
2014 3444 2414 3523 liberorum.
2457 3433 2464 3438 ι

462 3649 507 3684 ι.
528 3632 610 3686 Ac
630 3651 745 3686 eur.
776 3632 853 3685 Ae
879 3651 1000 3699 eur,
1031 3630 1389 3701 Schultingins
1544 3646 1591 3681 α.
1622 3630 1872 3682 Fortunoe.
1903 3632 2018 3698 An,
2036 3633 2279 3686 Furtum
2299 3633 2468 3685 subit?

386 3723 439 3761 et
474 3710 601 3763 Obr.
640 3711 716 3763 At
746 3729 844 3764 cur
879 3729 932 3764 κ
972 3709 1181 3763 tandem
1219 3711 1391 3780 susp]
1470 3710 1688 3761 Senum.

389 3785 1218 3861 AErod.-1pnapericula.AE1-od.
1230 3803 1389 3855 marg.
1542 3789 1592 3840 3.
1636 3785 1877 3858 Olynthii
1901 3786 2131 3857 factum.
2167 3784 2474 3855 Legendum

389 3870 508 3939 ipsa
542 3870 775 3940 pericula
806 3882 999 3922 >mewa
1049 3869 1392 3937 Posteaquam
1471 3864 1696 3930 videtur,
1710 3864 1912 3936 fatum.
1937 3865 2083 3916 Pm.
2110 3875 2161 3914 et
2183 3865 2259 3914 ita
2281 3861 2471 3915 Schul-

388 3948 539 4003 daesit‘t
558 3950 677 4003 inst.
702 3951 755 4002 h.
778 3963 905 4004 wne
928 3950 1059 4004 rudit
1079 3947 1340 4023 cogitatio.
1472 3944 1684 4013 tingitis.

2113 4357 2192 4395 12.
