3200 5117
725 461 1564 531 DECLAMATIONES.
1612 464 2027 532 CCLXVII.
2333 490 2414 557 97

921 735 1113 756 W

1498 735 1688 755 mm
1693 735 2418 759 mmmmm

1114 937 1656 1015 CCLXVII.

680 1177 882 1249 Flens
904 1177 1006 1252 ad
1032 1199 1259 1245 arcem
1275 1229 1296 1260 ,
1324 1129 1669 1272 *depositor
1695 1177 2090 1271 otrannidis.

336 1383 709 1441 Amo-rus:
740 1395 1111 1436 nnanmms
1135 1393 1230 1433 srr
1256 1393 1454 1433 acrio.
1488 1373 1613 1450 Qui
1645 1375 2038 1456 tyrannidem
2069 1375 2436 1459 deposuerat

423 1478 540 1539 sub
579 1488 756 1558 pacto
796 1473 1187 1548 abolitionis„
1218 1469 1395 1553 juxta
1432 1492 1637 1532 arcem
1671 1473 1821 1531 flens
1865 1473 2277 1556 deprehensus
2312 1493 2432 1538 est:

424 1573 723 1634 affectatae
746 1569 1094 1654 tyrannidis
1127 1588 1264 1628 reus
1291 1578 1401 1626 est.

1042 1764 1740 1830 DECLAMATIO.
1831 1767 1836 1770 ’

449 1932 608 2001 Non
655 1923 797 2015 fui,
837 1926 1151 2027 judices,
1201 1925 1457 1997 dubius
1501 1938 1581 1997 eo
1627 1948 1973 2026 tempore,
2026 1956 2165 2027 quo
2205 1933 2438 2030 poeni-

346 2042 568 2115 tentia
588 2042 909 2143 juvenilis
941 2040 1347 2114 temeritatis
1379 2040 1884 2140 rempublicam
1912 2042 2178 2142 legibus
2211 2074 2287 2118 ac
2315 2073 2442 2146 po-

350 2157 583 2231 testati
619 2156 916 2247 reddidi,
960 2158 1133 2254 quin
1180 2156 1355 2227 mihi
1388 2156 1691 2240 multum
1724 2160 2133 2251 vexationiS‚
2175 2161 2312 2232 sive
2349 2161 2439 2233 ab

352 2272 580 2361 iratiS‚
615 2271 753 2344 sive
787 2274 873 2345 ab
899 2273 1148 2345 invidis
1177 2271 1579 2346 immineret
1607 2301 1621 2344 :
1650 2300 1777 2345 nec
1804 2275 1996 2345 enim
2021 2275 2145 2346 iste
2175 2302 2444 2348 accusa-

354 2411 467 2461 tor
490 2387 696 2459 hodie
719 2389 969 2459 futurae
994 2387 1380 2487 tyrannidis
1412 2394 1485 2466 in
1507 2387 1860 2492 judicium
1892 2388 2245 2462 descendit
2272 2417 2285 2460 ε
2320 2416 2445 2461 nec

356 2504 535 2582 mihi
570 2504 798 2575 ullum
834 2504 1206 2576 imminere
1237 2503 1627 2604 periculum
1662 2532 1741 2576 ex
1774 2531 1854 2577 eo
1890 2504 2219 2592 crimine,
2256 2504 2445 2600 quod

360 2622 768 2709 intentatur,
808 2620 1116 2719 intelligo
1151 2649 1166 2692 ε
1211 2642 1631 2720 quapropter
1667 2644 1737 2693 et
1777 2621 1976 2694 initio
2015 2622 2341 2710 actionis,
2380 2643 2451 2694 et

362 2763 485 2837 per
507 2763 793 2809 omnem
821 2737 1204 2810 orationem
1237 2738 1416 2809 nihil
1444 2738 1666 2836 magis
1687 2738 2090 2811 faciendum
2111 2737 2286 2809 mihi
2306 2765 2447 2810 esse

361 2851 711 2950 intellige,
765 2878 981 2949 quam
1027 2873 1104 2923 ut
1150 2852 1466 2923 invocem
1513 2851 1868 2949 publicam
1918 2853 2168 2941 fidem3
2222 2871 2298 2923 ut
2342 2852 2451 2942 id,

363 2967 555 3064 quod
585 2966 937 3038 remisistis
958 3022 976 3052 ,
1011 2966 1211 3066 cujus
1237 2966 1545 3038 oblivisci
1576 2967 1926 3065 optimum
1951 2967 2236 3066 putastis
2255 3024 2271 3054 ,
2309 2992 2454 3037 non

370 3080 553 3151 intra
573 3081 778 3154 verba
803 3082 1014 3153 modo
1033 3140 1052 3172 ,
1082 3082 1533 3179 primumque
1558 3081 1981 3177 promissum
2014 3083 2306 3169 steterit3
2337 3079 2458 3151 sed

370 3193 651 3294 penitus
694 3194 984 3283 animis,
1030 3220 1109 3266 ac
1158 3214 1391 3265 mente
1439 3193 1832 3290 impetrasse
1865 3194 2118 3265 videar.
2165 3193 2460 3291 Reliqua

373 3306 556 3379 adeo
587 3307 789 3407 longe
830 3339 871 3381 a
901 3310 1291 3416 suspicione
1335 3310 1662 3380 affectatae
1703 3308 2088 3406 tyrannidis
2122 3307 2416 3381 aberunt
2439 3367 2458 3400 ‚

374 3443 457 3494 ut
481 3423 766 3520 propius
788 3446 1091 3522 spectent
1111 3424 1199 3496 ad
1225 3424 1685 3522 posteriorum
1713 3444 2106 3521 temporum
2132 3425 2462 3523 poeniten-

374 3538 570 3611 tiam.
602 3543 973 3639 Lacrymas
1005 3543 1294 3642 quidem
1327 3542 1574 3614 miras!
1611 3542 1667 3612 si
1703 3540 1806 3611 his
1842 3542 1914 3611 in
1937 3541 2204 3644 judicio
2227 3556 2243 3586 ¹
2283 3563 2464 3612 tem-

378 3654 661 3753 poribus
677 3711 699 3746 ,
724 3657 937 3729 etiam
963 3659 1039 3729 in
1066 3658 1194 3730 hac
1216 3685 1386 3757 pace
1412 3676 1480 3729 et
1500 3625 1995 3753 tranquiffitate
2016 3714 2036 3746 ‚
2066 3656 2473 3755 degendum*

455 3876 499 3911 1.
546 3861 821 3933 lacrymas
861 3863 1075 3935 quidem
1113 3863 1306 3915 miras!
1342 3865 1387 3914 si
1466 3863 1788 3914 restituimus
1826 3878 1890 3912 ex
1921 3857 2181 3910 Obrechti
2221 3854 2469 3912 emenda—

376 3937 457 3991 Ιῑίθ
496 3939 551 3990 in
576 3941 787 4013 judicio
803 3980 820 4007 ,
855 3955 956 3993 etc.
1002 3943 1060 3993 ln
1101 3941 1383 3991 Burmann·
1465 3946 1641 4006 tione,
1688 3960 1845 4012 quam
1887 3953 2066 3993 secuta
2115 3951 2192 3990 est
2242 3950 2294 3989 et
2343 3937 2467 3991 edit.

375 4015 503 4068 edit.
526 4016 636 4070 haec
660 4020 735 4070 ita
762 4038 816 4071 se
835 4018 1038 4072 habent
1058 4040 1071 4070 z
1098 4018 1219 4069 lac.
1240 4017 1384 4088 quid.
1467 4024 1675 4093 Bipont.
1692 4021 1761 4072 In
1765 4019 1973 4092 judicio
1989 4032 2167 4070 autem
2182 4017 2361 4090 deqere
2375 4028 2472 4083 est,

373 4115 543 4165 meas,
561 4099 606 4152 si
627 4098 718 4151 hic
736 4099 849 4172 ἰὴ).
867 4120 982 4173 quae
1005 4118 1169 4171 quum
1184 4097 1388 4149 nullum
1468 4099 1661 4150 morari
1676 4126 1700 4164 5
1726 4111 1784 4148 nt
1816 4097 1999 4150 Cicero
2033 4095 2161 4147 dixit
2190 4119 2212 4143 οι
2232 4095 2473 4149 habitare

375 4195 591 4231 sensum
620 4178 959 4249 ¹probabilem
986 4181 1261 4236 efficerent
1275 4217 1293 4248 ,
1316 4182 1391 4234 sie
1475 4201 1497 4228 n
1516 4181 1569 4230 in
1592 4178 1731 4230 foro.
1754 4201 1776 4227 n
1805 4178 1895 4230 En.
2193 4167 2198 4176 ⁸

591 4263 645 4316 6.
2162 4279 2191 4332 ς’
