3200 5117
746 584 1585 658 DECLAMATION-ES.
1631 587 1979 654 chx-lt.
2321 593 2396 657 81

323 716 541 807 veris,
582 716 726 788 hoec
764 715 1022 817 injuste
1060 711 1594 812 repudiataest:
1630 710 1769 784 haec
1797 711 2101 787 dicerem
2124 773 2144 805 ,
2174 716 2227 788 si
2263 743 2406 790 non

324 854 455 905 tua
477 830 681 930 culpa
704 830 1055 902 accidisset
1070 883 1089 919 ‚
1114 848 1189 899 ut
1207 827 1625 926 repudiares.
1650 826 1781 898 Sed
1803 830 2033 921 miror,
2055 830 2111 902 si
2139 831 2210 903 in
2241 847 2257 876 ¹
2276 833 2411 906 hac

327 947 608 1020 civitate
655 944 1183 1045 diligentissima
1217 943 1436 1045 juris,
1491 941 1639 1014 ulla
1687 941 1794 1013 lex
1840 966 2076 1017 contra
2120 946 2410 1021 alteram

326 1062 575 1159 scripta
621 1081 758 1150 est3
810 1081 933 1131 aut
975 1059 1105 1131 hoc
1151 1056 1671 1156 prudentissimi
1722 1058 2200 1132 constitutores
2237 1062 2409 1161 juris

329 1200 474 1247 non
504 1174 845 1248 viderunt.
877 1172 1256 1264 Quomodo
1289 1196 1562 1243 necesse
1591 1189 1728 1258 est,
1764 1170 1952 1268 quod
1966 1173 2236 1273 justum
2265 1202 2414 1247 non

329 1288 515 1362 erat?
557 1309 783 1387 rapta,
826 1287 1094 1387 inquit,
1144 1287 1420 1384 nuptias
1464 1311 1656 1356 meas
1698 1303 2086 1382 optaverat:
2133 1316 2276 1360 non
2320 1275 2419 1362 est

330 1402 466 1476 hoc
492 1402 662 1492 tale,
687 1401 891 1502 quale
920 1404 977 1474 si
1009 1402 1266 1475 diceres
1284 1456 1304 1489 ‚
1333 1420 1670 1498 tyrannus
1695 1401 1953 1498 coegi13
1988 1402 2190 1500 quale
2223 1405 2277 1474 si
2313 1404 2421 1476 di-

329 1545 519 1593 ceres
541 1577 561 1610 ‚
595 1520 884 1619 aliquis,
929 1519 1038 1591 cui
1070 1538 1472 1618 potestatem
1508 1515 1793 1587 dederat
1827 1518 2250 1615 respublica,
2288 1520 2420 1593 hoc

319 1633 560 1735 jussit3
595 1655 907 1725 senatus,
944 1654 1063 1706 aut
1094 1633 1395 1732 populus
1429 1630 1766 1728 pertinere
1801 1631 1868 1702 id
1905 1633 1989 1704 ad
2029 1635 2422 1734 rempubli-

332 1778 490 1823 cam
524 1751 979 1825 existimavit:
1025 1771 1106 1822 ut
1147 1769 1346 1848 rapta
1378 1748 1736 1847 repudiare
1779 1751 2112 1847 coegerit,
2157 1775 2233 1824 ut
2271 1757 2420 1854 cogi

329 1894 605 1968 posses,
641 1890 717 1940 tu
759 1867 1003 1939 fecisti.
1040 1868 1126 1935 Et
1171 1865 1403 1962 ipsum
1451 1865 1581 1934 hoc
1625 1866 1891 1963 repudii
1929 1889 2203 1966 tempus
2236 1871 2421 1944 male

330 2005 727 2084 computas:
755 2003 924 2055 tunc
946 1979 1379 2078 repudiatam
1398 2000 1471 2050 tu
1494 1980 1710 2053 credis
1732 2009 2013 2056 uxorem
2028 2042 2047 2073 .,
2069 2011 2290 2084 quum
2320 2015 2422 2061 res

327 2127 490 2176 suas
509 2098 643 2170 sibi
663 2098 918 2169 habere
926 2098 1113 2197 jussa
1128 2093 1260 2167 est?
1280 2121 1501 2192 quum
1521 2096 1753 2193 egredi
1770 2098 1853 2169 de
1869 2101 2119 2173 domo?
2134 2130 2419 2177 uxorem

324 2236 505 2288 tunc
537 2210 943 2311 repudiasti,
970 2236 1191 2309 quum
1223 2209 1506 2308 rapuisti
1525 2241 1542 2300 ;
1569 2238 1788 2309 quum
1819 2235 2228 2312 potestatem
2257 2220 2422 2293 huic

327 2326 508 2427 legis
527 2321 845 2399 adsersus
867 2347 933 2398 te
958 2324 1238 2413 dedisti3
1260 2351 1486 2424 quum
1515 2326 1743 2422 egisti,
1768 2348 1844 2399 ut
1874 2350 2075 2427 raptae
2105 2332 2420 2406 adversus

332 2465 403 2516 te
431 2441 696 2533 liceret,
732 2462 1077 2540 quantum
1104 2440 1422 2512 adversus
1452 2439 1766 2512 caelibem
1799 2441 1980 2514 licet.
2013 2446 2262 2518 RAPTA
2291 2469 2420 2519 RA-

336 2577 588 2632 r'roms
619 2577 970 2647 Moru-EM,
996 2573 1133 2628 vm.
1161 2576 1464 2628 NUPTIAS
1489 2576 1725 2628 OPTE'r
1751 2586 1766 2629 ε
1797 2558 1977 2630 hanc
2009 2581 2421 2659 potestatem

334 2674 654 2746 adversus
678 2696 743 2746 te
761 2673 989 2746 vitiata
1007 2671 1273 2743 habuit.
1296 2670 1564 2767 Ecquid
1588 2671 1916 2772 intelligis
1928 2676 2085 2774 jam
2114 2702 2256 2747 non
2279 2703 2421 2749 esse

337 2815 619 2862 uxorem
636 2803 688 2880 ²,
724 2814 880 2886 quae
920 2814 1064 2858 non
1108 2784 1368 2857 obstat?
1397 2786 1546 2883 Ego
1584 2797 1657 2858 ‘te
1699 2788 1870 2860 adeo
1901 2815 2046 2860 non
2083 2810 2253 2888 puto
2291 2790 2420 2862 de-

336 2902 530 2976 fendi
562 2902 694 2975 hoc
724 2925 975 3001 genere
1013 2899 1368 3000 patrocinii
1413 2926 1649 2999 posse:
1688 2924 1768 2974 ut
1801 2929 2221 3001 quocunque
2279 2906 2416 2978 alio

334 3018 548 3090 modo
572 3017 949 3090 dimisisses
973 3042 1290 3106 uxorem,
1318 3015 1683 3089 meliorem
1703 3037 1855 3090 tum
1876 3045 2154 3091 causam
2178 3019 2420 3092 fuisses

419 3257 775 3320 3.Mirorsiin
795 3258 910 3312 hac.
930 3257 1155 3328 Elogans
1168 3257 1340 3308 forma
1418 3274 1526 3307 rem
1568 3255 1727 3307 aliam
1767 3256 2106 3327 repudiasse,
2144 3257 2302 3328 culpa
2338 3273 2417 3312 est

336 3335 625 3407 loquendi,
654 3357 757 3408 qua
783 3356 1068 3409 negamus,
1098 3355 1205 3387 non
1234 3353 1339 3406 pu·
1416 3340 1619 3402 mariti,
1650 3352 1702 3388 et
1734 3337 1853 3390 ideo
1887 3339 2068 3408 injusti
2099 3338 2304 3409 repudii
2332 3344 2418 3412 agi

336 3429 516 3467 tamus
540 3413 594 3466 id
616 3415 726 3467 fiori
745 3434 920 3486 posse.
950 3414 1167 3486 Calpur.
1194 3413 1336 3465 Flac.
1415 3430 1621 3486 potest:
1661 3416 1838 3467 Altera
1876 3415 2030 3467 lectio
2068 3429 2120 3468 et
2157 3419 2414 3470 restitutio

332 3490 489 3546 Deci.
510 3494 579 3546 lv
593 3512 605 3542 ε
633 3517 656 3540 κ
670 3494 912 3559 Mirabar,
928 3496 971 3546 si
992 3494 1110 3566 quis
1133 3504 1338 3544 tantum

340 3597 365 3621 ι
383 3573 601 3626 sceleris
617 3573 854 3627 auderet.
876 3599 898 3623 ι
925 3578 1071 3629 Curt.
1091 3573 1336 3640 liuvm,

334 3674 455 3726 cap.
495 3672 546 3724 7,
586 3653 630 3727 §.
673 3656 764 3722 14:
808 3679 831 3703 ι
849 3656 1082 3720 Miraris,
1113 3659 1158 3710 si
1184 3655 1338 3710 liberi

340 3758 366 3783 ι
384 3735 627 3790 homines
665 3735 969 3809 superbiam
1010 3753 1156 3790 tuam
1198 3739 1337 3791 ferre

344 3836 368 3860 ‹-
388 3833 499 3866 non
522 3834 821 3887 possumus.
844 3839 867 3862 ιο

413 3909 462 3944 a.
484 3895 684 3966 Ecquid
707 3893 1082 3967 intelliqt'sjam
1106 3912 1212 3946 non
1235 3913 1334 3947 esse

334 3993 564 4028 uxorem,
590 3975 757 4043 Quasi
782 3976 950 4042 dicat,
973 3993 1081 4026 non
1106 3975 1221 4026 sola
1243 3994 1337 4047 op-

332 4056 412 4106 tio
449 4055 681 4122 sufficit‚
718 4068 780 4106 ut
816 4057 992 4106 statim
1021 4052 1185 4104 veluti
1221 4055 1337 4125 ipso

324 4134 483 4203 jure,
517 4152 651 4186 uxor
684 4134 913 4204 raptoris
943 4151 1058 4185 esse
1086 4132 1336 4201 incipiat:

333 4215 429 4267 sed
456 4228 511 4267 et
532 4214 885 4287 jurejurando
915 4227 969 4266 et
991 4213 1204 4266 decreto
1230 4231 1341 4265 ma·

332 4298 584 4369 ‘istratus
600 4315 739 4370 opus
754 4310 850 4350 est.
870 4299 1016 4350 Prius
1036 4296 1196 4367 igitur
1213 4311 1342 4346 uxo·

506 4386 604 4440 —6.

1415 3510 1624 3564 nostra,
1650 3516 1747 3548 nec
1771 3500 2075 3565 conjectura
2096 3514 2236 3551 caret
2256 3523 2267 3551 ι
2293 3520 2415 3553 nam

1417 3578 1503 3627 cui
1538 3594 1671 3626 uxor
1707 3587 1784 3627 est
1823 3575 1998 3642 domi,
2041 3575 2199 3648 hujus
2235 3583 2414 3648 potius

1416 3675 1557 3708 mors
1577 3673 1734 3727 quam
1752 3658 1945 3728 nuptiae
1965 3661 2140 3728 optari
2161 3673 2412 3728 possunt:

1419 3736 1492 3786 sic
1540 3749 1598 3785 ut
1651 3732 1895 3786 electioni
1939 3749 2101 3805 raptae
2151 3735 2419 3804 praescribi

1415 3828 1616 3885 posset.
1630 3813 1681 3865 Si
1693 3833 1800 3865 non
1811 3833 2028 3867 uxorem
2040 3814 2226 3865 habeo.
2237 3818 2414 3867 AEuou.

1418 3894 1550 3944 Tam
1590 3912 1694 3943 non
1726 3911 1823 3945 esse
1852 3910 2060 3944 uxorem
2095 3909 2210 3963 quoe
2241 3895 2413 3947 obstet.

1415 3971 1633 4023 Senum.
1679 3967 1883 4042 Εσᾷιιίά
1927 3966 2175 4040 intelliqa's
2214 3990 2318 4022 non
2361 3974 2416 4027 in

1417 4070 1531 4103 eam
1577 4069 1685 4102 non
1717 4069 1861 4123 posse
1900 4068 2142 4116 uxorem,
2180 4056 2263 4104 cue·
2308 4054 2416 4108 alia

1419 4131 1718 4192 obsta13vel
1752 4149 1866 4204 quoe
1897 4151 2004 4183 non
2037 4132 2223 4199 obstat,
2251 4154 2414 4209 marg.
2519 4143 2534 4148 ”

1420 4210 1599 4265 AErod.
1633 4213 1745 4282 ipse
1778 4230 2018 4277 uxorem,
2043 4212 2292 4283 quoniam
2325 4235 2418 4288 op-

1422 4303 1522 4359 tat,
1549 4295 1604 4345 in
1628 4305 1787 4346 textu.

2105 4380 2139 4430 Β
