3200 5117
725 566 811 630 62
1232 565 1324 628 M.
1374 564 1621 627 FABH
1669 561 2304 645 QUINTILIANI

725 686 984 786 cepisse
1025 687 1323 776 videtur,
1361 685 1812 758 mitissimus:
1848 685 2083 783 itaque
2123 687 2538 784 priusquam
2567 685 2817 757 defen-

724 802 995 876 sionem
1034 802 1517 902 aggredimur,
1557 803 1633 873 in
1673 803 1802 874 hoc
1845 803 2347 875 satisfaciemus
2391 803 2628 874 animo
2660 791 2853 875 nos-⁵

725 939 827 990 tro
847 976 864 1007 ,
893 938 969 989 ut
990 919 1243 1016 gratias
1272 942 1563 1015 agamus
1591 937 1752 990 ante
1783 916 2024 989 omnia
2054 918 2212 989 filiae
2242 918 2566 1006 nomine;
2599 944 2812 1015 quam
2913 937 2918 948 '

725 1034 820 1104 sic
861 1033 1118 1105 amavit
1144 1090 1166 1122 ,
1225 1053 1300 1104 ut
1344 1058 1499 1105 eam
1546 1030 1783 1104 diduci
1827 1059 1867 1104 a
1914 1059 1984 1105 se
2033 1059 2120 1104 ne
2163 1033 2603 1132 navigaturus
2657 1034 2817 1131 qui-

725 1150 886 1222 dem
922 1149 1250 1238 voluerit;
1291 1150 1403 1222 cui
1442 1149 1531 1221 ad
1573 1150 2006 1248 magistratus
2045 1150 2305 1223 eductae
2345 1150 2812 1250 praestandum

724 1265 1027 1362 putavit,
1090 1291 1179 1336 ne
1224 1291 1366 1363 qua
1413 1265 1619 1338 occisi
1677 1266 1989 1338 hominis
2049 1265 2339 1337 infamia
2407 1265 2816 1364 inquinare-

726 1394 891 1467 tur¹;
910 1405 1124 1477 quam
1145 1379 1423 1452 tradidit
1441 1380 1667 1451 amico
1683 1406 1834 1468 suo,
1854 1379 2044 1478 quod
2061 1379 2213 1480 jam
2233 1379 2369 1450 dici
2389 1399 2628 1479 potest,
2647 1379 2813 1477 opti·

724 1521 840 1566 mo
860 1495 1130 1566 marito.
1150 1494 1554 1567 Proximum
1572 1493 1773 1566 estab
1797 1494 1962 1584 hoc,
1987 1515 2063 1566 ut
2075 1494 2281 1566 amici
2307 1520 2619 1593 quoque,
2637 1513 2733 1581 et,
2753 1494 2809 1565 si

728 1608 1095 1707 permittit,
1140 1609 1416 1707 generi,
1463 1608 1795 1681 mandata
1836 1610 2313 1708 perferamus:
2371 1629 2533 1679 sunt
2580 1627 2812 1679 autern

724 1725 1005 1814 similia;
1038 1752 1203 1796 nam
1234 1745 1301 1798 et
1327 1723 1716 1823 plurimum
1741 1752 1905 1797 cum
1936 1753 2016 1798 eo
2038 1725 2230 1813 vixit;
2263 1745 2329 1796 et
2354 1724 2548 1796 nulla
2575 1750 2810 1810 causa,

724 1839 919 1912 nullo
962 1839 1290 1912 diductus
1334 1861 1435 1912 est
1463 1839 1653 1912 loco:
1690 1861 1761 1913 et
1801 1867 2020 1940 usque
2051 1841 2126 1913 in
2154 1840 2287 1913 hoc
2315 1860 2587 1939 tempus
2628 1840 2701 1910 in
2732 1866 2812 1911 ea

722 1957 861 2029 fuit
914 1958 1285 2057 opinione,
1341 1978 1421 2030 ut
1468 1983 1538 2029 se
1590 1958 1892 2031 crederet
1940 1958 2164 2030 vivere
2209 1956 2549 2029 beneficio
2592 1956 2807 2028 istius.

722 2073 886 2143 Erat
928 2073 1232 2170 profecto
1282 2070 1449 2143 felix
1489 2071 1739 2144 domus
1766 2128 1786 2161 ,
1834 2072 1888 2143 si
1945 2072 2020 2144 in
2071 2073 2191 2145 illa
2236 2072 2464 2170 prima
2516 2069 2809 2143 simula-

723 2185 960 2259 tione²
1010 2186 1084 2259 hi
1129 2213 1410 2261 manere
1451 2188 1869 2262 voluissent:
1920 2187 2040 2261 sed
2085 2187 2259 2260 dum
2306 2188 2486 2259 hanc
2530 2211 2809 2286 quoque

721 2299 1077 2373 beneficiis
1112 2303 1360 2401 optimi
1392 2303 1576 2375 senis
1607 2303 1786 2374 ferre
1817 2303 2104 2401 gratiam
2135 2301 2412 2391 volunt,
2451 2321 2519 2373 et
2546 2301 2810 2400 simpli·

723 2415 891 2486 citer
926 2417 1228 2489 fatentur
1256 2418 1530 2508 omnia,
1571 2418 1814 2490 omnia
1848 2418 2247 2491 inciderunt
2286 2418 2493 2490 ambo
2521 2416 2598 2489 in
2625 2416 2808 2489 hanc

724 2529 1030 2602 dicendae
1072 2559 1289 2606 causae
1332 2532 1841 2616 necessitatems
1893 2533 2066 2606 dum
2101 2533 2360 2606 scilicet
2396 2531 2803 2605 ambitiosus

723 2672 935 2743 gener
980 2646 1133 2718 vult
1163 2647 1378 2719 videri
1417 2674 1649 2720 socero
1682 2676 1808 2723 suo
1853 2650 2323 2741 innocentior,
2369 2675 2579 2747 quam
2614 2648 2806 2720 vide—

722 2759 949 2832 batur.
997 2761 1343 2860 Equidem
1387 2765 1672 2861 peractis
1710 2766 2086 2863 gratiarum
2135 2765 2564 2864 agendarum
2606 2790 2807 2835 man—

798 3012 842 3046 t.
875 2995 1039 3047 Occisi
1063 2995 1287 3049 hominis
1310 2996 1535 3068 infamia
1558 2999 1727 3070 inqui-

722 3083 950 3124 naretur.
986 3076 1092 3125 Lex
1124 3088 1264 3126 erat:
1300 3075 1469 3147 Rapta
1507 3076 1725 3147 raptoris

720 3163 937 3203 mortem
954 3189 969 3216 ‚
995 3163 1091 3203 aut
1116 3152 1374 3206 indotatas
1399 3156 1610 3225 nuptias
1631 3171 1725 3225 op-

720 3239 807 3280 tet.
825 3233 987 3300 [gitur
1002 3234 1238 3303 quamvis
1250 3235 1372 3305 jure
1385 3245 1439 3285 et
1452 3232 1566 3304 lege
1579 3252 1725 3286 mors

719 3312 894 3378 optari
916 3323 1125 3380 posset:
1150 3310 1293 3382 quod
1319 3311 1602 3363 humanius
1618 3350 1634 3378 ,
1662 3331 1723 3365 ac

718 3406 890 3461 prope
931 3393 1104 3442 minus
1147 3393 1341 3444 infame
1382 3407 1460 3445 est
1480 3432 1496 3458 ,
1538 3392 1724 3445 maluit

718 3468 836 3522 filim
862 3484 1049 3522 auctor
1069 3490 1215 3540 esse,
1237 3488 1295 3527 ut
1324 3493 1444 3527 eum
1474 3475 1576 3527 sibi
1606 3493 1721 3526 ma-

718 3550 879 3601 ritum
916 3563 1187 3620 posceret,
1223 3557 1310 3604 cui
1347 3572 1410 3606 ex
1442 3554 1722 3624 naufragio

718 3628 823 3679 vita
845 3626 1171 3680 debebatur:
1192 3628 1352 3700 hujus
1378 3647 1598 3685 mortem
1623 3650 1723 3702 op-

719 3711 819 3761 tari
843 3728 951 3761 non
974 3728 1163 3780 posse,
1187 3711 1301 3763 sine
1325 3712 1524 3765 scelere
1549 3726 1604 3764 et
1625 3712 1722 3764 fla-

716 3793 863 3862 gitio.
911 3793 1165 3845 Coeterum
1210 3810 1276 3844 ne
1319 3791 1568 3866 deinceps
1613 3793 1722 3845 ulla

718 3869 922 3935 mulier,
943 3868 1027 3921 vel
1055 3873 1359 3923 consciente
1387 3886 1539 3944 patre
1556 3909 1575 3938 ‚
1597 3891 1722 3944 rap-

718 3954 849 4002 toris
872 3949 1086 4020 eligeret
1110 3951 1209 4003 sibi
1233 3954 1445 4024 nuptias
1461 3991 1478 4019 ,
1505 3973 1535 4006 a
1557 3955 1722 4007 Justi-

716 4032 879 4083 niano
904 4034 1163 4084 sancitum
1183 4047 1262 4087 est
1282 4033 1372 4087 lib.
1400 4035 1473 4086 IX
1496 4034 1563 4087 de
1585 4038 1720 4108 Rap.

716 4111 845 4181 virg.
871 4126 924 4164 et
949 4116 1327 4168 constitutione
1353 4117 1465 4183 143.
1492 4117 1591 4170 Sed
1619 4137 1725 4170 rur·

720 4208 810 4244 sus
838 4194 1110 4264 pontificio
1134 4200 1288 4267 jure,
1317 4197 1515 4268 aliquid
1544 4218 1610 4252 ex
1632 4200 1722 4252 illo

718 4276 937 4346 antiquo
952 4289 1203 4330 novatum
1217 4291 1297 4331 est
1307 4316 1324 4346 ,
1337 4277 1583 4347 XXXVI,
1604 4278 1684 4349 Q.‘
1695 4297 1716 4333 t

1804 3013 1856 3052 ct
1891 3017 1954 3066 2,
1990 3019 2108 3072 cap.
2149 3001 2244 3053 ult.
2281 2999 2348 3053 de
2381 3013 2563 3072 rapto:
2609 3011 2662 3051 et
2698 2998 2803 3050 huc

1802 3079 2029 3148 pertinet
2052 3097 2168 3150 cap.
2196 3096 2289 3146 22,
2312 3078 2466 3131 exod.
2491 3080 2668 3131 AEnou.

1877 3174 1926 3208 2.
1951 3155 2008 3209 Si
2035 3157 2088 3207 in
2121 3156 2214 3208 illa
2243 3157 2418 3229 prima
2450 3154 2799 3209 simulatione.

1803 3239 1917 3290 Hoc
1938 3251 2047 3306 est,
2073 3240 2118 3290 si
2140 3240 2193 3289 in
2217 3238 2305 3290 illa
2330 3237 2505 3291 divitis
2529 3256 2635 3289 non
2660 3235 2805 3309 ja'm,

1804 3333 1864 3372 ut
1890 3334 2142 3392 apparet,
2165 3338 2284 3371 vera
2317 3321 2577 3387 amicitia,
2609 3317 2704 3372 sed
2737 3320 2806 3371 si-

1802 3400 2124 3466 mulatione,
2147 3400 2278 3453 nihil
2301 3400 2607 3455 humanitus
2632 3420 2696 3453 ex
2719 3415 2805 3452 tu·

1802 3479 1972 3530 multu
1988 3480 2280 3535 accidisset.
2296 3484 2402 3534 Aut
2416 3485 2614 3548 verius,
2631 3484 2674 3533 si
2689 3499 2805 3552 per-

1801 3568 1966 3627 petuo
1998 3570 2049 3609 et
2074 3557 2178 3610 fllia
2195 3598 2214 3624 ,
2246 3579 2303 3613 se
2331 3574 2569 3632 raptam3
2594 3574 2646 3611 et
2667 3577 2803 3630 pau·

1800 3655 1929 3708 per,
1968 3655 2024 3689 se
2059 3643 2297 3709 rapuisse
2334 3641 2654 3695 simulasset:
2691 3656 2799 3688 non

1803 3732 1978 3772 autom
1990 3719 2268 3774 celebratis
2279 3724 2494 3794 nuptiis,
2506 3720 2671 3786 diviti,
2681 3738 2804 3773 cau·

1803 3817 1857 3849 sa
1868 3797 2228 3853 cumulatioris
2239 3799 2492 3852 habendae
2504 3801 2702 3868 gratiae,
2718 3818 2803 3851 ve·

1800 3883 2005 3933 ritatem
2031 3899 2242 3933 omnem
2263 3882 2606 3953 exposuisset.
2636 3883 2802 3937 Caete-

1801 3981 1918 4014 rum
1941 3961 2030 4015 hic
2048 3962 2324 4015 exclamari
2343 3975 2546 4034 potest,
2569 3964 2717 4034 quod
2734 3965 2802 4018 ab

1799 4043 2056 4097 Euclione
2070 4048 2124 4096 iu
2139 4042 2410 4095 Aulularia
2430 4064 2443 4094 ε
2471 4044 2586 4095 «Dii
2600 4046 2805 4096 immor-

1808 4145 1830 4169 ·
1851 4121 2009 4176 tales!
2036 4125 2240 4176 facinus
2264 4120 2436 4174 audax
2458 4123 2669 4193 incipit,
2698 4123 2803 4190 Qui

1809 4226 1831 4249 ι
1856 4223 1977 4256 cum
2003 4205 2257 4278 opulento
2282 4222 2488 4275 pauper
2511 4205 2669 4273 coepit
2693 4222 2801 4255 reru

1811 4307 1832 4330 ιι
1851 4281 2047 4338 habere
2072 4298 2163 4337 aut
2188 4285 2476 4356 negotium.
2499 4307 2520 4332 ιο
2546 4283 2726 4339 AEttoo.
