3200 5117
710 544 2021 615 DECLAMATIONES.chxx11.
2141 585 2148 592 =
2293 551 2410 616 123

320 671 722 748 enunciatio
738 672 1168 744 voluntatem
1193 668 1434 759 habet,
1458 689 1525 742 et
1543 669 1866 743 animum
1883 699 2027 745 non
2049 695 2407 747 coactum:

320 792 660 868 confessio
686 814 1078 890 expressam
1100 786 1340 861 dolore
1370 788 1595 859 multo
1621 791 2114 864 necessitatem.
2141 792 2280 864 Sed
2308 793 2414 865 in·

322 909 593 1007 telligo‚·
626 934 770 980 non
805 933 963 978 eam
997 931 1143 977 esse
1177 931 1582 1004 personam,
1619 904 1705 977 de
1743 932 1883 1004 qua
1913 906 2303 1006 loquimur,
2337 930 2416 982 ut

322 1024 482 1097 satis
508 1023 594 1096 sit
622 1023 923 1095 eximere
952 1048 1109 1094 eam
1141 1019 1560 1092 accusationi
1587 1047 1603 1090 ε
1640 1019 1795 1093 volo
1823 1020 1919 1092 ire
1948 1047 2070 1119 per
2099 1009 2411 1122 singula,

324 1165 546 1237 quum
580 1160 811 1210 tamen
845 1136 1021 1209 illud
1056 1134 1248 1234 prius
1273 1134 1777 1232 interrogavero
1799 1161 1956 1223 vos,
1979 1134 2291 1236 judices,
2321 1163 2413 1209 an

325 1254 577 1326 eadem
611 1252 747 1341 ira,
794 1251 1181 1350 eademqne
1225 1276 1429 1348 poena
1465 1249 1714 1347 dignos
1754 1250 2007 1349 putetis
2053 1277 2205 1339 eos,
2243 1279 2417 1350 quos

326 1368 603 1441 fortuna
620 1425 640 1459 ‚
671 1394 846 1468 quos
868 1367 970 1439 vis
987 1422 1006 1455 ,
1033 1391 1207 1465 quos
1232 1363 1431 1436 dolor
1454 1365 1752 1464 coegerit
1773 1366 2086 1438 confiteri
2114 1365 2375 1463 aliquid
2398 1399 2415 1456 ;

328 1504 395 1557 et
411 1510 558 1574 eos»,
580 1510 755 1584 quos
773 1482 1018 1556 odium
1046 1479 1479 1580 reipublicae‚
1501 1507 1657 1579 spes
1677 1481 1955 1580 praedoe‚
1986 1507 2185 1554 amor
2204 1482 2418 1556 hostis

329 1599 399 1671 in
430 1599 612 1672 hane
646 1599 863 1698 egerit
890 1596 1380 1698 proditionem.
1416 1595 1636 1686 Quod
1669 1596 1726 1667 si
1757 1595 1953 1668 nullo
1986 1596 2200 1670 modo
2227 1597 2418 1697 apud

268 1762 275 1778 ·
326 1741 754 1820 quemqnam
783 1715 1134 1787 bonorum
1157 1712 1467 1784 virorum
1492 1731 1715 1810 potest
1733 1710 1952 1783 videri
1977 1711 2241 1802 simile,
2258 1710 2411 1813 jam

327 1851 393 1904 et
437 1829 1044 1930 quemadmodum
1093 1828 1167 1901 in
1206 1827 1433 1900 hostes
1476 1825 1828 1918 inciderit,
1868 1826 2301 1916 videbimus,
2348 1849 2418 1899 et

325 1932 590 2045 quanta
623 1946 1023 2019 necessitate
1065 1944 1376 2018 confessa
1417 1943 1506 2015 sit
1541 1969 1556 2014 :
1607 1970 1688 2016 ac
1725 1942 1885 2016 satis
1926 1963 2072 2016 erat
2103 1941 2413 2041 primum

326 2061 498 2136 illud
529 2061 789 2152 dicere,
814 2087 967 2161 quoe
997 2061 1225 2135 filium
1248 2060 1323 2134 in
1355 2059 1676 2159 praelium
1700 2058 1925 2149 misit,
1951 2057 2152 2160 cnjus
2179 2079 2414 2157 partus

324 2198 391 2249 et
413 2176 698 2275 sangnis
721 2176 793 2248 in
817 2176 1050 2278 praelio
1074 2175 1293 2249 stetit:
1321 2175 1519 2276 cujus
1544 2173 1726 2247 filins
1742 2233 1762 2265 ,
1787 2175 1962 2247 dnm
1988 2172 2166 2246 nihil
2193 2173 2413 2246 carius

321 2293 535 2368 habet
570 2292 820 2393 patria,
854 2292 1027 2366 dum
1063 2291 1466 2393 propulsare
1507 2291 1772 2363 hostem
1794 2347 1813 2381 ‚
1848 2289 1952 2362 vel
1987 2310 2206 2361 morte
2246 2315 2411 2379 sna,

321 2407 425 2482 vel
453 2408 834 2508 sanguine,
860 2409 971 2481 vel
1002 2428 1348 2508 postremo
1380 2432 1662 2539 corpore
1692 2406 1842 2505 ipso
1863 2403 2122 2476 morari
2151 2404 2411 2492 studet,

323 2525 637 2626 spiritum
687 2553 813 2626 pro
854 2524 1119 2599 nobis
1100 2552 1173 2598 m
1221 2525 1602 2598 certamine
1646 2521 1926 2612 amisit,
1971 2521 2064 2594 ita
2108 2521 2414 2619 profecto

326 2640 714 2731 institutus,
736 2640 843 2720 ita
864 2668 903 2712 a
927 2660 1147 2713 matre
1176 2639 1541 2714 dimissus:
1574 2640 1759 2713 hanc
1793 2636 2098 2711 accusari
2133 2661 2413 2735 aequum

324 2776 456 2847 est,
489 2757 609 2829 cni
650 2755 959 2831 misereri
998 2755 1161 2828 satis
1201 2782 1346 2828 non
1390 2769 1800 2885 possnmus¹
1783 2753 1850 2825 ¹?
1890 2755 2107 2827 Nocte
2149 2777 2414 2850 egressa

324 2892 459 2943 est:
491 2869 648 2971 quis
674 2868 914 2943 hunc
894 2895 969 2941 ln
1002 2889 1263 2959 matre,
1300 2870 1460 2968 quis
1500 2871 1789 2954 miratur
1820 2869 2194 2957 affectum,
2229 2888 2412 2939 tam-

324 3012 539 3084 qnam
578 2981 887 3059 novum?
926 2987 1075 3084 Ego
1111 3011 1270 3059 vero
1294 2984 1499 3113 plura
1534 2984 1945 3074 confitebor,
1994 3004 2061 3058 et
2093 3007 2248 3081 quae
2275 2984 2415 3054 for-

326 3100 503 3171 sitan
530 3103 735 3199 plane
767 3099 1230 3174 admiratione
1260 3098 1408 3199 ejus
1441 3098 1658 3198 digna
1688 3100 1873 3173 sint:
1911 3120 2188 3171 noctem
2219 3098 2410 3171 illam

330 3212 778 3314 tenebrasque
810 3241 956 3288 non
992 3213 1266 3302 timni13
1301 3212 1656 3284 horridam
1695 3213 1918 3312 ipsius
1949 3212 2084 3284 loci
2105 3267 2126 3302 ‚
2165 3212 2238 3282 in
2273 3237 2412 3310 quo

324 3351 712 3430 pugnatum
745 3352 934 3420 erat,
980 3329 1369 3428 imaginem
1401 3325 1562 3400 tulit
1591 3355 1608 3399 ε
1655 3327 1802 3401 hoec
1833 3353 1959 3426 per
1997 3327 2410 3426 sanguinem

318 3443 720 3517 humanum
746 3502 766 3534 ,
808 3466 875 3518 et
921 3472 1042 3546 per
1079 3446 1290 3518 fracta
1336 3443 1515 3535 tela,
1565 3465 1633 3517 et
1685 3470 1809 3544 per
1853 3443 2065 3518 mixta
2103 3443 2410 3518 virorum

324 3584 805 3659 equorumque
847 3588 1135 3661 corpora
1181 3560 1490 3660 quaesivit
1535 3559 1764 3633 filium
1802 3586 2010 3633 snum
2048 3588 2063 3632 :
2110 3582 2180 3633 et
2210 3586 2300 3632 ne
2334 3561 2408 3632 in

323 3695 543 3746 totum
601 3676 797 3749 nulla
850 3704 975 3749 sua
1033 3677 1238 3778 culpa
1291 3674 1612 3749 incidisse
1660 3676 1736 3746 in
1783 3675 2011 3768 hostes
2060 3675 2408 3764 videatur,

325 3788 590 3887 planxit
610 3849 630 3881 ,
682 3814 751 3865 et
803 3792 969 3864 deos
1018 3792 1382 3867 invocavit.
1434 3792 1813 3865 Neminem
1864 3812 2033 3893 puto
2078 3791 2409 3863 hactenus

398 4042 442 4077 1.
483 4027 584 4079 Cui
608 4029 1117 4084 miseratis-fisum
1150 4046 1330 4100 pom·
1406 4028 2113 4100 difflsoe‚doeerepounnt
2139 4024 2409 4102 Hyginus,

323 4124 452 4159 aas.
476 4108 647 4160 Immo
668 4113 833 4183 cnjus.
854 4112 1021 4166 Onon.
1048 4113 1173 4165 Non
1196 4121 1327 4182 pnto
1405 4111 1516 4165 fab.
1559 4113 1752 4176 mm,
1795 4124 1850 4163 et
1889 4127 2007 4182 qun
2047 4109 2122 4163 ihi
2161 4108 2411 4183 producit

320 4200 516 4242 m
534 4190 877 4246 mutandum
895 4191 1328 4247 amathaeum
1407 4193 1648 4266 exempla
1679 4191 2003 4246 Mnnckerns
2024 4228 2042 4259 ‚
2078 4191 2273 4265 qu'bns
2301 4191 2410 4247 hoe

323 4281 375 4320 et
396 4274 645 4344 sequenti
660 4271 897 4328 dativum
918 4274 1045 4329 hnic
1060 4272 1229 4329 verb·
1244 4272 1333 4328 nd-
1408 4270 1783 4343 adjici-ndum.
1811 4272 1976 4324 Bm.
