3200 5117
793 470 1987 564 DECLAMATIONESsCCCVI.
2309 478 2433 546 225

353 630 491 676 non
528 601 677 673 vult
720 600 849 672 filii
893 599 1039 688 sui,
1085 598 1141 669 si
1174 597 1480 688 vixisset,
1516 617 1808 670 aetatem.
1848 599 2167 697 Intelligo
2201 600 2437 702 itaque

354 747 491 793 non
529 742 673 792 tam
708 717 930 789 multa
961 714 1141 785 mihi
1180 734 1418 787 contra
1450 713 1818 812 praemium
1853 714 2185 806 dicenda,
2221 745 2437 815 quam

352 856 587 907 contra
622 850 1113 931 argumentum
1156 856 1169 900 ε
1219 828 1313 900 sic
1347 826 1837 926 componenda
1866 828 2042 900 aetio
2075 850 2214 919 est,
2251 825 2438 903 tam-

354 977 565 1047 quam
590 975 715 1020 nos
737 946 1025 1018 audiant
1035 975 1064 1046 J
1076 943 1311 1015 udices
1337 942 1437 1014 illi
1453 958 1499 1012 ¹:
1533 968 1679 1014 non
1699 963 1933 1013 tamen
1944 942 2274 1043 juvenem
2297 948 2444 1045 pari

354 1066 672 1165 captione
704 1063 1051 1135 ludemus.
1084 1061 1415 1148 Fecisset,
1445 1060 1716 1131 fecisset
1747 1058 1880 1131 hoc
1912 1081 2130 1133 astuta
2163 1063 2444 1156 mulier,

354 1204 530 1251 anus
562 1177 1028 1250 inverecunda
1047 1233 1066 1265 ‚
1101 1197 1182 1248 ut
1198 1175 1442 1277 juveni
1476 1174 1748 1247 curioso
1776 1176 2056 1248 offerret
2086 1176 2266 1248 hanc
2294 1179 2449 1249 fati-

354 1296 494 1394 gati
531 1294 832 1394 corporis
874 1306 1211 1392 partem2.
1257 1293 1418 1362 Erat
1459 1291 1746 1388 dignm,
1791 1290 1914 1390 qui
1958 1293 2132 1364 dum
2171 1293 2446 1367 alterius

356 1412 862 1510 patrimonium
901 1409 1103 1508 petit,
1148 1407 1466 1507 perderet
1506 1406 1724 1479 etiam
1775 1410 2143 1505 praemium
2186 1438 2444 1483 suum:

351 1528 474 1600 sed
501 1525 754 1599 mulier
770 1522 1318 1623 simplicissima,
1354 1521 1409 1593 si
1438 1521 1612 1621 quid
1637 1523 1916 1594 mentiri
1947 1545 2199 1623 posset,
2227 1526 2449 1599 sinon

352 1642 813 1741 exposuisset,
860 1640 1091 1739 palam
1137 1664 1209 1709 se
1256 1636 1444 1709 nolle
1486 1637 1974 1735 profiteretur:
2025 1638 2156 1711 hoc
2197 1641 2450 1740 pudori

352 1756 519 1829 satis
552 1777 652 1827 est
689 1783 704 1826 :
753 1754 807 1827 si
854 1752 1024 1853 quid
1048 1752 1377 1853 jusseris,
1410 1752 1616 1851 culpa
1658 1752 2060 1851 cogentium
2100 1777 2219 1827 est.
2254 1756 2451 1847 Quid

356 1871 637 1943 interim
660 1868 934 1966 proficit
952 1866 1348 1939 adolescens
1372 1865 1527 1939 ille?
1546 1894 1711 1939 nam
1737 1869 1792 1939 si
1813 1869 1972 1969 praej
1983 1869 2301 1941 udicium
2324 1892 2445 1962 est,

356 1984 552 2083 quod
582 1984 725 2053 haec
754 2002 1012 2053 recusat
1043 2010 1059 2054 τ
1102 2001 1168 2053 et
1209 1981 1386 2053 illud
1422 1982 1510 2055 sit
1546 2005 2037 2081 argumentum
2059 2042 2078 2074 ‚
2119 1986 2310 2083 quod
2335 1986 2451 2058 hic

359 2119 594 2199 optat:
631 2098 829 2199 cujus
861 2100 1148 2199 quidem
1184 2098 1470 2198 pudori,
1514 2121 1797 2199 propter
1830 2101 2131 2173 recentia
2165 2103 2446 2196 merita,

359 2212 571 2312 cupio
602 2212 998 2286 consultum
1031 2240 1046 2283 ε
1079 2240 1332 2312 magna
1361 2233 1596 2284 tamen
1628 2213 2016 2312 cupiditatis
2051 2216 2308 2288 invidia
2342 2219 2454 2290 in-

357 2328 621 2427 quinat'
639 2328 920 2401 laudem
943 2385 963 2417 ‚
997 2329 1050 2401 si
1093 2355 1318 2427 quum
1356 2328 1667 2400 alienum
1699 2331 2199 2427 patrimonium
2229 2354 2448 2431 petat,

360 2471 505 2517 non
540 2464 739 2543 putat
764 2470 890 2515 sua
917 2446 1168 2516 referre
1201 2464 1439 2515 utrum
1473 2442 1926 2516 hereditatem
1960 2445 2134 2517 illud
2154 2444 2181 2491 3
2211 2449 2450 2539 faciat,

437 2615 481 2650 1.
509 2597 802 2669 Tamquam
828 2616 919 2651 nos
941 2598 1370 2669 audiantjudices

360 2675 475 2730 alii.
502 2678 587 2728 Ait
608 2679 746 2729 enim
768 2691 955 2747 postea
969 2716 986 2740 ,
1015 2701 1038 2724 ι
1062 2677 1253 2729 Audite
1275 2679 1369 2749 igi·

369 2778 393 2802 ιι
412 2769 499 2806 tur
512 2768 781 2825 tamquam
794 2755 1115 2826 aiiijudices.
1126 2780 1148 2803 ι
1164 2759 1368 2826 Nempe

1448 2596 1695 2649 ciendum
1720 2603 1872 2670 jussu
1905 2601 2077 2652 mariti
2114 2612 2166 2651 et
2195 2619 2294 2652 suo
2325 2619 2455 2672 pro-

1448 2679 1609 2728 misso
1631 2695 1739 2729 non
1761 2679 1924 2729 teneri
1943 2677 2220 2730 videretur.
2243 2681 2308 2731 Et
2327 2697 2454 2731 sano

1442 2755 1719 2828 profitetur
1737 2760 1890 2809 etiam
1910 2757 2208 2811 Thaddaeus
2234 2773 2284 2811 et
2303 2762 2459 2811 Δῖνο-

366 2847 425 2885 ut
453 2851 609 2885 causa
632 2832 940 2887 hereditatis
967 2848 1083 2886 acta
1108 2849 1159 2886 et
1198 2848 1368 2886 trans·

367 2926 485 2963 acta
498 2949 515 2977 ,
534 2930 673 2963 nunc
688 2912 828 2983 apud
851 2912 1063 2964 eosdem
1077 2951 1093 2975 ‚
1113 2915 1191 2964 uti
1209 2931 1369 2966 causa

367 2987 569 3038 diversa
580 3025 597 3051 ,
612 3001 663 3038 et
678 3006 889 3060 prorsus
903 3008 933 3040 a
952 2992 1115 3061 prima
1132 2992 1367 3060 sejuncta

370 3065 610 3135 aliaque,
631 3069 701 3119 ita
727 3067 870 3140 apud
899 3066 1029 3120 alios
1052 3069 1260 3138 judices
1285 3072 1368 3139 agi

371 3143 659 3214 agitarique
680 3144 935 3199 videatur.
961 3148 1141 3198 AEnoo.
1163 3147 1372 3199 Iudices

370 3217 486 3287 illi,
512 3237 670 3291 marg.
696 3222 872 3274 AErod.

443 3314 493 3348 2.
516 3298 667 3350 Hanc
683 3302 906 3372 corporis
924 3313 1145 3374 partem.
1163 3302 1283 3355 vid.
1304 3301 1373 3354 ad

366 3384 581 3434 Petu-on.
598 3381 750 3435 exn.
770 3414 835 3422 -
850 3385 908 3435 Si
928 3403 1031 3437 non
1052 3386 1368 3457 exposuisset.

367 3460 613 3514 AErodius
633 3464 792 3516 refert
812 3463 1031 3516 aliorum
1050 3467 1144 3518 etsi
1166 3466 1373 3517 mentiri

360 3554 554 3614 posset,
578 3562 630 3597 se
655 3564 759 3598 non
784 3548 1085 3615 exposuisse.
1112 3549 1180 3597 At
1208 3560 1263 3598 tu
1295 3547 1372 3599 le-

363 3639 459 3690 ge:
507 3623 613 3674 Sed
652 3622 846 3675 mulier
885 3623 1261 3697 simplicissima
1295 3624 1315 3690 (
1329 3627 1373 3678 εἰ

365 3702 495 3774 quid
517 3707 728 3756 mentiri
750 3718 944 3776 posset,
972 3725 1077 3758 nou
1107 3706 1371 3776 exposuis-

364 3779 470 3849 set)
484 3780 664 3848 palam
684 3802 735 3834 se
752 3784 896 3836 nolle
911 3781 1152 3857 profitetis
1161 3804 1199 3835 r.
1218 3787 1372 3836 Dixe-

364 3875 448 3912 rat
494 3861 766 3915 mulierem
808 3867 1243 3938 simplicissimam
1260 3904 1277 3932 ‚
1319 3880 1372 3917 et

364 3939 571 3992 fraudis
594 3956 844 4013 astusque
869 3958 1155 4016 expertem.
1181 3943 1238 3994 Id
1261 3944 1376 3995 obi·

365 4034 446 4071 ter
470 4022 779 4087 confirmat,
808 4028 852 4076 si
877 4027 1044 4096 possit
1076 4023 1185 4074 uno
1214 4022 1374 4074 modo

363 4098 578 4164 fallere,
602 4117 712 4153 non
736 4106 1066 4174 exposuisset
1088 4102 1369 4154 infantem.

369 4177 459 4230 sed
490 4182 810 4247 invenisset,
845 4183 915 4234 ob
946 4180 1091 4252 quod
1116 4180 1185 4232 ad
1213 4180 1263 4234 id
1292 4182 1375 4233 fa-

579 4269 633 4321 6.

1447 2834 1582 2886 dius.
1609 2834 1774 2887 Gnou.
1802 2837 2193 2909 Simplicissima
2227 2837 2303 2907 (si
2328 2839 2462 2911 quid

1447 2915 1661 2966 mentiri
1677 2928 1870 2986 posset,
1880 2913 2066 2987 filium
2088 2917 2460 2987 exposuisse-ff)

1443 3010 1500 3062 p.
1541 3010 1581 3044 s.
1628 3012 1679 3042 n.
1723 2989 2023 3065 profitetur,
2061 2994 2189 3046 Obr.
2231 2994 2287 3045 Si
2327 2994 2458 3066 quid

1448 3073 1661 3124 mentiri
1673 3086 1861 3144 posset,
1881 3092 1932 3125 se
1951 3093 2052 3126 uon
2075 3077 2385 3145 exposuisse,
2407 3086 2460 3127 et

1447 3153 1631 3222 palam
1660 3151 1830 3204 tumen
1859 3172 1910 3204 se
1937 3154 2082 3205 nolle
2108 3152 2453 3227 profiteretur.

1451 3231 1668 3282 Senum.
1691 3232 1749 3283 Si
1767 3231 1979 3282 mentiri
1996 3243 2162 3302 posset
2178 3252 2229 3284 se
2247 3253 2350 3285 non
2371 3254 2455 3288 ex-

1447 3312 1703 3384 posuisse,
1739 3330 1899 3382 marg.
1930 3313 2107 3367 AErod.
2141 3345 2214 3353 —
2243 3316 2301 3368 Si
2330 3319 2461 3389 quid

1435 3391 1659 3460 jusseris.
1682 3389 1952 3441 AErodius:
1984 3392 2027 3442 si
2049 3393 2173 3463 quid
2202 3395 2451 3448 viceritis.-

1452 3468 1581 3517 alios
1624 3471 1696 3519 ait
1735 3466 1904 3533 velle,
1947 3471 2185 3524 vixeritis.
2231 3474 2447 3525 Scribe:

1453 3564 1574 3595 nam
1617 3546 1661 3596 si
1702 3545 1829 3618 quid
1850 3549 2019 3617 jussus
2042 3548 2262 3619 feceris,
2300 3550 2459 3621 culpa

1451 3623 1742 3693 coqentium
1780 3635 1867 3675 est.
1903 3627 2129 3678 Excusat
2164 3631 2457 3697 expositio-

1450 3722 1591 3768 nem,
1603 3705 1753 3772 cujus
1769 3704 1929 3756 modo
1947 3711 2267 3759 meminerat.
2285 3709 2455 3758 Gnou.

1450 3781 1508 3833 Si
1525 3781 1879 3852 quidjuberis,
1905 3784 2105 3836 Schult.
2125 3786 2184 3837 Si
2201 3785 2457 3856 quidjus-

1449 3863 1634 3928 seritis,
1659 3863 1786 3914 obr.

1524 3942 1573 3992 3.
1592 3941 1947 3994 Hereditatem
1967 3942 2120 3995 illud.
2152 3943 2456 4037 tegendum

1455 4019 1760 4088 hereditate,
1788 4022 1821 4072 i.
1837 4022 1892 4093 f.
1918 4042 1986 4074 an
2006 4026 2137 4076 dote.
2167 4024 2222 4074 ld
2242 4038 2319 4076 est
2334 4043 2455 4094 jure

1452 4097 1787 4152 hereditario,
1815 4101 1930 4153 vid.
1966 4102 2034 4154 ad
2068 4102 2247 4154 Vellei.
2285 4107 2454 4156 Pater.

1454 4183 1532 4242 11,
1557 4182 1606 4248 4.
1631 4184 1800 4235 Burin.

2113 4276 2174 4328 15
