3200 5117
690 571 774 637 9²
1196 551 1288 613 M.
1338 550 1585 613 FABII
1634 547 2264 632 QUINTlLIANl

692 668 1238 768 ignominiosum
1270 667 1581 760 licuisse,
1631 670 1750 740 sed
1793 671 2260 769 ignominioso
2304 670 2483 742 nihil
2528 697 2653 769 pro
2701 698 2772 742 se

689 786 889 858 licere
906 814 920 857 ε
940 787 1171 885 itaque
1188 787 1696 885 ignominiosus
1717 814 1858 859 non
1879 789 2019 886 agit
2034 809 2264 860 tecum
2287 789 2700 890 injuriarum
2721 803 2766 859 ¹:

690 923 763 974 tu
796 924 1033 996 tamen
1060 902 1389 1004 injuriam
1419 902 1698 993 feceris;
1742 924 1807 974 et
1846 901 1978 976 hoc
2012 905 2102 976 ad
2135 931 2407 1002 poenam
2443 905 2592 1005 ejus
2620 903 2770 975 vitae

690 1046 767 1090 ac
813 1019 1260 1118 turpitudinis
1305 1018 1713 1117 pertinebit,
1761 1019 1948 1118 quod
1993 1041 2067 1092 tu
2111 1046 2254 1091 non
2302 1019 2495 1093 dabis
2539 1045 2770 1117 poenas

688 1134 968 1234 peccati.
1000 1137 1163 1206 Haec
1193 1134 1491 1206 dicerem
1516 1135 1624 1224 ‚si
1663 1134 2064 1233 ubicunque
2098 1137 2437 1234 pulsasses
2467 1133 2772 1233 ignomi-

688 1250 966 1321 niosum
997 1275 1011 1319 :
1047 1275 1235 1321 nunc
1284 1269 1363 1320 ut
1402 1248 1659 1349 injuria
1701 1275 1843 1320 non
1887 1249 1976 1321 sit
2013 1248 2247 1347 aliquo
2289 1250 2446 1322 loco
2470 1249 2770 1348 pulsasse

687 1363 1274 1462 ignominiosum,
1325 1361 1581 1463 injuria
1627 1383 1860 1435 tamen
1911 1383 2010 1436 est
2056 1363 2131 1436 in
2171 1364 2435 1463 templo
2477 1364 2765 1462 pulsare.

685 1482 868 1551 Nam
910 1480 968 1550 si
1012 1477 1083 1549 id
1123 1500 1220 1552 est
1264 1477 1621 1576 utriusque
1647 1483 1972 1549 'nostrum
2011 1477 2442 1550 confessione
2476 1476 2767 1579 injuria,

561 1681 579 1698 Ι
687 1597 876 1695 quod
906 1596 1360 1668 manifestum
1388 1616 1523 1683 est,
1558 1621 1701 1666 non
1729 1621 1873 1668 esse
1892 1595 2050 1696 jure
2077 1585 2372 1685 factum3
2409 1616 2485 1666 ut
2512 1594 2638 1666 tibi
2652 1593 2771 1694 jus

686 1710 893 1783 fuerit
913 1709 1075 1782 alibi
1108 1708 1427 1809 pulsandi
1460 1709 2042 1808 ignominiosum,
2068 1709 2260 1808 quod
2283 1737 2424 1782 non
2455 1734 2598 1781 esse
2618 1708 2771 1807 jam

688 1825 932 1913 docui,
972 1825 1044 1896 in
1085 1823 1347 1922 templo
1391 1822 1710 1922 pulsandi
1748 1823 1869 1922 jus
1915 1849 2058 1893 non
2102 1824 2256 1894 fuit.
2301 1826 2464 1894 Haec
2506 1847 2632 1920 ego
2675 1822 2771 1893 ita

690 1938 1028 2026 dicerem,
1068 1938 1336 2013 etiamsi
1381 1936 1609 2008 omnis
1654 1937 1777 2007 ista
1824 1935 1996 2008 ultio
2037 1937 2412 2034 pertineret
2445 1935 2530 2007 ad
2562 1961 2726 2006 eum
2750 1993 2769 2025 ‚

690 2052 812 2150 qui
844 2051 1174 2152 injuriam
1204 2050 1609 2147 accepisset:
1650 2075 1839 2120 nunc
1875 2076 1977 2120 res
2012 2048 2264 2147 duplex
2298 2069 2442 2120 est:
2479 2048 2774 2120 crimina

690 2166 830 2239 duo
865 2187 1027 2239 sunt
1057 2165 1240 2268 ejus,
1276 2163 1397 2263 qui
1440 2163 1512 2234 in
1539 2161 1806 2261 templu
1826 2163 2136 2260 pulsatus
2168 2163 2321 2235 sit2.
2350 2163 2544 2252 Quid
2583 2163 2770 2235 enim

687 2282 798 2353 lex
826 2280 1034 2353 dicit?
1060 2280 1182 2380 qui
1212 2280 1285 2352 in
1319 2269 1582 2377 templu
1613 2278 1949 2379 injuriam
1977 2279 2255 2369 fecerit,
2283 2277 2522 2351 decem
2553 2277 2772 2349 millia

688 2381 1153 2467 denariorum'
1173 2395 1289 2467 det
1324 2394 1423 2482 ei,
1465 2394 1574 2465 cui
1613 2391 1943 2493 injuriam
1976 2393 2245 2483 fecerit3
2284 2393 2521 2464 decem
2548 2391 2773 2464 millia

689 2508 963 2583 civitati.
986 2512 1144 2581 Non
1171 2509 1226 2581 si
1252 2509 1398 2581 haec
1410 2509 1656 2609 juncta
1673 2528 1877 2606 atque
1898 2505 2208 2581 cbntexta
2224 2528 2417 2597 sunt,
2444 2506 2769 2579 continuo

690 2624 902 2696 unius
934 2624 1104 2723 legis
1139 2621 1400 2695 habent
1422 2623 1564 2695 vim
1596 2644 1662 2695 et
1689 2623 2180 2721 proprietatem
2211 2651 2226 2695 :
2263 2624 2333 2695 id
2366 2623 2460 2694 sic
2488 2647 2769 2720 cognos-

689 2740 820 2812 cite
849 2768 863 2810 :
907 2740 1081 2812 duos
1116 2737 1416 2811 actores³
1452 2738 1747 2828 habent;
1783 2765 1910 2810 nec
1953 2761 2175 2838 potest
2201 2739 2416 2811 videri
2449 2765 2591 2810 una
2626 2737 2767 2826 lex,

690 2857 885 2957 cujus
917 2881 1076 2955 pars
1100 2855 1187 2927 ad
1213 2854 1592 2954 privatum,
1626 2881 1783 2954 pars
1812 2855 1898 2926 ad
1925 2854 2427 2956 rempublicam
2451 2854 2764 2954 pertinet.

689 2971 870 3068 Ergo
903 2969 956 3041 si
979 2968 1228 3069 juncta
1258 2990 1419 3041 sunt
1448 2969 1612 3060 ista,
1652 2990 1733 3042 ut
1768 2968 1947 3056 dixi,
1991 2968 2162 3040 duas
2196 2994 2429 3040 causas
2467 2967 2765 3038 habent:

690 3112 843 3185 pars
872 3106 969 3159 est
997 3085 1165 3184 legis
1199 3085 1381 3187 eju5‚
1418 3111 1570 3184 quae
1598 3084 1900 3158 vindicat
1936 3084 2274 3184 templum
2303 3115 2320 3154 z
2357 3085 2516 3181 erga
2548 3102 2626 3153 ut
2657 3108 2769 3153 re-

691 3204 1006 3274 mittatur
1037 3202 1164 3275 tibi
1193 3229 1303 3292 ea,
1339 3228 1492 3302 quae
1525 3203 1822 3301 pertinet
1851 3202 1939 3275 ad
1972 3201 2311 3299 templum
2332 3197 2387 3289 4,
2425 3219 2630 3271 restat
2658 3224 2769 3289 ea,

594 3402 599 3407 .
692 3343 845 3416 quae
875 3318 1175 3415 pertinet
1213 3317 1301 3389 ad
1337 3317 1723 3389 civitatem:
1771 3317 1920 3389 duae
1965 3317 2150 3390 enim
2185 3336 2350 3387 sunt
2390 3314 2661 3415 injuriae
2700 3313 2770 3385 in

766 3476 810 3512 ι.
831 3460 1218 3532 Ignominiam
1236 3479 1339 3513 non
1364 3460 1475 3536 agit
1499 3471 1685 3513 tecam.
1771 3472 1900 3514 tores
1949 3461 2157 3512 habent.
2205 3461 2332 3512 Hoec
2369 3471 2564 3532 potest,
2606 3475 2767 3527 marg.

689 3539 898 3594 Scribe:
930 3558 1035 3593 non
1063 3554 1198 3613 aget.
1227 3540 1287 3592 Id
1315 3555 1422 3608 est,
1450 3560 1561 3593 non
1589 3540 1688 3592 ha-
1773 3539 1955 3593 AErod.

688 3619 835 3672 bebit
853 3623 942 3692 jus
966 3617 1174 3690 agendi.
1199 3620 1440 3672 Gnonov.
1840 3619 1889 3686 4.
1919 3619 1988 3670 Ut
2006 3619 2296 3672 remittatur
2313 3620 2508 3683 tibica,
2528 3632 2644 3688 quoe
2656 3633 2770 3686 per-

763 3716 810 3751 π.
841 3698 1071 3751 Crimina
1099 3699 1199 3751 duo
1220 3710 1340 3750 sunt
1360 3700 1495 3771 ejus,
1521 3698 1690 3769 quiin
1772 3698 1902 3750 tinet
1938 3697 2010 3748 ad
2048 3696 2332 3769 ternplum..
2361 3700 2524 3749 Immo
2563 3712 2622 3745 ea
2660 3711 2770 3744 non

692 3776 884 3852 templo
902 3774 1141 3853 pulsatus
1162 3778 1242 3830 sit.
1266 3775 1406 3848 Lego
1426 3798 1439 3827 ε
1456 3774 1695 3847 pulsave-
1773 3776 2078 3843 remittitur,
2099 3794 2222 3827 nam
2242 3793 2354 3845 quae
2373 3773 2600 3844 pertinet
2619 3770 2686 3822 ad
2704 3771 2774 3822 ci·

694 3859 775 3910 rit.
790 3859 955 3912 Grion.
973 3888 1037 3897 —
1063 3858 1213 3929 Quod
1225 3859 1385 3910 enim.
1400 3856 1691 3910 Editt.Var.
1773 3857 2015 3921 vitatem,
2038 3853 2219 3907 eadem
2243 3851 2472 3904 vindicat
2498 3848 2768 3921 templum.

692 3952 744 3990 et
772 3941 881 4013 Bip.
909 3940 1059 4014 quid,
1084 3940 1238 3992 nobis
1268 3936 1690 3993 assentientibus.
1774 3935 1983 3988 Scribe:
2013 3954 2129 4008 qaae
2152 3932 2373 4007 pertinet
2395 3930 2465 3982 ad
2482 3928 2770 4004 pulsatum.

762 4022 811 4074 3.
847 4023 987 4074 Duos
1016 4033 1246 4075 auctores
1279 4019 1446 4071 habet.
1480 4017 1688 4071 Malim
1771 4019 1934 4071 Gnon.
1969 4017 2036 4070 Ut
2064 4018 2392 4070 remittantur
2417 4011 2511 4064 tibi
2537 4032 2597 4063 ea
2615 4052 2631 4078 ‚
2659 4026 2773 4084 quoe

690 4112 897 4155 actores.
918 4104 1066 4155 Prrn.
1086 4103 1167 4155 Au
1187 4103 1317 4156 duas
1334 4102 1689 4164 auctoritates,
1771 4097 1842 4148 ad
1865 4096 2127 4169 privatum
2160 4091 2456 4166 pertinent,
2494 4100 2682 4144 restant
2712 4106 2773 4140 ea

694 4185 815 4255 quia
841 4185 1105 4255 sequitur,
1132 4184 1261 4236 duas
1285 4199 1462 4234 causas
1489 4180 1691 4233 habent.
1773 4194 1887 4248 qaoe
1911 4178 2171 4247 pertinent
2188 4175 2260 4227 ad
2281 4172 2530 4245 templum
2544 4193 2565 4234 ,·
2588 4177 2776 4223 restant

691 4263 906 4316 Scuutr.
932 4261 996 4311 Id
1012 4263 1082 4314 sit·
1101 4263 1387 4334 cognoscite
1400 4296 1417 4324 ,
1434 4261 1560 4313 clatos
1578 4279 1697 4313 anc-
1773 4277 1834 4312 ea
1859 4278 1910 4332 q.
1938 4257 2117 4316 AErod.

830 4507 842 4544 t
