3200 5117
758 510 876 592 148
1251 507 1346 570 M.
1393 503 1640 568 FABII
1686 499 2317 585 QUINTILIANI

749 633 837 703 ad
867 605 1313 728 sanguinem¹
1334 654 1356 696 .·
1388 651 1528 719 esse
1554 623 1890 723 quosdam
1923 622 2260 714 mitiores,
2285 621 2407 722 qui
2435 648 2523 693 ne
2551 622 2824 723 conspi-

753 743 901 819 cere
945 744 1229 844 quidem
1262 768 1580 813 cruorem
1614 742 2046 813 sufficerent:
2085 738 2287 810 multi
2321 764 2389 808 se
2424 763 2466 808 a
2494 736 2826 835 gladiato-

753 887 913 934 rum
942 857 1340 931 vulneribus
1372 878 1736 930 avertunt:
1769 877 1836 928 et
1858 881 2290 954 quamquam
2320 880 2529 926 nemo
2558 853 2830 927 dubitet

757 999 825 1049 et
873 975 1045 1047 illud
1090 972 1564 1073 spectaculum
1611 973 1684 1043 in
1731 991 1920 1070 parte
1960 997 2106 1044 esse
2147 997 2546 1069 poenarum,
2591 991 2828 1042 tamen

753 1091 1338 1191 nequissimorum
1392 1115 1672 1188 quoque
1705 1088 2100 1172 ‚hominum
2150 1113 2474 1185 suprema
2522 1084 2830 1183 pericula

755 1208 1019 1280 habent
1055 1233 1251 1278 suam
1286 1207 1662 1303 gratiam²z
1706 1205 1789 1277 de
1823 1195 2214 1303 spectaculo
2249 1204 2514 1301 loquor.
2548 1202 2830 1300 Cogita-

755 1344 1037 1412 verunt,
1091 1342 1350 1420 quanto
1403 1342 1573 1394 esset
1616 1319 1967 1393 difficilius
2017 1319 2364 1393 occidere:
2417 1345 2494 1391 ac
2531 1319 2833 1390 scierunt

752 1437 1071 1507 futurum
1092 1488 1111 1522 ,
1147 1456 1224 1505 ut
1250 1434 1307 1505 si
1330 1460 1546 1505 unam
1583 1433 1763 1505 hanc
1796 1433 2036 1505 mortis
2068 1459 2340 1531 poenam
2376 1451 2612 1505 contra
2636 1430 2834 1504 adul-

757 1571 934 1622 teros
955 1549 1464 1621 constituissent
1477 1606 1495 1637 ,
1513 1548 1756 1647 saepius
1777 1549 2067 1648 impune
2086 1547 2628 1621 committeretur
2646 1545 2835 1619 adul-

756 1663 1051 1736 terium:
1089 1662 1594 1735 constituerunt
1627 1689 1789 1761 ergo
1818 1689 2096 1761 poenam
2126 1683 2196 1735 et
2221 1662 2601 1735 secundam
2633 1687 2649 1733 ι
2681 1686 2838 1765 proj-

674 1771 683 1776 ’
759 1773 1128 1876 sp'exerunt
1155 1776 1693 1874 infirmioribus,
1725 1797 2222 1876 prospexerunt
2249 1776 2648 1849 lenioribus.
2679 1777 2838 1847 For-

760 1892 943 1965 sitan
980 1892 1451 1991 cogitaverunt
1490 1913 1561 1964 et.
1598 1891 1811 1983 illud,
1860 1919 2004 1964 non
2040 1892 2369 1965 omnibus
2400 1894 2666 1964 futuras
2697 1916 2839 1964 esse

760 2005 969 2079 vires:
1017 2007 1111 2078 ita
1140 2026 1696 2106 temperaverunt
1731 2007 2190 2099 severitatem,
2225 2028 2302 2079 ut
2326 2006 2702 2079 vindicaret
2731 2031 2839 2095 se,
2901 2091 2908 2094 ,

766 2107 1117 2219 quomodo
1162 2120 1450 2219 quisque
1502 2144 1749 2219 posset.
1794 2121 1951 2192 Dixi
1994 2103 2350 2217 tamquam
2387 2147 2511 2219 pro
2542 2121 2840 2221 juvene,

765 2235 904 2308 dixi
935 2256 1294 2333 tamquam
1319 2263 1443 2336 pro
1470 2236 1754 2308 marito:
1782 2236 2162 2310 dicendum
2197 2256 2294 2307 est
2326 2256 2684 2334 tamquam
2721 2261 2842 2333 pro

766 2342 1149 2449 impub‘ere.
1186 2355 1345 2424 Non
1380 2380 1493 2426 me
1524 2352 1803 2424 hercule
1841 2353 1995 2424 satis
2029 2351 2437 2424 constituere
2464 2351 2654 2451 apud
2689 2351 2845 2424 ani-

771 2493 970 2539 mum
1006 2493 1247 2538 meum
1280 2494 1604 2566 possum,
1649 2494 1741 2538 an
1786 2467 1953 2538 huic
1987 2465 2331 2539 adulteros
2364 2465 2628 2537 licuerit
2663 2463 2847 2538 occi-

771 2580 955 2652 dere.
977 2580 1142 2670 Quo
1171 2580 1360 2652 enim
1392 2582 1676 2656 tandem
1709 2582 1918 2653 modo
1939 2581 2420 2653 defenderetur
2442 2577 2624 2649 filius
2652 2599 2845 2668 tuus,
2910 2577 2913 2581 ’

770 2695 826 2765 si
862 2694 1019 2790 quis
1049 2695 1436 2785 exstitisset,
1476 2698 1598 2795 qui
1638 2696 1932 2785 diceret,
1963 2696 2267 2770 occidisti
2301 2694 2625 2770 homines
2658 2720 2849 2765 non-

776 2808 947 2880 dum
981 2809 1302 2879 maritus:
1336 2835 1463 2882 nec
1486 2811 1676 2883 enim
1702 2811 1799 2885 vis
1822 2812 1948 2882 ista
1976 2810 2281 2883 nominis
2307 2808 2594 2910 hujusce
2618 2809 2852 2907 appel-

770 2920 1028 2994 latione
1066 2922 1307 3023 prima⁸
1326 2924 1634 2996 consistit
1663 2952 1676 2996 :
1715 2951 1844 2996 uec
1879 2926 2043 2998 satis
2080 2945 2180 2996 est
2215 2924 2551 3021 maritum
2576 2936 2848 2996 tautum

778 3038 1009 3109 osculo
1029 3039 1272 3137 putari.
1296 3040 1536 3112 Postea
1556 3039 1808 3112 nudari
1829 3039 2059 3113 filium
2074 3039 2128 3130 ³,
2155 3060 2360 3137 atque
2385 3039 2461 3113 in
2479 3058 2849 3138 conspectu

858 3267 901 3302 ι.
944 3252 1146 3303 Durare
1185 3254 1256 3305 ad
1285 3256 1605 3326 sanquinem.
1646 3255 1779 3308 Vide
1864 3280 1886 3303 ι
1905 3259 2285 3322 centumviros,
2309 3255 2446 3309 filius
2477 3275 2547 3309 an
2579 3258 2740 3308 frater
2759 3252 2853 3306 de-

784 3327 1034 3379 Ramirez.
1059 3329 1125 3380 de
1148 3331 1316 3384 Prado
1338 3335 1643 3384 Pentecont.
1661 3352 1777 3405 cap.
1865 3357 1887 3380 ιι
1907 3335 2028 3387 beat
2069 3354 2182 3389 esse
2224 3337 2479 3387 intestata·
2519 3334 2680 3388 haeres
2698 3356 2713 3386 ι
2751 3350 2852 3404 pu-

783 3425 834 3536 ῗ.
866 3409 1133 3461 Αωηςιον.
1164 3411 1297 3465 vide
1334 3411 1404 3465 ad
1433 3416 1599 3466 Instit.
1633 3415 1778 3469 Orat.
1865 3436 1887 3460 ι
1906 3412 2083 3466 bertas
2098 3415 2275 3480 annis,
2295 3432 2363 3466 ⁸¹1
2384 3413 2569 3466 habitu
2586 3428 2855 3484 ΟΟΙῬΟΜτ

807 3484 877 3537 ib.
903 3486 1000 3549 IX,
1026 3506 1141 3556 cap.
1172 3507 1219 3542 2.
1866 3514 1888 3536 «-
1908 3493 2204 3542 aestimetur.
2225 3515 2246 3540 ιι
2298 3492 2382 3545 sic
2426 3493 2562 3546 euim
2610 3494 2654 3544 is
2703 3490 2855 3542 locus

862 3582 909 3615 2.
950 3564 1158 3616 Habent
1193 3586 1338 3618 suam
1370 3569 1611 3641 qratiam.
1651 3572 1783 3622 Gra·
1861 3565 2222 3621 emendandus
2241 3570 2725 3623 ost.Cas⁸ianorum
2744 3569 2856 3620 sive

789 3642 917 3695 tiam
937 3642 1001 3693 de
1020 3645 1305 3714 spectaculo
1327 3644 1624 3700 habuerunt.
1644 3647 1786 3720 00ςί-
1861 3645 2263 3714 Sabinianorum
2289 3648 2596 3702 sententiam
2622 3644 2857 3699 Isidorus
2939 3641 2949 3648 ⁶

789 3724 1784 3798 taverunt.AEnon.—Posset.Possit‚Bip.
1864 3725 1917 3776 iu
1951 3724 2145 3796 nuptiis
2177 3738 2428 3798 sequutus
2454 3721 2661 3777 videtur
2687 3725 2856 3798 Etym.

861 3804 913 3854 3.
930 3804 1111 3856 Postea
1133 3804 1322 3857 nudari
1328 3805 1530 3878 filium.
1550 3809 1668 3860 Fuit
1681 3806 1785 3859 hoc
1864 3801 1955 3854 lib·
1976 3803 2040 3869 V,
2065 3802 2212 3875 quod
2240 3802 2461 3854 relatum
2488 3816 2567 3854 081
2593 3805 2648 3856 in
2676 3822 2793 3876 cap·
2823 3803 2858 3856 3

792 3899 904 3936 tum
928 3886 1111 3936 incerti
1128 3889 1289 3954 juris,
1315 3888 1565 3960 pubertas
1583 3890 1638 3941 in
1659 3907 1788 3941 mas-
1866 3880 1931 3933 de
1971 3880 2304 3953 sponsalibus
2350 3879 2552 3952 impub.
2601 3880 2859 3935 Proculia-

790 3962 921 4014 culis
943 3965 1091 4015 annis
1111 3977 1163 4015 et
1180 3979 1357 4032 anate,
1377 3986 1444 4018 an
1462 3964 1646 4017 habitu
1671 3985 1787 4018 cor·
1864 3979 2056 4012 norum
2087 3963 2115 4013 J
2122 3961 2410 4012 ustinianus
2437 3974 2620 4015 noster
2646 3959 2859 4014 tandem

794 4042 936 4110 poris
960 4043 1261 4095 aestimanda
1286 4059 1438 4097 esset.
1467 4045 1592 4118 Fal).
1619 4046 1783 4099 lnstit.
1865 4040 2127 4112 probavit.
2142 4043 2341 4094 Priscus
2355 4040 2860 4112 Jaholenus‚quam·

795 4115 885 4166 lib.
914 4119 1000 4183 IV,
1025 4139 1070 4171 c.
1101 4139 1157 4186 2,
1180 4123 1223 4188 5.
1244 4121 1303 4174 5:
1338 4126 1451 4176 -De
1479 4142 1562 4189 re,
1590 4125 1786 4196 inquit,
1865 4121 1995 4173 libet
2026 4124 2081 4175 in
2113 4122 2289 4174 multis
2321 4122 2434 4176 aliis
2461 4124 2592 4194 juris
2628 4121 2858 4176 articuli:

801 4214 825 4240 ι
845 4198 1155 4274 constat‚de
1162 4204 1556 4272 jurequoeritur,
1570 4217 1626 4256 ut
1642 4202 1788 4278 apud
1867 4204 2145 4258 Cassianus
2183 4205 2371 4272 fuerit,
2407 4206 2462 4257 in
2495 4205 2599 4257 hoc
2621 4201 2860 4280 ¹mediam
