3200 5117
821 558 944 624 508
1313 560 1403 623 M.
1453 560 1706 625 FABII
1750 559 2387 645 QUINTILIANI

821 806 1390 829 mmmmm

2548 816 2913 841 mmm„

1440 976 2251 1055 CCCLXXXVII.

1373 1169 1594 1240 Fortis
1626 1167 1948 1242 abdicans
1973 1188 2332 1243 servatum.

897 1338 1278 1399 Desertorem
1312 1337 1511 1400 filium
1531 1355 1572 1412 ¹,
1608 1339 1781 1421 cujus
1816 1341 2143 1402 desertoris
2180 1342 2434 1403 salutem
2478 1344 2611 1426 ipse
2647 1345 2835 1406 fortis

1533 1441 1885 1510 optaverat,
1921 1429 2184 1490 abdicat.

1513 1599 2212 1664 DECLAMATIO.

923 1734 1111 1805 Duas
1128 1734 1313 1832 leges
1331 1734 1573 1825 habui,
1593 1734 1716 1809 viri
1738 1734 1951 1823 fortis,
1971 1756 2038 1807 et
2056 1735 2258 1834 patris
2278 1761 2293 1805 :
2316 1733 2439 1804 viri
2464 1734 2660 1807 fortis
2681 1735 2907 1836 legem

829 1847 1141 1919 transtuli
1170 1849 1245 1919 in
1270 1870 1571 1949 patrem;
1598 1849 1842 1947 patris,
1868 1849 1942 1921 in
1968 1849 2193 1924 virum
2219 1849 2494 1920 fortem.

826 2087 2851 2113 mmmmmV-Rmmmmm
2856 2092 2913 2112 Ἃ

1438 2257 2297 2336 CCCLXXXVIII.

1650 2456 1867 2524 Αυία2
1903 2458 2093 2524 testie.

832 2615 952 2692 Qui
993 2615 1258 2680 habebat
1293 2632 1586 2697 matrem,
1626 2621 1801 2681 duxit
1831 2642 2119 2694 uxorem,
2156 2642 2227 2681 ex
2261 2641 2387 2701 qua
2418 2632 2622 2681 natum
2657 2620 2863 2680 filium
2888 2667 2908 2697 ,

912 2709 1062 2768 aviae
1083 2710 1484 2771 nutriendum
1510 2711 1696 2772 dedit.
1726 2712 2001 2772 Moriens
2024 2710 2314 2771 heredem
2342 2710 2527 2771 filium
2548 2710 2721 2769 fecit:
2754 2711 2907 2770 sub-

911 2798 1104 2858 stituit
1121 2794 1441 2860 uxorem3:
1469 2801 1946 2883 dispensatorem
1966 2822 2147 2861 suum
2167 2801 2515 2860 manumitti
2527 2797 2718 2881 jussit.
2738 2801 2910 2859 Puer

915 2886 1197 2949 reductus
1243 2890 1322 2949 ad
1363 2905 1623 2951 matrem
1640 2935 1658 2967 ‚
1705 2905 1765 2951 et
1808 2891 1886 2951 ab
1928 2912 1996 2951 ea
2040 2893 2108 2950 in
2150 2890 2351 2951 fundo
2392 2890 2690 2949 maritimo
2709 2933 2727 2965 ‚
2767 2890 2919 2949 visis

913 2977 1159 3061 piratis,
1187 2978 1463 3055 relictus»,
1499 3001 1633 3041 non
1666 2981 2028 3062 comparuit.
2068 2980 2210 3040 Post
2240 3000 2471 3060 paucos
2505 2978 2629 3039 dies
2659 2976 2922 3038 cadaver

916 3065 1192 3128 confusis
1230 3067 1652 3145 lineamentiS‚
1689 3070 1861 3150 quod
1898 3068 2061 3129 filius
2099 3082 2438 3152 putaretur,
2471 3070 2537 3128 in
2576 3067 2739 3127 idem
2775 3067 2921 3127 litus

917 3153 1174 3236 ejectum
1194 3201 1212 3231 ,
1243 3172 1440 3217 mater
1471 3158 1667 3218 ductis
1705 3158 1986 3241 sepelivit
2017 3158 2329 3239 exsequiis.
2366 3158 2768 3237 Dispensator
2788 3176 2923 3214 ma·

918 3245 1225 3303 numissus
1262 3244 1341 3304 ab
1367 3266 1437 3305 ea
1468 3259 1611 3327 post
1645 3246 1879 3330 aliquot
1918 3268 2112 3306 annos
2148 3247 2536 3325 negotiatum
2575 3242 2885 3326 profectus
2907 3286 2924 3317 ‚

919 3332 1357 3394 adolescentem
1373 3379 1390 3408 ‚
1418 3355 1603 3414 quem
1625 3335 1955 3394 dominum
1983 3335 2212 3393 diceret
2229 3380 2245 3409 ,
2272 3332 2436 3415 apud
2460 3333 2929 3392 venalitiarium

921 3434 1257 3500 repertum,
1288 3421 1524 3503 judicio
1563 3444 1864 3498 asserem,
1905 3423 2121 3483 evicit:
2153 3443 2294 3481 cum
2333 3442 2406 3482 eo
2440 3422 2693 3482 revertit
2726 3421 2791 3480 in
2825 3441 2930 3502 pa-

920 3509 1122 3570 triam.
1149 3511 1414 3573 Puerum
1441 3513 1725 3593 agnoscit
1749 3513 1921 3573 avia:
1955 3525 2137 3593 negat
2159 3532 2340 3572 suum
2365 3524 2579 3571 mater.

1533 3675 1594 3737 D
1609 3674 1664 3739 E
1679 3674 1731 3737 C
1746 3673 1799 3736 L
1813 3674 1866 3735 A
1882 3672 1956 3735 M
1972 3671 2095 3736 AT
2112 3671 2140 3734 1
2160 3671 2236 3735 Ο.

943 3812 1240 3883 Causam
1260 3870 1279 3902 ,
1304 3812 1574 3912 judices
1592 3868 1612 3903 ,
1643 3812 2001 3912 probatam
2042 3835 2317 3910 peregre
2337 3863 2356 3897 ‚
2390 3807 2762 3907 probatam
2799 3806 2930 3878 do-

923 3972 966 4007 ι.
999 3956 1314 4009 Desertam
1336 3954 1542 4029 filium.
1577 3957 1847 4009 Servatum
1927 3953 2067 4007 edita
2089 3971 2208 4005 cum
2238 3951 2551 4021 Quintiliani
2566 3943 2931 4001 ‘Institutionu-

846 4032 1144 4086 desertorem
1160 4034 1345 4107 filium
1371 4054 1536 4107 marg.
1564 4034 1741 4087 AErod.
1774 4064 1847 4075 --
1924 4031 2054 4097 bus,
2087 4045 2141 4083 et
2171 4032 2293 4082 XIX
2324 4027 2615 4098 majoribus
2652 4026 2937 4079 Declamn-

847 4111 1848 4167 Desertovissalutem.Desertm-issmari
1923 4112 2186 4178 tionibus,
2209 4109 2363 4165 Basa.
2392 4109 2552 4176 1548,
2576 4108 2709 4160 ium-8.
2730 4109 2937 4159 Auum..

850 4191 1007 4243 vitam
1028 4194 1159 4264 ipse,
1181 4194 1360 4247 AErod.
1994 4191 2045 4243 3.
2070 4190 2339 4244 Substituit
2360 4204 2590 4239 uxorem.
2619 4184 2680 4237 ld
2710 4201 2827 4250 est,
2854 4187 2941 4235 in·

923 4288 970 4323 2.
1017 4271 1171 4322 Avia.
1211 4274 1331 4323 liaee
1371 4272 1699 4325 Declamatio
1734 4276 1844 4343 jam
1926 4270 2095 4322 stituit
2136 4285 2354 4322 uxorem
2392 4263 2645 4317 heredem
2679 4263 2789 4316 sub
2824 4262 2938 4315 filio
