3200 5117
752 499 1590 568 DECLAMATIONES.
1637 502 2085 567 CCCXXXI.
2340 506 2470 594 349

376 626 562 699 aliud
592 651 808 725 genus
833 624 1190 697 actionum
1212 635 1261 713 ¹,
1299 621 1518 694 alium
1553 622 2024 722 quaesitorem,
2059 650 2203 696 non
2226 624 2469 698 eadem

376 764 732 841 tempora,
781 765 923 810 nou
972 737 1206 837 paria,
1260 736 1378 809 sed
1432 735 1818 837 periculum
1873 765 2052 836 par:
2105 740 2236 812 hoc
2291 740 2348 812 si
2396 742 2474 815 fit

380 859 646 931 actione
668 855 1117 958 injuriarum,
1142 879 1307 928 sane
1328 853 1639 951 aliquam
1662 853 2199 926 similitudinem
2217 855 2472 928 habere

378 973 709 1046 videatur.
738 973 1092 1070 Interrogo
1118 967 1309 1040 euim
1338 989 1440 1058 te,
1469 995 1559 1040 an
1584 967 1641 1039 si
1670 994 1831 1065 ege,
1865 968 1988 1066 qui
2021 989 2251 1042 tecum
2286 971 2475 1071 inju-

382 1088 642 1160 riarum
673 1086 780 1185 egi
800 1142 820 1177 ‚
854 1083 1067 1157 semel
1101 1082 1507 1185 objecissem
1543 1082 1677 1155 tibi
1701 1082 1833 1155 hoc
1858 1082 2048 1154 idem
2074 1085 2332 1156 crimen
2355 1141 2374 1175 ,
2410 1106 2478 1157 et

382 1224 458 1276 tu
493 1223 694 1275 antea
728 1197 1096 1274 damnatus
1129 1225 1275 1271 non
1310 1224 1524 1270 esses:
1563 1224 1743 1270 num
1777 1198 1999 1297 capite
2041 1199 2258 1271 fueris
2296 1199 2478 1299 peri·

382 1316 780 1392 clitaturus?
822 1343 1005 1404 non,
1050 1335 1130 1386 ut
1164 1313 1414 1413 opinor
1449 1340 1465 1384 :
1513 1339 1658 1384 non
1701 1339 1860 1411 ergo
1899 1340 2027 1410 ego
2064 1314 2233 1402 feci,
2284 1335 2363 1386 ut
2402 1333 2475 1385 tu

385 1435 600 1533 capite
628 1424 1138 1532 periclitareris}
1173 1428 1294 1500 sed
1332 1428 1476 1519 illi,
1508 1428 1631 1526 qui
1674 1449 1738 1500 te
1777 1449 1934 1501 ante
1966 1428 2070 1501 bis
2100 1429 2478 1501 damnave-

386 1571 567 1623 runt.
605 1552 851 1646 Neque
878 1547 1067 1619 enim
1095 1565 1520 1617 senectutem
1553 1544 1755 1617 affert
1786 1572 2107 1619 summus
2139 1546 2321 1635 dies,
2360 1546 2477 1618 sed

387 1665 638 1762 longus
675 1663 843 1735 ordo
878 1663 1065 1733 vitae:
1104 1688 1231 1734 nec
1265 1661 1667 1733 ebrietatem
1705 1662 1868 1734 facit
1906 1661 2028 1733 illa
2064 1663 2290 1762 potio,
2329 1684 2483 1764 post

387 1805 602 1877 quam
631 1777 1150 1849 concidendum
1182 1797 1319 1868 est,
1340 1777 1459 1849 sed
1489 1779 1976 1878 tempestivum
1998 1793 2022 1823 ²
2045 1779 2479 1872 convivium,

391 1912 462 1964 et
491 1891 781 1964 aviditas
805 1890 1030 1962 nimia
1058 1918 1072 1960 :
1113 1917 1256 1962 non
1296 1917 1456 1990 ergo
1494 1918 1652 1964 mea
1683 1893 1953 1965 actione
1986 1894 2313 1966 effectum
2348 1885 2480 1985 est,

394 2027 472 2078 ut
493 2005 1003 2107 periclitareris:
1029 2004 1152 2076 sed
1172 2004 1309 2076 illis
1331 2005 1740 2097 actionibus,
1760 2007 2014 2105 quibus
2028 2007 2175 2109 jam
2201 2007 2486 2080 damna-

394 2145 501 2195 tus
535 2150 627 2196 eS.
673 2124 810 2195 Sed
848 2121 1206 2195 absolutus
1242 2148 1437 2212 sum,
1478 2121 1740 2220 inquit,
1783 2124 1980 2196 tertio
2011 2151 2026 2195 :
2064 2123 2484 2216 viderimuS,

396 2261 740 2339 quantum
751 2238 884 2310 hoc
899 2238 984 2310 ad
1004 2237 1297 2337 gloriam
1313 2258 1503 2310 tuam
1519 2238 1887 2337 pertineat:
1909 2240 2185 2311 interim
2205 2239 2488 2312 damna-

396 2375 506 2426 tus
534 2380 605 2426 es
633 2353 879 2453 saepius
914 2380 929 2425 :
971 2352 1231 2424 etenim
1269 2351 1356 2424 de
1396 2352 1781 2451 petulantia
1815 2375 1934 2426 tua
1970 2353 2101 2426 hoc
2136 2352 2237 2424 illi
2274 2353 2487 2454 primi

323 2467 658 2569 ‘judices
698 2487 1092 2557 senserunt,
1125 2465 1258 2539 hoc
1294 2466 1582 2538 secundi
1626 2490 2032 2541 senserunt:
2072 2495 2261 2572 nunc
2296 2468 2488 2540 abso·
2592 2481 2603 2494 '

396 2581 583 2654 lutus
625 2608 717 2653 es.
760 2579 956 2652 Nihil
996 2580 1083 2652 de
1121 2579 1454 2680 religione
1498 2607 1781 2673 eorum,
1824 2582 1944 2680 qui
1987 2555 2492 2684 prontinciave-

400 2718 601 2789 runt,
640 2725 890 2798 querar
924 2724 937 2767 :
993 2718 1186 2771 erant
1227 2718 1502 2789 tamen,
1545 2725 1699 2798 quae
1740 2720 1807 2771 te
1849 2698 2299 2801 adjuvarent:
2347 2725 2488 2770 non

401 2813 573 2886 illud
624 2812 979 2886 dicebatur
1019 2813 1089 2883 in
1125 2813 1437 2914 judici03
1482 2816 1642 2884 Non
1689 2834 1786 2887 est
1826 2813 1941 2885 hic
1982 2803 2197 2902 talis,
2221 2813 2298 2884 iu
2350 2841 2490 2912 quo

406 2930 783 3028 petulantia
808 2929 1152 3002 credenda
1174 2930 1292 3020 sit3
1324 2928 1670 3002 modestos
1698 2957 1924 3003 mores
1947 2930 2193 3023 habet,
2220 2929 2492 3003 nemini

407 3071 719 3143 unquam
757 3044 916 3116 fecit
954 3044 1325 3144 injuriam:
1366 3045 1485 3117 sed
1526 3045 1885 3118 dicebatur
1911 3045 2129 3117 illud:
2167 3072 2308 3117 non
2338 3046 2489 3145 jam

408 3159 869 3261 injuriarum³
923 3158 1174 3258 petitur
1224 3157 1392 3230 ultio
1422 3187 1437 3229 :
1502 3160 1720 3259 capite
1779 3161 2284 3261 periclitaturus
2344 3182 2487 3233 est:

409 3277 675 3350 etiamsi
717 3276 891 3375 quid
934 3275 1325 3365 commisit,
1368 3276 1535 3347 satis
1576 3298 1812 3349 tamen
1849 3304 2212 3376 poenarum
2251 3279 2487 3350 dedit:

411 3391 556 3491 ipsa
608 3392 742 3490 hac
793 3389 1263 3464 sollicitudine
1311 3389 1894 3490 circumscripsisti
1948 3391 2494 3464 misericordiam

404 3506 773 3607 judicum,
811 3507 867 3578 si
906 3506 1203 3578 alterum
1239 3504 1532 3578 occisuri
1571 3526 1787 3579 erant.

490 3673 533 3706 ι.
567 3655 732 3708 Aliud
752 3675 914 3728 genus
938 3659 1222 3710 actionum.
1253 3653 1419 3707 Aliud
1569 3675 1615 3709 2.
1653 3658 2049 3728 Tempestivum.
2088 3657 2172 3712 Sic
2206 3676 2361 3729 supra
2394 3673 2494 3727 pro

408 3755 571 3813 genus
622 3736 884 3789 actionum
907 3779 925 3804 ,
978 3737 1127 3789 aliud
1176 3738 1417 3811 quoesito-
1495 3737 1886 3806 intempestivo.
1920 3740 2067 3789 Ριτιι.
2090 3736 2224 3789 vide
2256 3734 2325 3789 ad
2348 3732 2492 3786 Deel.

414 3835 527 3868 rum
541 3854 560 3882 ,
580 3814 780 3868 Schult.
800 3817 1019 3869 Simile?
1035 3817 1295 3889 dixitjam
1317 3815 1350 3865 ἰ.
1376 3815 1412 3867 l.
1496 3815 1686 3866 CCLx.
1708 3813 1871 3867 Gnou.

411 3897 561 3950 aliud
582 3915 748 3972 genus
766 3898 1063 3963 actionum,
1088 3896 1253 3949 alium
1281 3914 1420 3970 quoe-
1567 3894 1620 3947 3.
1657 3895 1779 3946 Non
1795 3899 1919 3969 jam
1958 3895 2285 3967 injuriarum.
2318 3891 2494 3945 AErod.

411 3978 650 4043 nitorem,
685 3979 814 4031 Obr.
842 4008 914 4019 -
939 3980 1064 4031 Non
1093 3976 1265 4048 paria.
1302 3976 1381 4026 An
1398 4013 1416 4041 .,
1497 3992 1604 4027 non
1631 3975 2186 4026 tamem—Poenarum
2209 3972 2360 4025 dedit.
2384 3972 2499 4023 Poe-

412 4055 590 4109 millia
625 4058 779 4129 paria
797 4059 824 4107 P
871 4074 936 4108 an
959 4093 976 4117 ,
1023 4053 1177 4106 nulla
1219 4054 1371 4125 paria
1393 4055 1420 4103 P
1499 4075 1683 4107 narum
1705 4057 1846 4109 dedit
1869 4057 1978 4128 ipsa
2009 4054 2107 4109 hae
2126 4052 2242 4109 soll.
2272 4056 2502 4107 Circum-

413 4139 620 4192 Deinde
644 4157 780 4191 nova
807 4136 1057 4209 periodo,
1079 4150 1136 4188 ut
1154 4138 1223 4189 sit
1245 4135 1420 4206 objec-
1497 4135 1737 4207 scripsisti
1755 4134 2401 4208 misericordiajudicium:
2417 4131 2503 4189 sed

418 4217 519 4279 1100,
537 4218 642 4270 Sed
654 4215 947 4289 periculum
962 4234 1079 4287 par.
1091 4216 1312 4269 Setun.
1500 4211 1726 4267 alterum
1749 4216 1964 4270 occisuri
1986 4225 2158 4278 erant,
2187 4212 2363 4266 AErod,
