3200 5117
751 580 869 620 too

1240 553 1332 615 Μ.
1382 547 1630 614 FABII
1676 543 2317 630 QUINTILIANI

742 674 1084 750 temeritas
1109 673 1371 746 miserit
1390 686 1439 762 ¹,
1465 670 1639 741 detis
1661 669 1895 740 locum
1924 664 2372 766 poenitentia-⁵3
2409 663 2818 764 permittatis

744 787 1135 876 emendari3
1172 786 1394 860 velitis
1430 784 1747 858 meliores
1780 782 1930 854 fieri
1962 782 2162 854 cives.

745 1062 1699 1092 mmmmmmm
1703 1053 2819 1081 mmmmmmmmm

1477 1260 2072 1337 CCLXVIH.

1202 1444 1451 1608 Orator
1462 1504 1512 1577 ⁹,
1548 1491 1871 1576 medicus,
1901 1486 2362 1590 philosophus

743 1667 1143 1756 Contendunt
1168 1704 1399 1767 orator,
1419 1691 1718 1766 medicus,
1746 1689 2155 1773 philosophus
2174 1692 2251 1752 de
2272 1692 2454 1752 bonis
2473 1694 2692 1774 patrie,
2712 1694 2820 1773 qui

823 1804 1182 1853 testamento
1200 1811 1342 1851 eum
1356 1787 1644 1849 heredem
1659 1788 1986 1873 reliquerat
1996 1834 2013 1863 ‚
2029 1790 2137 1871 qui
2151 1810 2213 1849 se
2227 1787 2541 1872 probasset
2557 1788 2820 1871 amplius

822 1887 1106 1973 prodesse
1127 1885 1381 1947 civibus.

1438 2063 1632 2128 ΠΕΟ
1647 2063 1702 2126 L
1716 2063 1994 2127 AMAT
2011 2061 2135 2127 ΕΟ.

844 2229 982 2296 Lex
1015 2222 1511 2312 contentioniS,
1548 2244 1617 2294 et
1646 2220 1982 2311 formula,
2015 2243 2081 2295 et
2107 2249 2318 2297 omne
2350 2225 2822 2323 praescriptum
2870 2319 2874 2324 ,

749 2368 829 2414 ex
864 2359 1271 2412 testamento
1310 2339 1520 2438 patris
1556 2337 1814 2436 pendet
1847 2366 1861 2409 :
1901 2340 2099 2439 cujus
2133 2339 2233 2411 vis
2271 2366 2416 2411 non
2454 2359 2554 2411 est
2591 2364 2673 2410 ea
2695 2339 2825 2429 ,ut

823 2506 842 2539 1
856 2528 866 2539 .
894 2488 1000 2542 Aut
1023 2491 1279 2543 teneritas
1304 2490 1514 2543 miserit.
1537 2487 1710 2541 Credo
1727 2526 1744 2553 ,

743 2571 788 2622 si
808 2568 1032 2641 ale'quem
1053 2571 1346 2642 reipublieoe
1367 2587 1508 2623 error
1525 2581 1622 2621 aut
1632 2569 1749 2641 for·

748 2659 898 2711 tuna,
919 2649 961 2699 si
978 2659 1076 2699 aut
1088 2647 1362 2700 consilium
1380 2660 1474 2700 aut
1494 2649 1750 2700 temeritas

748 2728 1024 2780 immiserit.
1049 2730 1164 2780 Hoc
1188 2742 1299 2794 est,
1326 2730 1371 2780 si
1399 2731 1516 2799 quis
1542 2747 1640 2800 per
1661 2747 1749 2780 er-

746 2825 920 2858 rorem
955 2819 1045 2858 aut
1076 2807 1345 2858 fortunam
1398 2820 1499 2859 etc.
1530 2826 1749 2879 rempu-

747 2883 939 2936 blicam
956 2886 1202 2937 invaserit
1212 2922 1230 2951 ‚
1246 2845 1577 2957 tyrff'nnidem
1592 2903 1749 2938 oecu-

748 2964 905 3034 parit.
939 2963 1100 3015 Geor«.
1134 2963 1243 3014 Aut
1272 2963 1530 3017 temeritas
1561 2976 1748 3035 tyran-

748 3062 879 3094 num
904 3043 1109 3096 miserit.
1136 3043 1313 3095 AErod.

821 3139 870 3173 2.
892 3121 1093 3174 Orator.
1114 3121 1334 3190 Quintil.
1351 3121 1514 3192 hujus
1532 3134 1750 3174 coutro-

749 3204 925 3256 versiae
944 3205 1181 3256 meminit
1191 3204 1317 3256 lust.
1332 3202 1549 3270 lib.vl1‚
1565 3221 1683 3274 cap.
1703 3221 1749 3270 1,

750 3280 1014 3351 §§.37-39:
1025 3282 1230 3335 «Multis
1242 3282 1471 3335 millibus
1482 3302 1749 3349 versuum,

756 3363 999 3432 «inquit,
1027 3366 1137 3414 scio
1169 3363 1314 3432 apud
1347 3363 1606 3434 quosdam
1636 3382 1750 3416 esse

688 3453 691 3458 ·
757 3440 1104 3510 «quamtum,
1138 3458 1246 3511 quo
1283 3439 1444 3494 modo
1486 3443 1753 3495 iuvenire-

758 3543 779 3567 κ
800 3537 935 3586 mus,
946 3533 1063 3572 utra
1080 3538 1200 3591 pars
1216 3520 1434 3574 deberet
1447 3523 1596 3592 prior
1611 3520 1752 3573 dice-

759 3621 781 3646 «
802 3618 889 3661 re;
917 3598 1063 3669 quod
1097 3602 1150 3651 in
1180 3601 1297 3652 foro
1315 3637 1332 3666 ‚
1360 3601 1443 3653 vel
1475 3604 1750 3654 atrocitate

760 3704 782 3728 a
803 3679 1182 3745 formularum,
1213 3680 1299 3733 vel
1338 3681 1497 3733 modo
1534 3684 1751 3754 petitio-

761 3784 783 3809 «
804 3779 959 3824 num,
979 3760 1059 3811 vei
1084 3760 1363 3812 novissime
1389 3774 1530 3813 sorte
1556 3759 1753 3831 dijudi—

762 3863 783 3888 α
803 3855 967 3894 catur.
998 3843 1057 3894 In
1086 3841 1267 3894 schola
1292 3844 1452 3915 quaeri
1476 3841 1606 3892 nihil
1631 3844 1752 3894 atti-

762 3945 784 3969 «
804 3925 970 3989 tinet,
998 3940 1162 3996 quum
1192 3925 1246 3975 in
1279 3922 1752 3976 declamationibus

761 4022 783 4046 σι
803 4000 988 4056 iisdem
1015 4019 1229 4054 narrare
1244 4037 1261 4068 ‚
1286 4016 1342 4062 et,
1360 4003 1750 4056 contractiones

761 4098 783 4121 ι
802 4077 1036 4144 solvere,
1065 4093 1172 4131 tam
1201 4079 1283 4150 ab.
1302 4093 1508 4146 actore,
1539 4098 1693 4153 quam
1720 4100 1754 4133 a

761 4177 1134 4228 «possessore,
1176 4179 1487 4215 concessum
1526 4164 1613 4214 sit.
1649 4162 1750 4215 Sed

1832 2508 1856 2534 a
1875 2491 1977 2541 uiri
1991 2490 2206 2561 quidem
2220 2504 2498 2562 potes13ut
2515 2491 2570 2542 in
2589 2490 2702 2554 illa,
2719 2492 2825 2559 Qui

1832 2589 1855 2613 κ
1873 2580 1978 2620 tres
2005 2567 2201 2621 liberos
2228 2568 2459 2622 habebat
2475 2607 2491 2634 ,
2525 2581 2789 2620 oratorem
2806 2606 2824 2634 ‚

1833 2670 1855 2696 ι
1875 2647 2283 2721 philosophum,
2318 2649 2579 2703 medicum
2594 2687 2612 2716 ,
2660 2662 2824 2702 testa-

1823 2725 1857 2773 ἰ
1876 2742 2057 2780 mento
2097 2742 2328 2800 quatuor
2361 2742 2538 2801 partes
2574 2729 2699 2780 fecit
2719 2765 2736 2794 ‚
2773 2741 2826 2779 et

1834 2827 1856 2852 κ
1877 2806 2109 2877 singulas
2126 2807 2343 2878 singulis
2357 2806 2524 2860 dedit:
2538 2826 2698 2859 unam
2713 2811 2825 2878 ejus

1834 2904 1857 2929 ι
1876 2901 1990 2937 esse
2016 2885 2214 2951 voluit,
2237 2887 2329 2958 qui
2357 2898 2494 2939 esset
2523 2886 2825 2939 utilissimus

1834 2983 1856 3008 ιι
1876 2963 2088 3015 civitati.
2106 2963 2472 3016 Contendunt:
2491 2965 2607 3034 quis
2621 2965 2824 3033 primus

1834 3063 1856 3086 ι
1876 3039 2017 3092 dicat
2036 3079 2054 3107 ‚
2087 3042 2346 3093 incertum
2376 3054 2488 3093 est:
2526 3042 2823 3112 propositio

1835 3141 1857 3166 «ι
1875 3134 2052 3173 tamen
2080 3134 2251 3173 certat
2285 3121 2352 3172 ab
2380 3140 2443 3173 eo
2473 3123 2644 3188 enim,
2673 3125 2828 3192 cujus

1833 3222 1857 3247 ι
1874 3219 2154 3273 personam
2168 3201 2451 3268 tuebimur,
2466 3202 2842 3274 incipiendum1

1836 3301 1858 3326 ι
1878 3281 1992 3331 erit.
2017 3302 2039 3327 υ
2068 3279 2133 3330 Et
2151 3298 2271 3351 cap.
2287 3280 2350 3347 4,
2372 3282 2421 3348 S.
2436 3280 2533 3349 39:
2557 3283 2827 3353 «Fingim-

1836 3382 1858 3407 ιι
1878 3373 1967 3412 tur
1993 3357 2045 3412 et
2076 3372 2423 3428 testamenta,
2453 3363 2507 3413 in
2539 3362 2728 3434 quibus
2761 3361 2826 3414 de

1836 3463 1859 3488 α
1878 3440 1993 3494 sola
2030 3456 2323 3513 quan-atur,
2355 3456 2415 3495 ut
2443 3444 2500 3494 in
2530 3458 2829 3496 coutrover-

1836 3545 1859 3568 α
1879 3524 1952 3574 sia
1966 3559 1984 3587 ,
2008 3541 2167 3593 quam
2187 3541 2347 3595 supra
2370 3526 2623 3595 exposui,
2648 3513 2700 3574 in
2722 3541 2828 3592 qua

1836 3622 1859 3645 α
1879 3599 1945 3651 de
1959 3613 2110 3670 parte
2122 3603 2426 3671 patrimonii
2441 3614 2623 3671 quarta
2634 3637 2651 3666 ‚
2668 3618 2828 3672 quam

1837 3700 1860 3725 α
1878 3692 2033 3751 pater
2049 3680 2355 3751 dignissimo
2381 3700 2444 3733 ex
2463 3681 2579 3732 filiis
2603 3680 2827 3752 relique·

1837 3784 1859 3808 ιι
1878 3773 1979 3826 rat,
1994 3763 2322 3816 contendunt
2335 3760 2707 3834 philosophus,
2722 3781 2830 3815 me·

1838 3863 1859 3888 a
1880 3840 2056 3909 diem,
2076 3855 2272 3895 orator.
2294 3868 2315 3890 ι
2339 3844 2419 3894 De
2441 3840 2543 3894 hac
2566 3857 2718 3916 parte
2740 3843 2827 3896 hic

1832 3926 2018 3993 agitur,
2046 3944 2153 3976 non
2182 3924 2249 3976 de
2274 3923 2517 3976 omuibus
2543 3924 2701 3977 bonis
2727 3944 2827 3996 pa·

1831 4006 2020 4056 ternis:
2045 4006 2117 4055 ait
2142 4006 2306 4067 enim,
2330 4015 2388 4054 ut
2407 4002 2569 4070 hane,
2590 4022 2742 4077 quant
2770 4005 2825 4056 in

1829 4083 2157 4134 contentione
2189 4081 2446 4154 reliquisse
2477 4083 2679 4136 videtur
2701 4100 2827 4154 par-

1829 4175 1960 4230 tem,
1995 4177 2093 4215 etc.
2128 4163 2307 4214 AEnoo.
2327 4162 2460 4214 Vide
2495 4177 2545 4217 et
2577 4165 2827 4216 Fortuna·

754 4261 776 4287 α
791 4240 851 4306 iu
869 4241 1103 4312 plurimis
1116 4245 1491 4299 controversiis
1510 4262 1582 4297 ue
1608 4245 1749 4298 iuve-
1827 4246 1951 4299 tian.
1975 4263 2100 4318 pag.
2126 4244 2212 4313 43.
2237 4243 2456 4299 Sanum.
