3200 5117
686 497 1525 595 DECLAMATIONES.
1570 526 2104 596 CCLXXXIII.
2320 532 2432 602 161

352 652 748 753 reipublicae
782 652 1188 749 dignitatem
1232 671 1531 724 tuemur.
1564 649 1855 724 Discede
1898 654 1988 725 ab
2029 654 2441 755 insipiente,

353 770 440 844 ab
479 770 747 858 insano.
784 767 918 840 Sed
952 793 1095 840 non
1130 793 1404 839 necesse
1437 764 1701 852 habeo,
1731 763 2034 865 judices,
2079 769 2200 842 diu
2243 799 2444 844 com-

351 886 685 960 mendare
712 883 905 957 vobis
938 882 1167 956 officia
1200 882 1464 971 civilia,
1499 881 1575 954 in
1611 881 1868 979 quibus
1896 882 2045 983 jam
2083 886 2202 960 diu
2241 889 2444 961 satis*

350 1000 508 1072 feci.
532 999 789 1072 Omnis
812 998 988 1070 mihi
1007 998 1180 1071 actio
1203 997 1277 1069 in
1303 995 1734 1096 dispicienda
1752 996 1889 1069 vita
1914 999 2040 1070 filii
2068 1003 2283 1099 posita
2307 1025 2439 1077 est:
2491 1009 2498 1017 ’

349 1115 573 1187 videte
592 1172 612 1205 ,
641 1135 718 1186 ut
744 1113 882 1187 alia
911 1135 1176 1187 taceam
1194 1169 1213 1203 ,
1250 1112 1575 1185 habitum
1610 1112 1883 1212 ipsum:
1917 1135 2187 1187 caeteros
2216 1119 2439 1212 enim,

353 1257 528 1329 quos
568 1229 892 1302 abdicant
938 1251 1200 1329 patres,
1239 1228 1388 1300 sine
1432 1229 1821 1300 narratione
1870 1230 2091 1329 culpae
2130 1232 2444 1305 abdicare

352 1370 497 1417 non
528 1366 811 1444 possunt
834 1359 890 1416 ¹:
929 1344 1001 1414 in
1032 1343 1163 1416 hoc
1195 1342 1337 1414 filio
1371 1343 1526 1414 satis
1560 1363 1660 1414 est
1688 1343 1776 1414 ad
1810 1342 2051 1416 odium
2074 1402 2093 1434 ‚
2122 1344 2445 1419 habitum

353 1458 734 1556 ostendere.
770 1457 953 1548 Quis
983 1477 1084 1528 est
1113 1457 1232 1528 iste
1265 1456 1389 1526 filii
1425 1454 1746 1527 habitus?
1778 1482 1930 1555 quae
1959 1458 2235 1531 sordes?
2274 1460 2448 1559 quid

353 1576 530 1648 mihi
575 1575 758 1649 hanc
803 1575 1137 1646 invidiam
1185 1573 1399 1662 facis,
1448 1592 1529 1643 ut
1571 1600 1791 1670 quum
1843 1574 2095 1647 habeas
2137 1598 2447 1676 patrem,

353 1689 592 1762 cibum
636 1692 723 1762 ab
763 1689 915 1760 aliis
952 1686 1226 1786 petas²?
1252 1686 1595 1760 Adversus
1638 1688 1990 1762 fortunam
2033 1710 2099 1762 te
2134 1718 2443 1766 exerces:

353 1804 526 1903 quid
560 1804 751 1876 enim
793 1800 1103 1874 accidere
1137 1801 1408 1897 gravius
1436 1801 1697 1900 potest?
1731 1803 1983 1901 frigus,
2020 1806 2280 1879 famem
2315 1836 2445 1908 pa-

352 1920 546 2009 teris,
584 1944 671 1989 ne
705 1914 988 2015 quando
1016 1914 1376 1987 accidant?
1417 1936 1481 1987 et
1522 1916 1679 2004 ideo
1720 1917 1985 2018 aliquid
2029 1922 2309 2019 pateris,
2355 1950 2444 1997 ne

349 2033 637 2135 quando
672 2032 1078 2131 patiendum
1110 2030 1236 2103 sit?
1264 2034 1406 2103 Vos
1434 2058 1590 2105 vero
1622 2060 1800 2108 novo
1829 2062 2078 2133 genere
2108 2039 2445 2134 ambituS,

349 2148 828 2221 adorationem
883 2147 1161 2220 miseria
1210 2149 1528 2247 captatis:
1579 2149 1745 2223 inde
1797 2152 1914 2223 illa
1964 2154 2446 2254 impudentia,

349 2262 543 2361 quod
589 2262 1073 2336 verecundiam
1121 2264 1300 2336 inter
1340 2264 1640 2336 crimina
1688 2268 1973 2364 ponitis»,
2031 2289 2101 2340 et
2142 2271 2447 2370 appella-

345 2379 610 2452 tionem
659 2405 939 2477 quoque
987 2377 1284 2477 passim-³
1333 2406 1558 2479 nuper
1610 2380 1915 2454 dedistis.
1974 2384 2231 2457 Omnis
2283 2414 2441 2460 vero

348 2494 802 2595 philosophiae
836 2494 1201 2568 tractatus‘*
1232 2495 1500 2568 alienus
1533 2498 1846 2570 moribus
1877 2520 2119 2571 nostrae
2149 2499 2439 2584 civitatis

349 2633 486 2684 est:
522 2632 759 2682 tamen
795 2610 1038 2710 utique
1074 2611 1462 2710 placuerat:
1500 2640 1738 2684 nonne
1777 2614 1928 2685 aliae
1962 2636 2161 2686 sectae
2188 2614 2440 2716 justio-

264 2741 270 2754 ’
352 2725 899 2799 res?attenderes
930 2726 1259 2826 physicis:
1299 2756 1663 2827 quaerereS,
1697 2751 2025 2802 utrumne
2059 2731 2240 2829 ignis
2272 2755 2442 2807 esset

348 2840 628 2915 initium
667 2870 945 2931 rerum3
975 2871 1065 2915 an
1090 2872 1246 2917 vero
1278 2848 1566 2920 minutis
1597 2847 1820 2921 editus
1855 2869 1921 2920 et
1950 2847 2437 2923 ⁵mirabilibus

353 3059 376 3084 ιι
395 3052 484 3090 aut
515 3040 607 3110 qui
642 3041 886 3112 cynicum
918 3038 1060 3112 apud
1095 3059 1344 3094 censores

356 3139 378 3163 ο·
395 3137 541 3171 rcum
563 3119 629 3172 de
650 3119 886 3173 moribus
910 3122 1033 3173 facit
1048 3160 1062 3186 ‚
1084 3141 1246 3194 quum
1270 3136 1347 3174 to·

355 3220 379 3243 ι
399 3211 510 3250 tum
531 3203 724 3253 crimen
746 3221 856 3254 uno
878 3201 1071 3264 verbo,
1096 3204 1151 3255 in
1175 3202 1347 3274 quaii-

355 3276 491 3330 εδει
534 3282 748 3334 actionis
787 3297 939 3353 parte
974 3284 1184 3355 posito,
1219 3283 1345 3337 satis

354 3380 378 3404 ι
398 3358 691 3414 indicetur?
710 3387 733 3409 ι
763 3364 940 3415 AEnon.

427 3458 445 3492 1
458 3481 469 3493 .
486 3441 610 3493 Sine
624 3447 917 3497 narratione
929 3441 1097 3515 culpoe
1107 3443 1347 3496 abdicare

341 3536 453 3571 non
484 3530 711 3590 possunt.
740 3522 857 3574 vid.
896 3517 1042 3573 Petit.
1078 3521 1147 3574 ad
1182 3523 1344 3593 Leges

338 3600 542 3651 Atticas
566 3600 640 3665 n,
664 3599 772 3653 tab.
800 3618 846 3666 1,
869 3619 989 3672 pag.
1021 3602 1132 3671 137.

413 3693 460 3728 2.
477 3677 653 3730 Cibum
671 3691 832 3750 petas.
850 3679 908 3730 ld
929 3692 1036 3745 est,
1054 3678 1339 3732 mendicem

340 3755 495 3809 ovid.
516 3758 650 3824 Ibin,
672 3777 691 3809 1
708 3777 766 3811 12
788 3781 800 3809 ε
830 3781 853 3805 ι
872 3761 1235 3831 Exiguumque.
1253 3780 1341 3831 pe·

345 3847 471 3887 ctas
505 3855 595 3889 ore
627 3853 883 3893 tremente
913 3841 1108 3893 cibum.
1131 3865 1153 3888 ιι
1192 3842 1340 3894 Deci.

336 3915 704 3971 ccclxvm:
737 3944 760 3969 ι
778 3925 899 3974 Haec
928 3924 977 3974 ei
1007 3925 1136 3992 petit
1165 3922 1341 3974 cibum

343 4015 367 4040 α
386 3999 533 4062 soni,
570 4000 654 4050 cui
692 4000 850 4052 alieni
890 4002 1198 4072 porrigunt;
1220 4025 1242 4048 ι
1289 4015 1343 4053 ct

333 4076 532 4144 passim
562 4078 712 4148 apud
743 4080 896 4132 aiios.
929 4082 1007 4131 lta
1035 4078 1178 4133 aiem
1207 4079 1341 4146 ἄρτον

332 4154 524 4210 Grecis
537 4179 550 4209 ε
565 4159 717 4213 v.'l·h.
731 4163 874 4232 Mag.
890 4164 944 4213 in
960 4160 1198 4226 ὼοῧμειι.
1214 4164 1338 4214 Βυιι.

403 4235 455 4292 3.
474 4238 551 4291 Ee
562 4241 977 4315 appellationem
996 4262 1207 4318 quoque
1221 4263 1340 4316 pas·

1424 3045 1538 3096 sim.
1566 3042 1814 3096 AErodius
1839 3046 2035 3097 inserto
2061 3043 2356 3096 vocabulo:
2383 3055 2435 3096 et

1428 3122 1718 3173 timiditatis
1753 3120 2160 3192 appellationem
2204 3141 2428 3195 quoque.

1425 3198 1570 3249 Nihil
1595 3217 1828 3268 agnosco
1854 3202 2049 3250 sanius.
2076 3200 2262 3251 Forte:
2289 3202 2431 3272 quod

1426 3280 1782 3331 verecundiam
1818 3281 1954 3330 inter
1982 3279 2203 3331 crimina
2236 3283 2430 3350 ponitis

1424 3370 1475 3410 et
1495 3359 1845 3430 appellan'one
1867 3378 2074 3431 quoque
2095 3361 2290 3414 dudum
2312 3384 2426 3436 pes—

1422 3439 2069 3512 sumdedistisae'assumpto
2102 3443 2301 3497 scilicet
2335 3464 2426 3519 cy-

1423 3517 1664 3569 nicorum
1689 3520 1900 3569 nomine
1919 3518 1987 3570 ab
2012 3539 2202 3573 canum
2222 3525 2427 3583 iuven-eff·

1423 3597 1635 3650 cundia.
1659 3601 1822 3652 Gnon.
1846 3601 2216 3672 Appellatione
2237 3624 2287 3676 q.
2315 3608 2426 3676 ipsa

1417 3680 1606 3752 passim
1617 3717 1632 3743 ,
1647 3698 1748 3730 non
1767 3699 1934 3753 nuper
1942 3684 2191 3735 derisistis.
2205 3685 2422 3736 Senem-r.

1420 3763 1610 3825 Forte,
1637 3761 2041 3833 appellationem
2069 3782 2275 3836 quoque
2302 3783 2427 3836 pas-

1419 3842 1514 3892 sim
1538 3840 1782 3912 superbia:
1804 3842 2040 3894 edidistis.
2069 3844 2235 3893 Ruunt.

1492 3922 1539 3988 4.
1551 3922 1958 3974 Tractaeus.vid.
1974 3922 2041 3973 ad
2058 3924 2180 3973 inst.
2202 3922 2292 3975 lib.
2308 3925 2424 3994 XII,

1425 4019 1484 4066 a,
1513 4002 1600 4054 16.
1627 4014 1678 4051 et
1701 4019 1924 4072 prooem.
1954 3999 2042 4051 lib.
2068 4001 2212 4064 vm,
2238 4002 2287 4054 5.

1493 4079 1541 4131 5.
1578 4079 1914 4132 Mirabilibus.
1955 4079 2037 4131 At.
2073 4079 2424 4135 innumerabi-

1420 4159 1568 4226 libus,
1581 4159 1661 4211 vel
1677 4159 2046 4227 insecabilibus,
2062 4180 2223 4233 marg.
2244 4164 2417 4219 AErod.

1419 4241 1638 4296 minutis
1649 4280 1669 4309 ‚
1682 4256 1734 4297 et
1747 4241 2224 4313 innumerabilibus,
2242 4245 2422 4300 mallet

2113 4347 2168 4383 11
