3200 5117
837 542 1672 612 DECLAMATIONES.
1719 545 2021 615 eccm.
2351 553 2470 636 247
2546 493 2550 502 ⁸

392 686 702 740 testatem
725 667 849 742 tibi
871 668 1020 743 vitae
1037 695 1116 741 ac
1137 669 1322 742 necis
1340 670 1447 741 lex
1464 668 1673 744 dedit.
1691 670 1884 744 Ultra
1904 698 2202 771 reguum
2227 698 2439 743 omne
2453 727 2471 760 ,

398 780 573 856 ultra
602 783 1044 879 tyrannidem
1079 811 1365 856 omnem
1401 805 1533 872 est,
1574 783 1707 855 hoc
1738 784 1857 858 diu
1896 785 2116 858 licere.
2148 786 2477 858 Fulmina

397 894 543 993 ipsa
572 897 893 972 velociter
932 899 1229 971 cadunt:
1271 899 1482 971 habet
1522 899 1740 974 finem
1777 899 2083 998 aliquem
2116 923 2472 1000 exspecta-

394 1007 598 1082 tionis
660 1013 914 1084 securis
969 1012 1085 1086 illa
1134 1012 1492 1088 carnificis.
1550 1012 1622 1084 Si
1678 1033 1972 1085 mortem
2023 1034 2356 1112 optasses,
2408 1036 2474 1088 et

395 1127 668 1227 nuptias
700 1149 931 1227 optare
959 1129 1202 1220 velles,
1240 1129 1559 1204 videreris
1588 1129 1799 1204 etiam
1829 1130 2053 1203 facere
2091 1151 2329 1204 contra
2365 1131 2471 1204 le-
2530 1186 2534 1190 -

397 1267 596 1337 gem:
630 1264 697 1316 et
722 1265 929 1335 esset,
968 1245 1089 1342 qui
1125 1245 1414 1333 diceret3
1450 1265 1609 1318 ante
1633 1244 2120 1333 deliberasses,
2156 1266 2315 1336 ante
2339 1245 2478 1318 dis-

396 1356 719 1453 pexisses;
755 1359 1010 1432 emissa
1036 1386 1165 1432 vox
1191 1380 1324 1449 est,
1358 1379 1762 1457 potestatem
1793 1379 1987 1432 tuam
2017 1360 2164 1457 ipsa
2196 1372 2211 1403 ¹
2235 1358 2473 1434 finisti:

397 1497 590 1543 nunc
615 1498 772 1545 vero
797 1501 1021 1572 quum
1050 1473 1389 1573 optaveris
1416 1473 1726 1571 nuptias»,
1752 1496 2051 1548 mortem
2079 1495 2315 1573 optare
2343 1474 2474 1546 vis:

396 1613 549 1683 quae
591 1588 719 1663 ista
758 1588 848 1660 ad
890 1588 1367 1662 crudelitatem
1410 1588 1812 1687 poenitentia
1853 1588 1995 1662 est?
2037 1589 2378 1663 Intellexit
2415 1611 2481 1662 et

400 1703 570 1801 ipsa,
598 1730 819 1803 quam
838 1731 1121 1791 saevum,
1144 1731 1359 1803 quam
1384 1703 1661 1780 crudele
1691 1705 1811 1778 sit:
1841 1706 1998 1805 plus
2024 1705 2214 1780 enim
2243 1727 2480 1806 postea

400 1819 567 1890 mali
611 1819 788 1892 feci?
828 1820 1181 1919 ignovisti,
1218 1819 1406 1916 quod
1448 1846 1849 1919 rapueram:
1901 1822 2250 1919 ignovisti,
2287 1823 2475 1920 quod

398 1933 818 2006 abstuleram
845 1934 1308 2033 virginitatem
1334 1961 1348 2005 ε
1379 1935 1524 2007 haec
1551 1935 1815 2034 nuptiis
1840 1935 2224 2008 oestimasti:
2260 1958 2479 2010 morte

400 2045 695 2116 aestimas
721 2046 1230 2118 verecundiam.
1277 2047 1521 2142 Neque
1564 2073 1725 2144 ego,
1760 2074 1982 2146 quum
2019 2073 2134 2119 me
2176 2048 2483 2146 rapuisse

402 2183 766 2254 negarem,
815 2159 1095 2257 nuptias
1140 2178 1292 2230 tuas
1342 2158 1794 2232 recusabam:
1826 2160 2147 2231 volebam
2191 2160 2480 2251 ducere,

403 2300 545 2346 non
590 2296 949 2375 tamquam
991 2296 1265 2374 raptor:
1309 2303 1533 2373 quum
1577 2303 1690 2347 me
1733 2276 1863 2348 hoc
1906 2277 2116 2348 modo
2164 2296 2480 2374 putarem

399 2502 720 2574 animum
752 2524 956 2575 tuum
982 2503 1207 2595 volui,
1239 2530 1327 2576 ne
1357 2503 1755 2575 irascereris,
1799 2503 1931 2575 Sed
1962 2523 2028 2574 et
2055 2503 2186 2601 ipsi
2209 2504 2479 2603 judices

400 2618 529 2690 hoc
580 2618 1254 2717 pronunciaverunt,
1296 2618 1429 2691 hoc
1476 2637 1984 2718 spectaverunt:
2025 2617 2476 2718 quaestionem

400 2732 590 2803 enim
619 2732 827 2805 fuisse
861 2755 1062 2832 putas
1085 2790 1104 2822 ,
1139 2760 1228 2806 an
1265 2760 1391 2832 ego
1432 2731 1809 2832 rapuissem
1829 2790 1849 2824 ,
1881 2759 2105 2829 quum
2138 2759 2265 2832 ego
2296 2731 2481 2805 dic'e-

403 2874 587 2919 rem:
623 2875 765 2921 non
793 2848 1026 2947 rapui,
1057 2875 1200 2921 non
1226 2847 1299 2919 hi
1327 2874 1552 2920 mores
1582 2869 1747 2920 sunt
1777 2848 1955 2938 mei,
1985 2849 2274 2920 honeste
2303 2874 2481 2920 sem-

403 2988 523 3060 per
556 2961 724 3052 vixi,
772 2963 1129 3061 frugaliter
1160 2963 1336 3035 vixi:
1382 2988 1534 3061 quae
1573 2963 1885 3060 probatio
1921 2961 2130 3062 hujus
2172 2961 2480 3033 criminis

408 3076 590 3149 mei?
629 3078 781 3176 quis
814 3078 1082 3151 testis²?
1118 3076 1544 3150 Dicebantur
1573 3077 1691 3149 illa
1724 3099 2003 3150 contra:
2041 3077 2479 3177 periclitariS,

412 3241 436 3268 ι
450 3219 787 3276 denuntiem
807 3222 1022 3294 quidem
1039 3223 1306 3294 compesci
1323 3222 1402 3276 ul·
1488 3243 1511 3268 ι
1528 3223 1698 3293 possit
1711 3222 1898 3274 semel:
1913 3222 2003 3292 qui
2019 3233 2198 3292 potest
2211 3220 2453 3275 occidere
2465 3262 2482 3289 ,

410 3322 432 3346 ι
452 3314 532 3352 tra
557 3303 731 3355 omnia
752 3301 1049 3355 videbatur.
1071 3325 1094 3348 ιι
1488 3325 1509 3348 ιι
1530 3303 1696 3373 possit
1726 3301 1916 3354 semel:
1945 3313 2037 3354 aut
2069 3301 2113 3352 si
2145 3319 2249 3373 qua
2275 3304 2480 3356 iteratio

480 3394 522 3430 1.
558 3379 867 3433 Potestatem
904 3390 1047 3432 tuam
1083 3380 1193 3452 ipsa
1209 3376 1398 3451 finisti.
1488 3405 1510 3428 a
1530 3381 1693 3453 recipi
1745 3394 1921 3452 potest
1943 3419 1961 3447 ,
2015 3382 2067 3433 in
2123 3382 2481 3451 poenitentiam

384 3448 598 3512 'Seneca
617 3479 681 3513 ex
697 3458 887 3513 Publio
903 3461 1196 3531 Asprenate
1212 3480 1226 3511 ε
1253 3481 1276 3505 ι
1291 3460 1405 3531 Op-
1487 3482 1510 3507 ι
1531 3459 1713 3511 mortis
1732 3457 2033 3531 recipienda
2051 3471 2145 3510 est.
2168 3483 2190 3506 a·
2214 3460 2395 3515 AEuon.
2410 3491 2483 3502 --

407 3558 430 3582 σι
452 3538 523 3588 tio
538 3576 556 3605 ,
579 3541 786 3611 inquit,
814 3538 977 3592 semel
1009 3536 1196 3610 puellae
1229 3537 1401 3605 datur,
1482 3539 1610 3592 Hoec
1631 3537 1840 3609 nuptiis.
1869 3537 2024 3590 Hanc
2048 3537 2278 3609 nuptiis,
2300 3539 2480 3592 AErod.

406 3637 428 3661 α
448 3614 789 3668 immutabilis
804 3630 909 3669 est:
925 3615 1085 3669 semel
1101 3617 1289 3670 emissa
1303 3629 1399 3669 est.
1483 3613 1683 3668 Schult.
1708 3645 1780 3656 -
1797 3617 1992 3668 Ducere
2005 3655 2021 3680 ,
2064 3635 2165 3670 non
2215 3628 2482 3690 tamquam

408 3713 431 3736 ιι
449 3692 619 3746 ludex
636 3713 799 3766 quam
820 3693 938 3748 tulit
955 3693 1023 3747 de
1040 3713 1133 3747 reo
1154 3694 1405 3747 tabellam
1484 3705 1679 3766 raptor.
1703 3695 1965 3765 Hispanus
1991 3693 2291 3759 Cornelius,
2321 3716 2344 3740 ι
2359 3695 2482 3747 Νοιι

410 3792 433 3817 ⁸
452 3789 699 3826 revocare
725 3791 836 3827 non
865 3787 1059 3848 potent.
1080 3797 1107 3822 n
1134 3777 1251 3828 Huc
1283 3793 1405 3847 peu·
1490 3794 1513 3819 ι
1533 3770 1861 3837 subducere,
1893 3773 2061 3843 iuquit
2078 3809 2095 3838 ‚
2123 3773 2369 3824 maritum
2393 3790 2484 3824 vo-

402 3847 551 3908 tinet.
575 3847 610 3900 Ι.
636 3851 779 3922 apud
800 3851 1087 3908 Aufidium.
1114 3866 1183 3908 st.
1212 3851 1279 3904 de
1308 3870 1403 3924 op-
1486 3876 1512 3900 a·
1531 3851 1635 3918 lui,
1659 3851 1755 3906 sed
1777 3851 2134 3904 honestiorem
2155 3850 2299 3903 dare.
2321 3874 2345 3899 ο
2370 3852 2481 3905 AEn.

402 3928 495 3982 tie.
522 3927 659 3999 lega.
693 3930 730 3983 1.
766 3933 902 3986 servi
934 3930 1209 3986 electione.
1243 3932 1303 3984 ff.
1339 3931 1405 3984 de
1558 3950 1607 3984 2.
1631 3932 1760 4002 Quis
1789 3931 1953 3983 testis?
1975 3931 2099 3999 Quis
2130 3930 2262 3981 testis
2288 3930 2483 3984 diceba·

399 4004 536 4076 lega.
565 4007 657 4062 lib.
692 4028 738 4075 1,
764 4010 800 4062 l.
832 4013 877 4064 si
900 4012 1039 4081 quis,
1066 4010 1126 4062 ff.
1157 4008 1223 4061 de
1244 4008 1405 4062 verbo
1486 4012 1603 4062 tur?
1621 4008 1755 4077 ma,
1774 4018 1984 4071 contra,
2004 4005 2337 4061 (Erotio—Et
2350 4009 2487 4063 male

402 4083 618 4156 obligat.
640 4088 822 4141 AEaon.
841 4118 914 4132 —-
936 4089 1063 4158 Quoe
1086 4089 1183 4140 ista
1203 4087 1274 4140 ad
1294 4107 1408 4140 oru-
1487 4100 1672 4142 tecum.
1697 4090 1811 4141 Nec
1840 4085 1979 4139 male
2011 4098 2046 4138 t.
2084 4105 2133 4138 a.
2167 4087 2382 4141 Senum.
2412 4118 2485 4129 -

326 4187 361 4240 Q
400 4164 984 4240 deliratempoenitentia
1003 4172 1108 4223 est?
1126 4170 1325 4224 Seneca
1345 4189 1407 4223 ex
1483 4168 1700 4240 Nuptioe
1720 4178 1838 4222 sunt
1862 4167 1928 4219 de
1949 4167 2126 4239 quibus
2153 4164 2337 4243 litiyas.
2368 4171 2484 4223 Hoc

404 4244 644 4302 Albanio:
668 4267 691 4295 a
706 4249 815 4317 Qui
827 4259 1007 4320 potest
1025 4247 1405 4310 condemnare,
1487 4261 1597 4312 est,
1636 4267 1746 4301 non
1785 4261 1837 4300 te
1868 4259 2130 4318 raptorem
2167 4267 2282 4304 etse
2318 4250 2485 4303 abue-
