3200 5117
1218 542 1312 606 M.
1362 539 1615 604 mel-1
1661 499 2300 621 QU1N'T1'L1AN1

718 663 1029 764 pediret?
1075 664 1143 735 Ο
1188 663 1436 734 misera
1475 660 1824 734 conditio!
1881 688 2138 760 magna
2183 664 2588 737 necessitate
2638 659 2814 736 victa

718 780 995 853 libertas
1014 800 1147 851 est:
1169 799 1336 851 tunc
1358 798 1802 877 rogaverunt3
1829 778 2050 851 donec
2070 779 2191 851 iste
2212 781 2510 854 crudelis
2527 781 2810 872 lanista,

720 896 1135 987 concurrite,
1157 895 1420 995 inquit,
1443 916 1509 967 et
1527 895 1683 967 istas
1706 895 2111 968 innocentes
2133 924 2383 970 manus
2403 898 2810 972 committite

721 1011 1098 1111 prudentes
1130 1026 1176 1103 ¹3
1233 1037 1376 1084 non
1430 1011 1786 1109 continget
1839 1011 2330 1084 innocentibus
2377 1013 2555 1086 mori
2593 1042 2607 1085 :
2658 1041 2811 1113 quae

721 1131 1136 1202 miserorum
1185 1129 1362 1202 inter
1407 1128 1614 1201 binos
1665 1147 1893 1200 metus
1940 1127 2457 1200 cunctationes?
2502 1128 2814 1201 occidere

721 1244 929 1317 coacti
959 1266 1118 1318 sunt
1139 1271 1286 1336 eos,
1307 1271 1612 1344 quorum
1643 1243 2171 1317 miserebantur.
2189 1244 2386 1335 Quid
2413 1270 2540 1342 ego
2563 1244 2816 1316 faciem

716 1359 1083 1431 tristissimi
1123 1359 1315 1431 illius
1346 1357 1679 1458 temporis
1708 1358 2028 1431 narrem?
2061 1359 2235 1456 quid
2267 1357 2600 1430 vulnera?
2633 1358 2811 1456 quid

721 1475 1182 1574 sanguinem?
1214 1476 1395 1574 quid·
1421 1475 1766 1574 gemitus?
1802 1496 1876 1547 tu
1918 1475 2158 1548 saltem
2201 1477 2480 1548 fortuna
2514 1476 2812 1548 melius:

723 1617 867 1662 uno
906 1611 1197 1690 uterque
1239 1592 1427 1663 fato²
1464 1588 1668 1691 jacet.
1698 1592 1802 1661 Te
1837 1611 2072 1663 tamen
2099 1647 2117 1682 ‚
2162 1590 2384 1680 dives,
2427 1591 2812 1690 interrogo,

723 1706 896 1803 quid
935 1706 1020 1778 de
1055 1695 1177 1780 illo
1213 1708 1520 1779 facturus
1550 1708 1803 1798 fueris,
1843 1708 1964 1807 qui
1999 1707 2486 1806 superfuisset?
2521 1707 2651 1779 hoc
2679 1726 2815 1794 est,

719 1848 929 1920 puras
962 1849 1212 1895 manus
1244 1822 1544 1895 habere?
1578 1823 1710 1894 hoc
1749 1822 1952 1895 nobis
1986 1850 2109 1922 pro
2141 1823 2537 1896 innocentia
2576 1823 2817 1921 impu-

723 1935 868 2009 tas?
898 1959 1271 2010 nocentem
1303 1937 1521 2010 fecisti
1553 1936 1778 2036 ipsam
1812 1935 2286 2009 infelicitatem
2317 1963 2332 2008 :
2365 1959 2431 2010 et
2455 1959 2819 2038 tamquam

724 2077 975 2151 parum
1004 2074 1177 2125 esset
1200 2054 1469 2154 exigere
1501 2080 1744 2153 poenas
1762 2112 1781 2144 ,
1812 2053 2155 2152 supplicia
2183 2054 2532 2127 infamasti
2552 2112 2571 2144 ‚
2603 2053 2677 2124 id
2706 2053 2821 2125 de-

724 2166 943 2263 nique
986 2168 1266 2268 coegisti
1284 2168 1338 2258 3,
1383 2169 1573 2269 quod
1617 2167 1990 2241 defendere
2032 2195 2177 2240 non
2220 2169 2638 2267 potuissent,
2684 2165 2820 2238 nisi

727 2285 964 2358 coacti.
992 2286 1238 2388 Injusti
1272 2286 1596 2388 supplicii
1630 2312 1803 2385 ago:
1841 2313 1984 2359 non
2015 2307 2114 2358 est
2147 2286 2324 2357 mihi
2354 2286 2459 2357 lex
2492 2286 2823 2384 interpre-

727 2399 977 2471 tanda:
1015 2428 1227 2473 omne
1270 2402 1609 2504 injustum
1652 2400 2075 2501 supplicium
2120 2420 2253 2492 est,
2304 2400 2494 2497 quod
2537 2426 2680 2472 non
2723 2418 2825 2471 est

730 2533 1041 2587 exactum
1069 2518 1454 2590 secundum
1484 2517 1749 2615 legem:
1784 2516 1872 2588 da
1897 2516 2107 2615 igitur
2126 2515 2243 2617 jus
2273 2515 2484 2604 mihi,
2521 2539 2659 2611 quo
2695 2538 2813 2611 pe-

730 2630 862 2703 rire
883 2630 1279 2703 debuerint.
1300 2634 1650 2706 Exsmffim
1681 2652 1903 2703 mrim
1921 2649 2126 2702 rums
2154 2648 2409 2702 mcm'r
2430 2644 2818 2700 ocmnnnn:

731 2746 918 2844 quod
940 2747 1103 2820 satis
1124 2767 1246 2837 est,
1267 2773 1411 2819 non
1436 2746 1748 2819 occidisti
1769 2775 1784 2818 :
1809 2743 2156 2843 quidquid
2180 2742 2374 2817 aliud
2401 2743 2658 2813 factum
2690 2757 2818 2827 est,

722 562 848 609 220

732 2969 930 3040 aliquid
945 2968 1175 3034 deesset3
1192 2970 1286 3023 sed
1300 2985 1442 3024 recte
1451 2972 1530 3025 Cl.
1547 2970 1737 3025 Schul-
1815 2968 1893 3022 hie
1919 2970 2067 3022 fuere
2081 3006 2098 3035 ‚
2126 2970 2248 3039 quia
2271 2964 2578 3038 imprudens
2600 2959 2825 3014 homici-

731 3049 925 3118 tingius
957 3048 1087 3100 nihil
1120 3048 1303 3103 deesse
1334 3063 1518 3117 notat,
1549 3052 1625 3104 sic
1651 3070 1732 3122 pr.

730 3127 879 3179 Deci.
910 3150 931 3173 ιι
953 3129 1247 3196 AEstimate‚
1264 3128 1501 3200 jndices,
1522 3128 1653 3201 quid
1679 3132 1739 3181 ti·

736 3229 759 3253 «
780 3211 1020 3262 muerint.
1043 3233 1065 3258 n
1109 3240 1179 3249 --
1220 3212 1371 3264 Tunc
1407 3223 1732 3285 roqaverunt.

731 3283 952 3350 Quintil.
968 3287 1058 3340 lib.
1078 3290 1164 3355 w,
1183 3308 1247 3342 ex
1264 3290 1522 3342 Cicerone
1539 3292 1593 3341 in
1609 3293 1738 3343 Ver·

732 3382 871 3430 rem,
895 3383 1156 3417 summum
1178 3370 1343 3419 virum
1366 3367 1595 3421 ostendit
1609 3406 1627 3434 ‚
1648 3370 1738 3439 qui

732 3458 899 3513 quum
927 3446 1082 3513 virgis
1114 3444 1415 3511 caederetur,
1444 3465 1555 3497 non
1584 3448 1737 3517 inge-

732 3525 951 3592 muerit,
971 3543 1081 3575 non
1100 3528 1390 3597 rogaverit:
1418 3527 1511 3580 sed
1529 3540 1734 3579 tantum

733 3605 903 3657 civem
937 3623 993 3657 se
1026 3625 1305 3659 romanum
1336 3627 1448 3661 esse
1467 3645 1481 3672 ‚
1513 3627 1635 3660 cum
1659 3608 1736 3660 in·

730 3682 872 3735 vidia
898 3684 1143 3738 caedentis
1172 3700 1222 3738 et
1254 3684 1444 3739 fiducia
1469 3687 1603 3756 juris
1630 3686 1738 3739 cla-

731 3767 968 3819 maverit.
998 3768 1174 3821 AEnon.
1201 3769 1365 3838 Lege:
1393 3768 1502 3819 Diu
1532 3786 1739 3840 rogave-

733 3857 871 3900 runt.
902 3847 1069 3901 Gaon.

812 3945 855 3980 t.
882 3930 1194 3982 committite
1213 3928 1518 4001 prudentes,
1539 3949 1606 3981 ne
1624 3948 1742 3982 con-

736 4008 903 4081 tingat
942 4010 1294 4064 innocentibus
1329 4012 1477 4063 mori.
1518 4014 1639 4064 Hoec
1682 4025 1741 4063 ut

733 4106 832 4141 nos
857 4093 1176 4144 restituimus
1191 4129 1208 4158 ‚
1232 4089 1493 4144 irridentis
1516 4107 1640 4145 sunt
1664 4091 1742 4143 di·

736 4169 880 4235 vitis,
899 4184 951 4221 et
974 4173 1027 4223 iu
1053 4171 1221 4226 aliena
1245 4175 1452 4225 miseria
1475 4173 1743 4227 lascivien-

738 4252 833 4304 tis:
856 4255 1007 4322 quasi
1025 4253 1193 4316 dicat,
1218 4256 1533 4309 Innocentes
1552 4274 1740 4311 manus

1818 3050 1963 3103 dium
1999 3051 2117 3102 fuit.
2160 3049 2228 3100 At
2261 3066 2406 3100 nunc
2443 3043 2733 3117 prudentes
2769 3043 2823 3093 in

1817 3150 1916 3185 vos
1933 3133 2124 3184 mittite
2144 3142 2197 3182 et
2215 3131 2482 3181 conserite
2501 3143 2705 3178 manns.
2723 3125 2828 3176 Hu-

1815 3210 2046 3281 iusmodi
2065 3221 2192 3262 sunt
2210 3226 2272 3260 ea
2292 3226 2407 3279 quae
2426 3217 2752 3277 sequuntur:
2773 3213 2830 3253 et

1817 3290 1939 3343 ideo
1979 3310 2100 3343 cnm
2135 3289 2552 3360 interrogatione
2585 3285 2822 3357 legimus.

1817 3374 1998 3426 AEnon.
2019 3400 2092 3411 —-
2109 3371 2258 3423 Inter
2276 3371 2433 3422 binos.
2458 3373 2572 3433 An,
2597 3368 2734 3422 inter
2751 3364 2827 3416 (Ιί-

1818 3456 1934 3506 ros?
1964 3454 2186 3506 senum.
2218 3481 2286 3492 —-
2316 3449 2694 3504 cunctationes.
2718 3450 2826 3497 Ve-

1818 3547 1902 3585 tus
1927 3532 2224 3604 exemplar,
2254 3532 2555 3584 cunctatio?
2580 3545 2673 3581 nec
2694 3526 2828 3578 occi-

1817 3615 1952 3666 dere.
1977 3614 2128 3666 Prrn.

1892 3712 1939 3746 2.
1991 3694 2106 3746 Uno
2154 3704 2367 3766 uterque
2404 3692 2544 3763 fato.
2593 3686 2824 3739 Imitatio

1819 3771 2106 3839 ovidiana,
2122 3773 2277 3824 Trist.
2299 3771 2388 3835 IV,
2416 3787 2462 3833 ι,
2490 3785 2579 3821 to:
2609 3765 2828 3832 «Quum

1826 3873 1849 3897 ι
1870 3851 2059 3904 cecidit
2072 3852 2184 3903 fato
2199 3847 2385 3901 consul
2402 3859 2628 3918 uterque
2645 3844 2776 3915 pari.
2799 3864 2822 3888 ιν

1820 3932 2188 4006 -8κρρ1ἰσία,
2212 3929 2314 3982 Alii
2336 3926 2616 4001 supplicio.

1893 4016 1941 4068 3.
1979 4014 2045 4065 Id
2076 4014 2299 4084 denique
2325 4009 2549 4084 coegisti.
2574 4005 2827 4060 Francius

1821 4094 2035 4148 volebat
2045 4134 2062 4163 ‚
2076 4096 2148 4148 ad
2164 4094 2220 4145 id
2229 4114 2245 4154 ‚·
2263 4092 2357 4145 sed
2371 4089 2500 4142 nibil
2519 4084 2832 4140 mutandum

1820 4193 1953 4240 esse,
1977 4173 2133 4227 facile
2156 4170 2416 4235 censebit,
2439 4168 2529 4239 qui
2547 4164 2730 4235 legerit
2749 4179 2834 4226 ea,

1821 4272 1936 4326 qua
1963 4267 2114 4309 notat
2135 4254 2369 4308 Gronov.
2397 4249 2466 4303 ad
2489 4250 2596 4302 Liv.
2623 4246 2712 4310 IV,
2747 4243 2835 4297 26.
