3200 5117
742 550 865 628 242
1240 541 1332 603 M.
1380 538 1631 602 FABII
1678 535 2317 617 QUINTILIANI

738 667 927 740 Fecit
952 665 1216 736 amicus
1244 683 1442 731 meus
1475 683 1557 727 eo
1581 676 1889 754 tempore
1908 711 1927 744 ,
1958 679 2098 751 quo
2127 679 2242 727 me
2269 654 2674 727 instituebat
2701 656 2824 729 be-

740 784 1010 872 redem,
1043 765 1442 876 legitimum
1480 793 1972 846 testamentum
2007 798 2022 841 t
2066 798 2233 843 nam
2271 794 2341 844 et
2369 774 2722 846 constabat
2757 776 2820 845 ei

736 918 887 971 tum
903 893 1258 997 judicium
1285 917 1298 962 :
1332 914 1472 988 quo
1502 887 1740 959 minus
1768 885 2097 959 erubesco
2125 887 2253 959 ista
2282 888 2665 960 mutatione
2694 889 2823 962 he-

740 1010 938 1083 redis.
973 1011 1055 1079 ln
1094 1006 1203 1077 his
1238 1002 1490 1076 tabulis
1521 1001 1697 1072 alius
1734 999 2004 1098 legitur,
2039 1026 2192 1097 quoe
2216 1000 2335 1101 jus
2367 1027 2510 1072 non
2546 1001 2820 1074 habue-

735 1146 932 1214 runt,
957 1150 1111 1225 quae
1139 1147 1281 1194 non
1308 1121 1457 1219 lege
1482 1117 1876 1216 conscriptae
1899 1137 2064 1188 sunt
2081 1173 2101 1207 ,
2127 1143 2279 1215 quae
2305 1118 2588 1191 fortasse
2613 1120 2819 1191 etiam

732 1262 1009 1343 propter
1040 1238 1173 1310 boc
1204 1237 1547 1308 damnatae
1581 1253 1779 1320 sunt,
1811 1231 2000 1329 quod
2034 1232 2364 1330 indignus
2393 1231 2590 1305 heres
2621 1235 2818 1306 vide-

732 1356 959 1428 batur.
1007 1356 1090 1425 ln
1136 1347 1650 1449 comparatione
1699 1371 1978 1417 summa
2007 1360 2026 1390 ¹
2077 1371 2219 1417 non
2268 1350 2591 1420 recusabo
2610 1406 2629 1438 ,
2679 1375 2820 1445 quo

736 1472 969 1544 minus
997 1469 1108 1542 vel
1146 1467 1572 1567 propinquos
1607 1465 1771 1535 istos
1799 1461 2119 1534 amicitiae
2151 1464 2513 1535 conferatis
2545 1490 2559 1534 :
2596 1492 2719 1563 per
2749 1493 2820 1536 sc

738 1585 918 1658 mihi
948 1583 1056 1657 vel
1091 1580 1388 1655 sanctius
1416 1604 1676 1650 nomen
1702 1576 1910 1649 amici
1933 1576 2246 1650 videtur:
2278 1577 2410 1649 boc
2444 1579 2634 1649 enim
2661 1607 2820 1677 pro-

738 1699 1063 1772 ficiscitur
1083 1697 1177 1770 ab
1200 1695 1438 1767 animo
1463 1720 1477 1765 :
1512 1694 1644 1765 hoc
1675 1691 2135 1791 proficiscitur
2157 1720 2198 1764 a
2221 1693 2566 1792 proposito
2592 1721 2607 1764 :
2635 1694 2815 1766 istud

739 1816 857 1888 dat
881 1841 1109 1904 casus,
1139 1811 1442 1886 conditio
1467 1808 1835 1900 nascendi,
1870 1829 1937 1881 et
1969 1835 2122 1908 quae
2147 1835 2290 1881 non
2318 1830 2561 1908 sponte
2591 1829 2820 1882 nostra

739 1932 1110 2030 eliguntur.
1144 1931 1263 2000 Me
1296 1926 1626 2000 heredem
1656 1952 1834 2015 esse,
1866 1926 2134 1998 amicus
2167 1952 2403 2016 meus,
2437 1926 2626 2025 quod
2658 1927 2820 1998 satis

738 2065 870 2133 cst,
901 2042 1276 2141 aliquando
1304 2041 1554 2132 voluit,
1591 2068 1707 2113 vos
1745 2067 2114 2140 nunquam
2145 2067 2227 2112 eo
2259 2061 2569 2143 tempore
2588 2055 2640 2130 ²,
2680 2069 2818 2139 quo

728 2158 1117 2259 judicabat,
1158 2182 1384 2257 neque
1415 2181 1499 2228 eo
1531 2175 1882 2254 tempore,
1916 2182 2057 2255 quo
2091 2156 2378 2227 errabat.

1591 2344 1956 2411 SERMO.

830 2488 946 2554 Illa
961 2489 1098 2579 jam
1122 2488 1499 2555 communia
1522 2509 1645 2575 pro
1671 2486 1981 2552 omnibus
2005 2487 2432 2552 testamentis.

1429 2661 2125 2728 DECLAMATIO.

837 2807 996 2876 Non
1040 2824 1317 2875 tantum
1359 2803 1447 2875 ad
1489 2804 1821 2876 heredem
1860 2803 1988 2876 ista
2025 2803 2111 2876 lis
2147 2804 2457 2903 pertinet.
2489 2799 2811 2902 Aliquem

742 2918 1018 2989 fortasse
1060 2918 1445 2988 amicorum
1484 2917 1879 3006 honoravit,
1920 2918 2226 3015 aliquem
2269 2919 2548 2990 fortasse
2590 2942 2820 2988 servu-

744 3032 970 3103 lorum
1005 3033 1435 3105 manumisit.
1470 3033 1613 3104 Vos
1656 3058 1931 3131 poenam
1970 3031 2395 3129 quamdam³
2428 3032 2818 3132 propinquo

742 3167 962 3218 vestro
983 3146 1423 3239 constituitis,
1450 3168 1527 3220 ut
1545 3147 1901 3222 intestatus
1925 3146 2313 3237 decesserit,
2344 3168 2416 3221 et
2441 3148 2624 3218 bona
2642 3167 2821 3218 tam-

745 3286 959 3356 quam
989 3260 1253 3350 relicta,
1287 3282 1654 3359 tamquam
1687 3260 1951 3334 deserta
1987 3261 2345 3334 invadatis.

744 3443 886 3490 eam,
910 3445 1025 3496 quo
1044 3446 1231 3500 nempe
1252 3428 1739 3481 inflack.otBurm.
1819 3429 1938 3482 dius
1964 3452 1978 3482 z
2027 3450 2114 3483 vos
2157 3447 2428 3502 nunquam
2477 3448 2645 3502 noque
2660 3450 2680 3491 ,-
2729 3428 2821 3482 sod

743 3520 1045 3560 constructa
1055 3527 1176 3561 cum
1189 3513 1445 3581 optimum
1459 3511 1740 3577 videbatur,
1821 3509 1994 3563 media
2018 3529 2121 3562 vox
2148 3527 2552 3582 supervacanea.
2582 3510 2816 3563 Gnouov.

740 3604 953 3638 sensum
973 3583 1118 3637 hunc
1139 3586 1425 3640 absurdum
1444 3586 1745 3640 efficiebant
1822 3586 2175 3658 Schultingius
2200 3608 2319 3640 cum
2341 3585 2555 3642 AErodio
2576 3590 2818 3644 faciebat.

742 3668 999 3739 optimum
1013 3668 1297 3736 videbatur,
1308 3682 1742 3733 necesseesse,etc.
1894 3666 1945 3719 3.
1966 3667 2185 3719 Poenam
2203 3667 2501 3739 quamdam.
2524 3667 2730 3740 Rupta,
2749 3670 2825 3720 in·

819 3766 864 3800 1.
902 3749 1294 3820 comparatione
1327 3769 1546 3806 mma.
1584 3751 1743 3804 Sum—
1814 3750 1993 3820 justo,
2015 3746 2097 3800 vel
2121 3749 2270 3801 irrito
2301 3749 2443 3800 facto
2472 3762 2822 3817 testamento,

740 3846 913 3892 mum,
948 3827 1002 3879 id
1035 3840 1146 3894 est,
1179 3829 1390 3881 tandem
1423 3843 1482 3881 ut
1514 3844 1565 3882 et
1597 3827 1737 3882 alibi.
1821 3842 1874 3880 et
1909 3827 2172 3881 libertates
2207 3847 2328 3881 cum
2361 3829 2539 3902 legatis
2571 3832 2824 3882 amittun-

741 3908 957 3960 Sonct‘r.
1820 3924 1922 3963 tur.
1947 3910 2084 3981 Ergo
2109 3913 2163 3962 in
2185 3928 2399 3983 poenam
2425 3911 2818 3984 quodammodo

815 4003 863 4037 a.
892 3987 993 4040 Vos
1012 4007 1280 4060 nunquam
1298 4006 1356 4038 eo
1376 3998 1620 4059 tempore.
1642 3988 1744 4038 Iac-
1820 4007 2088 4041 servorum
2104 4028 2121 4055 ‚
2153 4003 2525 4043 testamentum
2558 3990 2627 4042 ad
2656 3993 2819 4041 intes·-

740 4083 834 4134 ge:
868 4086 951 4119 vos
975 4087 1136 4140 neque
1162 4089 1221 4121 eo
1247 4082 1470 4140 tempore
1484 4108 1500 4134 ,
1530 4087 1632 4141 quo
1644 4070 1742 4139 ju·
1821 4069 1916 4118 tati
1939 4085 2152 4120 causam
2179 4068 2378 4121 recidit.
2399 4068 2571 4138 Quid,
2593 4071 2718 4121 siita
2742 4067 2817 4118 le-

741 4143 969 4206 dicaam,-
986 4165 1149 4218 neque
1162 4163 1352 4219 eo,quo
1364 4149 1581 4201 errabat.
1599 4148 1743 4200 AEro-
1821 4162 2035 4215 gamus:
2071 4167 2156 4201 vos
2172 4165 2228 4220 p.
2249 4165 2300 4219 q.
2327 4159 2592 4220 tamquam
2611 4163 2750 4200 servo
2768 4163 2814 4200 c.

1645 4283 1923 4305 ἡ
