3200 5117
765 557 891 634 424
1272 550 1364 614 M.
1415 546 1661 612 FABn
1705 544 2336 629 QnrN‘rlLlAM

762 672 1148 772 indignatio
1166 730 1186 762 ,
1224 672 1477 748 fecerat
1508 669 1818 770 ingenita
1841 669 2075 741 virtus.
2100 671 2244 742 Nec
2267 690 2344 741 tu
2362 726 2381 758 ‚
2415 668 2550 740 nisi
2579 668 2712 741 hoc
2742 669 2854 741 in-

760 785 1127 860 tellexisses
1144 841 1164 874 ,
1193 812 1400 857 ausus
1423 810 1600 856 esses
1624 783 1815 880 loqui
1834 839 1853 873 ,
1883 802 2003 854 aut
2028 783 2457 855 committere
2484 803 2628 855 tam
2664 785 2850 883 peri-

762 900 1080 972 culosum
1125 900 1353 972 alieno
1395 918 1778 970 secretum:
1827 896 2094 968 videras
2132 896 2454 988 vultum,
2497 897 2847 988 audieraS,

764 1043 988 1117 quum
1020 1036 1368 1116 raperetur
1400 1014 1638 1112 aliqua
1663 1013 1858 1110 virgo
1877 1070 1896 1104 ,
1924 1013 2517 1112 ingemiscentem.
2541 1016 2847 1086 Verum-

763 1154 997 1205 tamen
1050 1159 1174 1204 cur
1216 1158 1363 1203 non
1412 1155 1832 1229 reponamus
1883 1128 2063 1200 hanc
2113 1128 2663 1201 contumeliam?
2709 1156 2846 1201 non

762 1273 889 1347 pro
924 1246 1276 1346 republica
1308 1244 1596 1318 dedisti:
1633 1244 1892 1316 scimus
1920 1244 2367 1342 tyrannidem
2399 1244 2732 1342 praecipue
2762 1245 2846 1314 ad

763 1361 1009 1432 divites
1037 1360 1415 1461 pertinere:
1451 1358 1609 1449 illa,
1643 1384 1858 1457 quam
1887 1357 2210 1450 dederas,
2239 1359 2539 1458 pecunia
2561 1359 2850 1431 redime-

760 1474 887 1547 bas
928 1475 1276 1566 fortunas,
1315 1473 1641 1574 pecunias
1671 1493 1858 1563 tuas,
1897 1472 2121 1546 immo
2158 1473 2493 1548 salutem:
2537 1474 2849 1571 quando·

768 1589 1058 1688 quidem
1085 1589 1497 1688 plerumque
1518 1589 1739 1686 perire
1759 1602 1778 1633 ¹
1810 1588 2003 1660 vobis
2033 1588 2105 1660 in
2136 1589 2409 1661 lucrum
2440 1589 2847 1661 crudelitatis

767 1703 1051 1792 alienae,
1078 1729 1354 1778 necesse
1376 1722 1494 1774 est.
1516 1702 1752 1774 Habes
1773 1701 1982 1801 igitur
1998 1702 2155 1775 satis
2180 1730 2437 1802 magna
2464 1703 2662 1776 istius
2688 1703 2847 1775 libe·

768 1816 1056 1889 ralitatis
1091 1837 1226 1891 tuae
1255 1817 1473 1917 pretia
1506 1844 1520 1886 :
1567 1842 1847 1889 securus
1887 1842 1995 1907 eS,
2033 1844 2226 1892 nunc
2262 1817 2626 1908 dominus,
2668 1844 2849 1889 nunc

771 1931 1004 2003 dives:
1049 1930 1304 2004 desiisti
1344 1933 1699 2003 fortunam
1743 1950 1937 2001 tuam
1981 1929 2261 2020 timere,
2306 1930 2565 2003 desiisti
2597 1930 2848 2018 odisse,

773 2046 1123 2146 quidquid
1151 2046 1388 2147 jactaS.
1424 2048 1573 2143 Ego
1612 2064 1888 2134 tamen,
1925 2044 2193 2144 inquit,
2232 2044 2433 2135 dedi,
2463 2047 2655 2144 quod
2689 2067 2852 2118 esset

771 2187 896 2261 pro
929 2159 1214 2260 praemio
1242 2187 1258 2232 ε
1306 2158 1462 2232 ideo
1496 2185 1657 2260 ergo
1691 2159 1939 2258 exigis,
1975 2179 2053 2230 ut
2088 2158 2476 2258 respublica
2516 2186 2660 2233 non
2698 2160 2849 2232 red·

774 2275 934 2346 dat?
965 2296 1055 2365 et,
1079 2275 1134 2348 si
1165 2274 1336 2374 quid
1367 2296 1442 2347 tu
1467 2274 1771 2374 privatus
1800 2273 2172 2348 liberaliter
2194 2274 2441 2366 fecisti,
2467 2276 2852 2347 universam

776 2390 1123 2464 civitatem
1153 2390 1254 2462 vis
1296 2392 1520 2463 facere
1567 2389 1889 2464 sordide?
1933 2391 2532 2489 Quamquam-ne
2576 2393 2855 2465 remittis

772 2504 1060 2603 quidem
1109 2506 1292 2579 istud
1337 2506 1775 2607 reipublicae,
1822 2505 1941 2578 sed
1988 2505 2064 2578 in
2109 2525 2177 2578 te
2219 2506 2592 2596 transfers;
2639 2528 2716 2579 ut
2769 2534 2856 2578 ne
2941 2563 2954 2574 .

771 2621 1107 2694 voluntati
1140 2622 1427 2718 quidem
1454 2644 1587 2695 tuae
1617 2622 1900 2721 obligati
1932 2621 2153 2694 simus
2170 2678 2191 2712 ,
2216 2622 2272 2692 si
2303 2622 2667 2720 pecuniam
2696 2622 2850 2692 ideo

778 2735 1057 2824 dedisti,
1080 2756 1158 2807 ut
1174 2735 1544 2834 praemium
1565 2734 1931 2835 acciperes.
1949 2736 2084 2807 Hic
2104 2761 2345 2835 porro,
2362 2735 2415 2808 si
2433 2734 2601 2835 quid
2619 2760 2847 2825 avare,

777 2850 833 2921 si
870 2848 1042 2946 quid
1073 2848 1323 2947 cupide
1356 2849 1660 2940 fecisset,
1698 2869 1816 2923 tua
1844 2849 2072 2948 potius
2105 2851 2437 2948 pecunia,
2465 2877 2673 2950 quam
2707 2849 2857 2948 ipsa

777 2965 930 3064 lege
984 2965 1074 3037 ad
1123 2964 1671 3062 tyrannicidium
1724 2964 2264 3038 conduceretur?
2315 2969 2431 3038 Tu
2488 2965 2592 3038 illi
2650 2964 2858 3054 dicis3

778 3079 1036 3178 Accipe
1077 3080 1448 3179 pecuniam
1477 3106 1491 3150 :
1530 3078 1919 3180 respublica
1950 3077 2157 3170 dicit;
2193 3080 2382 3177 Opta
2413 3078 2602 3180 quod
2629 3080 2812 3152 voles
2841 3107 2855 3150 :

779 3217 859 3267 ut
909 3222 1149 3268 avarus
1195 3196 1283 3268 sit
1322 3217 1390 3269 et
1427 3195 1763 3294 cupidus,
1801 3215 2038 3268 utrum
2075 3197 2236 3296 plus
2280 3195 2418 3269 est?
2449 3199 2720 3270 Verum
2747 3196 2858 3267 hic

780 3335 850 3378 se
903 3310 1234 3402 affirmat,
1281 3336 1370 3382 ne
1411 3310 1696 3410 praemia
1729 3310 2017 3409 quidem
2055 3310 2180 3383 ista
2214 3333 2597 3411 spectasse,
2641 3337 2858 3412 quum

782 3426 1058 3498 faceret.
1090 3426 1370 3498 Oblitus
1397 3454 1591 3518 sum,
1626 3427 1895 3526 inquit,
1938 3447 2097 3500 ante
2129 3428 2369 3499 omnia
2395 3428 2632 3500 salutis
2657 3453 2857 3499 meae:

782 3541 1238 3614 commodum
1280 3542 1604 3634 civitatis,
1642 3543 2262 3644 universorumque
2297 3543 2640 3642 spectavi,
2673 3563 2859 3630 turn,

778 3658 836 3730 si
872 3656 1042 3756 quid
1086 3659 1177 3731 ad
1210 3686 1324 3731 me
1358 3659 1634 3759 proprie
1663 3659 2092 3759 pertinebat,
2133 3659 2435 3748 famam,
2472 3660 2861 3756 ituramque

781 3772 1292 3872 imposterum'
1341 3773 1634 3874 gloriam
1683 3775 1929 3877 hujus,
1978 3801 2132 3872 quae
2173 3772 2475 3846 subinde
2517 3772 2858 3874 objicitur,

781 3888 1235 3989 paupertatis,
1270 3890 1617 3992 siquidem
1648 3889 1920 3962 facilius
1946 3890 2273 3961 virtutem
2309 3889 2506 3961 aluit.

780 4019 1033 4073 Francius
1043 4021 1265 4093 putabat
1275 4036 1328 4075 et
1341 4042 1498 4095 posse
1512 4023 1785 4096 legi,quod
1862 4040 2080 4096 rumque
2093 4023 2148 4074 in
2165 4022 2364 4075 lucmm
2375 4060 2394 4088 ‚
2413 4022 2593 4074 AErod.
2612 4019 2865 4092 Pleraque

783 4109 831 4150 te
853 4100 1085 4170 effecisse
1103 4105 1325 4175 pecunia
1345 4117 1516 4175 putas.
1863 4102 2093 4156 malebat
2115 4105 2366 4156 Francius
2381 4141 2399 4169 ,
2423 4116 2476 4155 et
2499 4120 2625 4155 mox
2639 4140 2656 4169 ,
2685 4102 2868 4156 libera-

858 4195 902 4228 1.
924 4179 1354 4253 Quandoquidem
1371 4181 1683 4256 plerumque
1698 4202 1786 4255 pe·
1864 4182 2024 4235 litatis
2049 4192 2149 4233 tuoe
2166 4181 2402 4255 proemia.

782 4258 895 4311 rire.
927 4257 1249 4329 Quandoque
1274 4260 1444 4329 perire
1470 4260 1637 4326 vobis,
1663 4260 1782 4330 ple·
1936 4280 1983 4313 2.
2022 4262 2323 4334 Itur-amque
2360 4262 2412 4313 in
2446 4270 2723 4331 posterum.
2755 4260 2870 4311 Itu-
