3200 5117
738 554 861 645 196
1229 552 1324 616 Μ.
1372 549 1626 615 FABn
1670 546 2311 632 QUINTILIANI

728 677 839 749 Ad
876 676 1169 752 domum
1208 670 1435 744 divitis
1474 670 1637 743 veni
1681 670 1865 764 (nou
1913 667 2106 740 enim
2148 694 2410 740 nomen
2454 667 2634 741 inter
2676 696 2821 743 non

728 808 1177 889 agnoscentes
1202 783 1563 883 requisivi)
1588 811 1605 854 :
1639 782 1973 881 parasitus
1997 782 2315 853 inventus
2339 802 2459 854 est.
2490 784 2576 854 Et
2602 781 2826 881 placet

722 907 986 978 :rustico
1014 901 1229 1004 patri?
1248 900 1531 990 erubui,
1565 900 1889 971 nondum
1908 911 1925 943 ¹
1952 919 2017 970 te
2038 898 2478 971 invenissem.
2499 899 2609 971 Ad
2637 925 2823 971 corn-

724 1019 1169 1120 parationem
1197 1041 1368 1087 voco
1398 1013 1755 1112 utriusque
1784 1012 1934 1083 vitae
1964 1040 1979 1084 ε
2017 1011 2090 1083 in
2121 1012 2479 1111 praesentia
2512 1013 2646 1084 hoc
2679 1039 2824 1085 uno

729 1153 1092 1207 contentus
1124 1156 1319 1219 sum,
1354 1127 1740 1227 suscipere²
1776 1124 2030 1197 laboris
2068 1125 2172 1197 tui
2212 1147 2517 1225 partem3
2551 1126 2709 1199 satis
2746 1125 2822 1197 in

715 1269 796 1321 ·te
840 1244 1340 1333 laboravimus3
1378 1242 1527 1343 jam
1579 1239 1813 1313 deficit
1860 1261 2063 1329 aetas,
2098 1240 2254 1340 jam
2308 1239 2614 1339 quietem
2664 1268 2827 1341 pos-

728 1365 824 1437 cit
851 1383 1210 1436 senectus:
1252 1378 1321 1432 et
1356 1385 1483 1457 ego
1522 1357 1855 1429 delicatus
1891 1382 2075 1427 sum.
2119 1356 2467 1428 Abdicant
2506 1383 2621 1452 me
2662 1356 2827 1431 licet

726 1480 899 1553 boni
949 1504 1215 1567 more5‚
1254 1496 1491 1548 tamen
1536 1474 1762 1546 clamo
1804 1500 1818 1544 :
1865 1498 1993 1571 ego
2035 1493 2100 1543 te
2143 1471 2319 1544 mihi
2364 1473 2577 1570 genui
2612 1500 2627 1544 ε
2680 1501 2822 1546 ιιοιι

731 1618 892 1693 ergo
935 1591 1305 1690 cogitabis,
1354 1588 1529 1688 quid
1577 1586 1752 1659 mihi
1803 1585 2107 1659 debeas?
2140 1586 2277 1658 illae
2306 1608 2495 1659 terrae
2530 1587 2822 1685 gratiam

729 1712 1081 1782 referunt:
1119 1733 1248 1779 nec
1275 1705 1666 1805 quidquam
1700 1702 1994 1776 inveniri
2029 1701 2298 1802 potest³
2327 1703 2400 1775 in
2435 1730 2667 1775 rerum
2697 1730 2829 1776 na-

722 1844 922 1911 tura,
960 1822 1034 1893 in
1068 1847 1208 1920 quo
1242 1819 1437 1891 labor
1471 1839 1727 1918 pereat.
1757 1820 1863 1889 De
1898 1817 2341 1890 abdicatione
2370 1836 2445 1888 tu
2476 1817 2825 1915 quereris?

721 1939 918 2037 prior
954 1958 1228 2037 patrem
1275 1934 1614 2034 reliquisti
1649 1961 1664 2006 ε
1709 1931 1993 2033 quando
2037 1932 2230 2005 enim
2269 1932 2498 2005 videre
2538 1953 2604 2005 te
2649 1933 2825 2005 mihi

724 2053 936 2126 licet?
968 2073 1317 2153 quantum
1352 2051 1604 2124 absum
1647 2051 1736 2123 ab
1771 2049 2105 2123 orbitate?
2145 2052 2483 2149 Impono‚
2516 2049 2824 2151 judices,

722 2168 1096 2241 affectibus
1125 2168 1338 2257 meis,
1373 2167 1497 2298 qui
1530 2166 1712 2239 nihil
1747 2165 2032 2239 adhuc
2016 2186 2192 2237 mter
2224 2165 2540 2263 querelas
2567 2165 2824 2256 habeo,

725 2283 862 2355 nisi
843 2283 1350 2355 desiderium:
1335 2283 1529 2384 .jam
1553 2282 1749 2355 irasci
1770 2307 2050 2354 necesse
2071 2301 2210 2353 est:
2243 2279 2566 2353 nondum
2590 2301 2826 2353 tamen

726 2399 815 2470 ad
854 2396 1177 2471 ultimam
1208 2398 1312 2470 tui
1346 2397 1850 2470 contumeliam
1882 2396 2129 2469 venio:
2168 2395 2425 2496 objicio
2458 2395 2588 2468 tibi
2620 2395 2830 2468 luxu·—

727 2514 944 2585 riam:
981 2514 1037 2586 si
1074 2513 1207 2588 hoc
1246 2534 1519 2585 tautum
1550 2512 1941 2584 diceremus
1970 2539 1984 2583 :
2020 2512 2188 2583 vivis
2223 2511 2401 2583 inter
2434 2510 2827 2582 meretrices

726 2649 798 2699 et
829 2627 1111 2699 lenones
1129 2683 1148 2715 ,
1181 2626 1438 2724 dignus
1467 2652 1538 2698 es
1562 2625 2044 2714 abdicatione3
2082 2625 2289 2697 etiam
2311 2680 2329 2712 ‚
2358 2626 2414 2696 si
2443 2623 2820 2723 parasitum

724 2740 1020 2815 habes4:
1060 2741 1242 2812 inter
1272 2740 1503 2813 aliena
1530 2741 1804 2813 servitia
1837 2741 2261 2831 numeraris,
2298 2762 2368 2813 et
2397 2740 2519 2811 tibi
2552 2738 2824 2811 luxuria

727 2856 1078 2957 objicitur,
1104 2856 1312 2927 etiam
1341 2879 1481 2927 non
1514 2877 1658 2927 tua.
1692 2856 1968 2929 Omitto
1994 2856 2274 2928 interim
2304 2883 2386 2929 ex
2411 2882 2549 2954 quo
2573 2879 2824 2953 genere

723 2973 877 3043 vitae
912 2972 983 3042 in
1017 2971 1199 3043 istud
1233 2971 1578 3043 transieris
1598 3029 1618 3060 ,
1653 2972 1783 3043 sub
1816 2999 1959 3071 quo
1994 2972 2343 3045 institutus
2371 2991 2582 3071 patre.
2612 2970 2829 3043 Dissi-

728 3085 990 3158 mulata
1012 3106 1080 3157 et
1099 3106 1360 3158 remota
1380 3111 1678 3185 persona
1702 3112 1860 3158 mea
1878 3144 1896 3177 ,
1927 3088 2307 3186 parasitum
2330 3085 2580 3158 abdico
2605 3112 2621 3157 :
2648 3112 2826 3157 num

809 3247 852 3281 ι.
883 3230 956 3280 Et
988 3228 1161 3300 placet
1196 3232 1379 3283 rustico
1409 3230 1589 3302 patri?
1618 3250 1734 3282 eru·
1814 3232 1950 3285 Satis
1982 3232 2036 3282 in
2069 3245 2119 3284 te
2148 3230 2521 3284 laboravimus.
2545 3230 2823 3283 AErodius:

731 3309 847 3370 bui,
891 3311 1144 3361 nondum.
1187 3313 1344 3363 Forte
1367 3333 1379 3361 ι
1420 3312 1492 3362 Et
1528 3310 1741 3381 placeat
1814 3313 1935 3366 satis
1961 3314 2317 3387 injuventute
2340 3312 2704 3365 laboravimus.
2730 3312 2828 3364 Le·

729 3390 916 3440 rustico
926 3392 1098 3460 patri?
1110 3392 1324 3443 Erubui.
1341 3390 1563 3442 Mallem
1576 3430 1593 3456 ‚
1611 3409 1739 3441 non·
1816 3410 1886 3462 go
1903 3413 1915 3441 ε
1933 3392 2057 3445 satis
2071 3392 2129 3442 in
2147 3410 2250 3441 rem
2269 3389 2630 3443 laboravimus.
2647 3389 2707 3442 ld
2722 3404 2829 3456 est,

730 3470 858 3522 dum
882 3469 1201 3523 invenissem.
1223 3473 1296 3523 Te
1313 3472 1385 3523 ad
1399 3474 1743 3544 comparatio·
1822 3475 1901 3524 rei
1929 3473 2197 3524 familiaris
2221 3490 2398 3525 causa.
2419 3471 2554 3524 Vide
2578 3471 2646 3524 ad
2671 3471 2829 3522 Sene-

731 3567 871 3614 ηειπ,
893 3547 1163 3611 Rhodius„
1187 3550 1388 3601 utinam
1414 3550 1646 3601 nondum
1671 3559 1742 3614 te,
1822 3572 1937 3605 cam
1960 3551 2027 3605 de
2044 3553 2319 3625 Tranquil.
2342 3572 2427 3605 an.
2449 3571 2566 3626 cap.
2595 3568 2638 3601 1.
2658 3548 2826 3602 Grion.

729 3630 965 3681 Gnoro.
1000 3630 1070 3681 Et
1103 3629 1313 3701 placeat
1346 3632 1529 3684 mstico
1563 3632 1743 3702 patri?
1822 3631 1957 3684 Satis
1978 3649 2074 3702 pro
2095 3643 2170 3696 te,
2187 3631 2298 3698 vel,
2317 3632 2435 3697 tibi,
2451 3626 2826 3697 Schultingius.

729 3708 954 3760 Erubui.
969 3707 1219 3760 Nondum
1238 3718 1286 3760 te
1287 3709 1502 3781 juvenis
1520 3710 1591 3761 ad
1606 3727 1740 3760 com·
1817 3710 1955 3763 Satis
1976 3713 2084 3763 sine
2103 3722 2152 3763 te
2173 3708 2543 3771 laboravimus,
2569 3704 2825 3759 Obrecht.

727 3791 1056 3861 parationem
1105 3806 1227 3840 voco
1274 3790 1535 3861 utriusque
1581 3808 1633 3842 v:
1625 3790 1735 3843 toe:
1889 3792 1938 3843 3.
1962 3791 2074 3843 Nec
2093 3791 2382 3884 quidquam
2401 3786 2629 3839 inveniri
2643 3796 2826 3860 potest.

730 3868 930 3920 Erubui
942 3906 960 3934 ,
986 3886 1148 3939 quum
1176 3868 1409 3920 nondum
1440 3881 1488 3921 te
1514 3868 1740 3920 invenis-
1812 3868 1968 3926 Ἀιᾶσι
1954 3891 2051 3936 ιμον
2070 3872 2289 3939 σρὶγμιι
2305 3887 2385 3918 w
2403 3864 2716 3935 πλσσιουργὸν
2731 3865 2829 3917 im-

733 3967 853 4000 sem.
872 3949 1091 4000 Senum-r.
1096 3978 1167 3988 —
1183 3950 1464 4021 Utriusque
1482 3949 1617 4001 vitoe.
1633 3948 1737 3999 La·
1812 3948 1980 4015 pium
2001 3970 2081 3999 nau
2104 3944 2246 4003 eim
2271 3944 2420 4007 iam,
2443 3946 2617 4018 inquit
2635 3945 2828 3997 Plutar-

733 4031 894 4082 tinius
920 4032 1184 4104 utriusque
1202 4032 1382 4082 vitam.
1818 4031 1968 4084 chus
1993 4032 2054 4081 Ε
2057 4046 2257 4083 nomos
2879 4021 2885 4034 ’

808 4125 855 4160 2.
876 4111 1154 4183 Suscipere.
1176 4111 1416 4183 Suscipe,
1436 4112 1672 4168 Latinius
1686 4123 1739 4162 et
1889 4111 2146 4179 4.Etiam,
2160 4130 2202 4164 si
2193 4106 2824 4183 parasitumEtiamjam

733 4185 914 4238 AErod.
933 4190 983 4238 in
996 4188 1265 4260 praesentia
1282 4207 1390 4240 non
1408 4188 1605 4242 diutius
1618 4207 1740 4242 con·
1815 4190 2075 4262 parasitus
2110 4189 2328 4242 haberis.
2362 4187 2580 4239 Senum.
2612 4183 2685 4236 At
2703 4186 2826 4256 jam

734 4276 906 4319 tentus
941 4285 1057 4320 sum
1101 4269 1365 4340 suscipere.
1408 4270 1628 4324 Senum.
1671 4297 1744 4312 -
1823 4279 1872 4321 te
1889 4268 2179 4340 parasitum
2205 4266 2422 4333 habeut,
2448 4262 2625 4318 AErod.
