3200 5117
802 529 1640 603 DECLAMATIONES.
1690 533 2138 601 cccxxxl.
2391 537 2518 620 345

432 690 578 736 non
607 662 922 752 interest,
952 686 1091 759 qua
1123 659 1272 756 lege
1305 658 1555 730 harum
1589 657 2007 730 accusaveris
2035 683 2050 728 z
2088 658 2425 758 quoniam
2451 659 2523 731 id

435 779 726 851 demum
747 778 943 880 jure,
974 775 1060 847 de
1091 801 1231 873 quo
1266 774 1616 873 quaeritur,
1651 772 2238 872 comprehensum
2273 794 2408 865 est,
2448 795 2526 848 ut

436 896 557 994 qui
585 893 821 994 capitis
843 888 1292 980 accusaverit,
1323 916 1600 989 poenam
1632 887 1961 989 patiatur:
1997 888 2092 959 ita
2115 889 2290 961 nihil
2318 891 2529 963 inter-

436 1031 572 1101 est,
606 1007 794 1108 quod
830 1032 1048 1106 genus
1084 1004 1336 1106 judicii
1377 1004 1625 1091 fuerit,
1669 1002 1725 1074 si
1758 1024 2049 1076 eventus
2082 1003 2330 1076 eodem
2372 1006 2525 1080 red-

438 1126 656 1199 iturus
679 1128 924 1197 fuerat.
942 1126 1134 1196 Num
1162 1122 1372 1220 igitur
1394 1120 1694 1193 dubium
1720 1140 1848 1209 est,
1866 1119 2037 1218 quin
2062 1120 2208 1210 hic,
2234 1148 2358 1221 pro
2384 1150 2522 1219 quo

434 1241 703 1340 loquor,
738 1240 792 1310 si
833 1249 1007 1310 esset
1038 1236 1461 1338 injuriarum
1499 1235 1698 1308 tertio
1729 1234 2141 1326 damnatus,
2184 1236 2524 1335 periturus

431 1356 681 1428 fuerit?
715 1376 897 1427 extra
939 1353 1394 1453 quaestionem
1440 1372 1564 1424 est.
1614 1351 1813 1443 Quid
1858 1351 2063 1450 ergo?
2107 1352 2523 1426 damnatum

435 1499 600 1545 eum
632 1469 1007 1550 existimari
1041 1467 1350 1568 oportet?
1381 1468 1494 1541 cui
1522 1467 1855 1540 damnato
1890 1468 2129 1567 capitis
2164 1496 2363 1569 poena
2393 1469 2526 1541 im-

435 1588 696 1674 minet,
732 1611 877 1656 non
911 1583 1211 1682 pecunia
1252 1583 1690 1673 multabitur,
1736 1609 1878 1655 non
1915 1582 2337 1682 ignominia,
2379 1610 2525 1656 non

436 1701 697 1771 damno
736 1698 912 1796 juris
960 1696 1253 1795 alicujus
1294 1724 1311 1767 .·
1362 1696 1535 1796 quid
1593 1696 1804 1796 ergo?
1853 1698 2169 1769 futurum
2218 1719 2402 1787 erat,
2447 1719 2526 1770 ut

436 1813 901 1885 occideretur:
940 1812 1112 1911 quid
1146 1811 1427 1884 interest
1458 1812 1589 1884 hoc
1622 1841 1761 1913 qua
1801 1812 1995 1912 lege?
2037 1813 2207 1914 quid
2249 1814 2526 1888 interest

438 1955 577 2024 quo
612 1953 863 2026 genere
881 1925 1177 2028 judicii?
1208 1927 1388 1998 Fieri
1413 1954 1552 1998 non
1577 1947 1819 2027 potest,
1852 1948 1931 1999 ut
1960 1927 2075 1999 hic
2105 1929 2324 2027 capite
2355 1928 2526 2026 peri-

439 2041 713 2113 clitatus
742 2041 857 2132 sit,
881 2061 948 2113 et
965 2061 1040 2112 tu
1063 2066 1207 2111 non
1229 2039 1473 2138 capitis
1492 2040 1934 2113 accusaveris.
1958 2043 2287 2113 Praeterea
2310 2069 2527 2140 quam

437 2176 768 2253 putamus
818 2155 1029 2228 fuisse
1077 2181 1362 2227 causam
1410 2155 1926 2228 conscribendae
1974 2155 2143 2254 legis
2193 2154 2529 2256 hujusce?

437 2275 641 2345 Hanc
692 2273 882 2344 enim
927 2299 1150 2372 quum
1190 2270 1725 2363 excusserimus‚
1774 2271 2175 2371 apparebit,
2212 2272 2287 2342 in
2327 2272 2527 2344 istam

439 2414 721 2486 quoque
747 2408 1014 2486 partem
1040 2386 1197 2459 satis
1222 2412 1366 2458 esse
1393 2406 1703 2458 cautum.
1730 2387 1801 2457 Sl
1826 2404 1994 2474 Qms
2017 2405 2292 2458 CAmTlS
2317 2406 2530 2459 ACCU-

436 2523 765 2597 SAVERIT,
803 2525 895 2577 ET
933 2525 1089 2577 NON
1120 2523 1621 2593 DAMNAVERIT,
1658 2521 1810 2575 IPSE
1841 2522 2099 2575 CAP1TE
2137 2523 2525 2576 PUNIATUR.

435 2622 589 2691 Hoc
608 2676 627 2708 ,
659 2620 930 2720 opinor,
961 2619 1066 2690 illi
1090 2619 1453 2720 justissimi
1482 2618 1650 2719 legis
1672 2619 1958 2721 hujusce
1987 2619 2234 2690 latores
2261 2641 2532 2718 specta-

439 2756 721 2826 verunt,
758 2762 847 2807 ne
878 2734 1033 2833 quis
1065 2734 1353 2834 impune
1387 2734 1581 2807 alteri
1616 2734 2009 2834 periculum
2043 2734 2357 2806 afferret:
2395 2734 2529 2805 ho-

438 2850 707 2923 micidii
753 2878 972 2951 genus
1013 2870 1432 2950 putaverunt
1459 2906 1477 2938 ,
1532 2870 1767 2949 petere
1810 2849 2133 2950 spiritum
2177 2847 2527 2940 hominis,

444 2989 655 3060 quem
697 2964 913 3037 occidi
959 2991 1102 3036 non
1146 2983 1507 3063 oporteret.
1542 2966 1657 3034 Tu
1700 2963 1838 3036 hoc
1884 2963 2104 3036 fecisti
2140 2990 2157 3035 z
2203 2962 2528 3034 accusasti

442 3076 921 3167 innocentem,
963 3081 1017 3152 si
1053 3080 1179 3151 tibi
1221 3079 1560 3151 creditum
1604 3099 1813 3166 esset,
1857 3078 2205 3178 periturus
2251 3098 2398 3150 erat
2436 3078 2525 3169 is,

440 3220 655 3293 quem
681 3195 1033 3269 accusasti.
1064 3194 1342 3266 Judices
1377 3193 1627 3266 eodem
1658 3215 1969 3292 tempore
2001 3194 2086 3265 de
2114 3215 2179 3266 te
2212 3220 2531 3293 pronun-

439 3308 790 3383 ciaverunt
818 3339 832 3382 :
863 3337 1004 3383 non
1036 3329 1256 3409 potest
1282 3308 1578 3382 omnino
1614 3308 1743 3380 ista
1781 3308 2253 3380 circumscribi
2291 3308 2526 3407 religio

440 3447 509 3496 et
532 3428 848 3500 severitas
871 3426 1160 3528 judicii,
1196 3447 1275 3498 ut
1315 3453 1459 3498 non
1507 3452 1787 3525 poenam
1833 3425 1948 3497 det
1991 3449 2143 3524 pars
2176 3426 2522 3499 utralibet.

440 3541 594 3610 Hoc
629 3541 977 3634 absoluto,
1008 3540 1128 3640 qui
1167 3540 1517 3640 periturus
1555 3540 1730 3631 fuit,
1770 3539 2105 3611 continuo
2137 3539 2206 3612 id
2247 3565 2527 3637 quoque

443 3675 895 3726 consecutum
934 3675 1068 3746 est,
1113 3675 1193 3726 ut
1227 3654 1351 3727 tibi
1389 3674 1561 3726 esset
1594 3678 1793 3752 poena
1829 3652 2174 3751 patienda.
2208 3654 2302 3723 At
2333 3651 2527 3722 enim

442 3768 638 3840 tertio
673 3788 945 3844 tantum
975 3770 1397 3872 injuriarum
1432 3768 1783 3858 accusavi,
1817 3790 1887 3841 et
1921 3790 1997 3841 tu
2024 3769 2130 3841 bis
2159 3768 2529 3840 damnatus

442 3910 592 3955 eras
637 3883 1074 3987 injuriarum.
1121 3885 1319 3975 Quid
1359 3887 1681 3976 interest,
1728 3911 1878 3983 quae
1923 3912 2025 3958 res
2067 3884 2299 3956 fecerit
2346 3881 2528 3954 istud

442 3998 683 4097 capitis
707 3998 1106 4101 judicium?
1142 4025 1309 4071 nam
1354 4021 1420 4073 et
1458 4022 1533 4073 tu
1576 3999 1843 4072 crimen
1878 3998 2147 4099 gravius
2182 3995 2527 4098 objecisti,

442 4139 659 4211 quam
699 4115 962 4214 priores
1004 4113 1449 4216 objecerunt:
1486 4113 1587 4186 vis
1626 4113 1830 4203 scire,
1865 4140 2084 4213 quam
2124 4112 2255 4183 hoc
2287 4137 2529 4184 verum

443 4228 570 4319 sit?
609 4231 824 4301 semel
854 4229 1268 4330 injuriarum
1292 4230 1622 4304 damnato
1651 4231 2070 4330 ignoscitur:
2104 4229 2282 4302 illud
2312 4247 2528 4302 morte
