3200 5117
866 565 1704 637 DECLAMATIONES.
1756 567 1871 631 lx.
2291 568 2412 635 535

296 827 674 850 §mmm
735 848 738 851 ,
1060 828 1923 859 ΜΜὨΜΜΜΜΜΝ
1935 826 2409 847 Μωνὶιὶονῑῑὶιὶ

1298 1016 1449 1090 ΙΧ.

1060 1231 1270 1300 Pater
1304 1243 1694 1300 excaecatus.

281 1410 467 1470 Cum
497 1408 836 1470 luxurioso
860 1408 993 1470 filio
1023 1422 1215 1493 pater,
1243 1409 1455 1470 abdita
1477 1424 1674 1471 matre
1691 1455 1707 1484 ‚
1733 1413 1977 1472 secessit
2002 1411 2069 1470 in
2094 1424 2423 1484 secretum3

378 1521 743 1568 excaecatus
785 1507 1001 1568 rediit:
1047 1508 1199 1591 petit
1239 1529 1275 1568 a
1319 1505 1454 1569 filio
1499 1508 1819 1569 talionem.
1866 1508 2068 1569 Mater
2111 1528 2173 1566 se
2214 1506 2461 1567 fecisse·

386 1606 582 1667 dicit.

1029 1741 1360 1787 CONTRA
1411 1739 1736 1786 FILIUM.

425 1857 752 1947 Invenit,
798 1859 1069 1959 judices
1091 1919 1110 1951 ,
1166 1859 1506 1960 pessimus
1575 1859 2015 1950 adolescens,
2072 1857 2428 1958 quomodo

311 1993 720 2071 utrumque
747 1988 764 2018 ¹
793 1997 1157 2048 excaecaret
1187 1998 1584 2076 parentem:
1610 1975 1779 2073 quid
1814 1996 1877 2047 te
1911 1995 2165 2046 secreto
2194 1973 2434 2045 fecisse

316 2086 746 2159 credamus?
780 2109 1070 2160 matrem
1107 2090 1175 2161 in
1214 2092 1363 2162 foro
1393 2117 1702 2162 excaecas,
1739 2091 1896 2162 Non
1930 2089 2031 2161 vis
2059 2116 2183 2188 pro
2218 2108 2433 2160 matre

317 2226 582 2271 verum
620 2201 874 2294 dicere,
910 2230 1131 2300 quum
1176 2204 1296 2275 illa
1335 2231 1459 2304 pro
1496 2223 1562 2275 te
1599 2201 2018 2274 mentiatur?
2048 2204 2126 2273 ln
2158 2221 2429 2273 tanturn

310 2318 610 2420 juvenis
647 2321 978 2420 processit
1013 2321 1353 2410 amentia,
1386 2341 1461 2392 ut
1489 2341 1769 2419 propter
1805 2319 2012 2390 illum
2052 2339 2246 2418 pater
2282 2343 2438 2415 per-

326 2433 533 2505 deret
554 2447 579 2478 2
602 2434 837 2507 oculos
855 2491 874 2523 ‚
910 2457 1127 2508 mater
1155 2435 1431 2508 odisset.
1460 2436 1574 2505 Tu
1604 2456 1719 2504 me
1737 2491 1755 2524 ‚
1792 2433 2073 2520 mulier,
2108 2458 2438 2504 excaecare

327 2549 658 2648 potuisti,
704 2578 855 2648 quae
897 2580 1027 2623 nec
1071 2550 1489 2651 parricidam
1529 2549 1771 2649 potes?
1814 2567 1894 2619 ut
1935 2548 2267 2619 innocens
2310 2547 2436 2640 sis,

328 2666 516 2739 dum
549 2690 1004 2741 excaecaretur
1028 2692 1242 2768 pater,
1281 2666 1676 2768 exspectasti
1691 2664 1741 2737 3.
1770 2656 1933 2737 Non
1961 2665 2091 2738 feci
2112 2722 2133 2755 ,
2168 2664 2434 2763 inquit:

416 2854 462 2888 ι.
489 2838 707 2908 Quando
727 2849 1017 2910 utrumque.
1039 2840 1209 2910 Lego,
1229 2857 1351 2912 quo·
1421 2848 1593 2910 pater,
1634 2836 1948 2908 exspectasti.
1992 2836 2117 2887 Non
2158 2833 2276 2901 feci.
2315 2833 2441 2885 Non

335 2916 515 2967 mado.
540 2919 686 2967 Pri-n.
712 2930 763 2968 et
785 2918 857 2969 ita
881 2916 1198 2971 Obrechtus.
1217 2916 1348 2969 Vide
1429 2919 1635 2971 credam
1651 2954 1670 2982 ,
1710 2917 1812 2969 nisi
1852 2913 2179 2988 confitearis?
2217 2913 2361 2964 Talis
2394 2932 2444 2966 es

340 2990 414 3043 ad
446 2992 590 3043 Decl.
627 2995 744 3044 xlv
779 2995 834 3044 in
866 2994 988 3046 fine.
1016 3024 1088 3036 -—
1114 2998 1182 3046 In
1203 2996 1347 3066 som.
1430 2998 1750 3063 adolescens,
1770 3006 1829 3049 ut
1843 3012 2095 3048 excoecare
2115 2992 2445 3063 noluen‘spa-

340 3070 528 3136 Quint.
555 3070 698 3121 Decl.
720 3071 1059 3124 CCCLxxn:
1088 3096 1110 3119 ι
1133 3075 1216 3124 Bis
1235 3092 1354 3142 pnr-
1439 3084 1593 3139 trem,
1609 3092 1769 3146 quum
1792 3084 1840 3125 te
1852 3089 2106 3124 excoecare
2122 3069 2246 3125 velit
2259 3070 2445 3143 pater?

349 3172 372 3197 ι
393 3150 560 3202 ricida
578 3188 595 3217 ‚
635 3152 796 3204 semel
844 3150 991 3204 domi
1010 3190 1027 3219 ,
1071 3155 1262 3205 iterum
1301 3154 1355 3204 in
1438 3158 1516 3207 Ita
1539 3154 1688 3206 Deci.
1715 3155 1838 3205 XIX
1861 3153 2081 3220 Quintil.
2115 3177 2137 3200 ιι
2156 3154 2341 3207 Dictus
2366 3163 2445 3203 est

351 3253 374 3278 ι
397 3232 536 3284 foro.
559 3255 581 3278 ιι
611 3232 829 3285 Senum.
1445 3256 1466 3279 a
1488 3230 1733 3283 occidere
1746 3250 1906 3302 posse
1922 3243 2153 3302 patrem:
2176 3229 2346 3282 dictus
2367 3241 2446 3281 est

423 3330 472 3364 α.
501 3313 568 3365 Ut
586 3326 801 3386 propter
821 3311 976 3367 illum
996 3325 1151 3387 pater
1165 3325 1224 3365 ut
1240 3331 1357 3385 per-
1443 3337 1464 3360 a
1487 3311 1708 3383 dignust,
1731 3330 1887 3383 quern
1913 3323 2093 3381 posset
2116 3311 2273 3362 ctiam
2292 3322 2447 3381 pater

349 3390 502 3443 deret.
538 3390 864 3445 Alterutrum
901 3405 961 3445 ut
991 3408 1070 3446 est
1103 3391 1358 3446 inducen-
1441 3417 1463 3440 ι
1484 3392 1749 3444 occidere.
1768 3414 1791 3437 ιο
1816 3390 2096 3462 Sequentia
2114 3409 2279 3463 porro
2294 3392 2439 3463 lege:

350 3467 495 3521 dum.
514 3470 734 3523 Senum.
755 3473 867 3538 An,
889 3473 940 3525 υἱ
953 3474 1219 3544 perderet?
1233 3471 1354 3523 vid.
1443 3496 1465 3522 ι
1485 3474 1663 3541 Quam
1689 3471 1973 3525 sceleratus
1998 3476 2080 3525 es!
2106 3471 2224 3543 plus
2254 3487 2305 3525 te
2329 3472 2446 3525 odit

352 3546 422 3600 ad
448 3547 648 3601 Phaedr.
677 3553 732 3616 1,
761 3568 840 3602 12.
863 3581 936 3592 —
961 3553 1042 3604 Tu
1063 3571 1146 3603 me
1169 3549 1360 3603 mulier
1442 3577 1464 3602 ι
1482 3566 1653 3626 pater,
1678 3572 1838 3624 quam
1865 3572 2014 3619 eum,
2037 3573 2068 3607 a
2093 3572 2199 3625 quo
2223 3573 2445 3607 excaea-

315 3686 320 3691 ,
350 3648 603 3684 excaecare
616 3631 863 3704 potuisti,
888 3646 988 3685 etc.
1011 3632 1079 3684 Ut
1104 3652 1355 3703 compen·
1441 3659 1463 3683 οι
1484 3649 1569 3687 tus
1599 3647 1694 3687 est.
1719 3658 1741 3680 a
1781 3636 1960 3686 Potest
1983 3647 2037 3686 et
2058 3636 2224 3688 fuisse
2256 3634 2345 3686 hic
2368 3633 2449 3684 lo·

351 3708 497 3761 dium
539 3710 631 3761 fiat
669 3712 934 3779 orationi,
966 3714 1160 3783 pariter
1195 3725 1357 3783 atque
1436 3736 1530 3771 cus
1556 3717 1630 3768 ita
1654 3728 1961 3768 contextus:
1986 3739 2008 3762 ι
2029 3715 2450 3785 Patet-'s‘quitam

352 3790 564 3845 insimul
591 3809 920 3863 proponam,
948 3793 1220 3864 quomodo
1248 3813 1357 3847 me·
1444 3818 1468 3843 ι
1489 3794 1776 3848 sceleratus
1819 3813 1874 3846 es
1895 3831 1913 3861 ,
1951 3806 2011 3845 ut
2045 3793 2168 3866 plus
2206 3806 2257 3843 te
2299 3805 2451 3862 pater

354 3868 495 3921 diam
511 3868 650 3922 hanc
667 3872 1114 3926 Declamationem
1128 3875 1253 3925 satis
1269 3872 1360 3926 ob-
1449 3895 1471 3921 ιι
1494 3871 1695 3939 oderit,
1711 3891 1869 3944 quam
1885 3880 2035 3937 eum‘,
2056 3890 2085 3923 a
2102 3889 2211 3943 quo
2228 3888 2454 3924 ucaeca-

354 3965 563 4001 ⁸curam
596 3962 649 4000 et
680 3948 946 4002 turbatam
983 3951 1360 4005 restituendam
1448 3978 1470 4001 ι
1487 3968 1570 4006 tus
1590 3968 1687 4006 est.
1707 3977 1730 4000 ι
1748 3953 2050 4005 Excaecatus
2071 3964 2246 4003 autem
2264 3970 2372 4004 non
2387 3969 2451 4005 ex

356 4028 666 4079 existimem.
711 4029 856 4099 Lego
903 4031 1083 4101 itaque
1101 4069 1119 4096 ‚
1158 4031 1239 4083 Tu
1279 4050 1362 4083 me
1444 4052 1595 4100 vero,
1628 4032 1721 4085 sed
1745 4050 1808 4084 ex
1830 4032 2091 4083 sententia
2114 4042 2167 4082 et
2190 4047 2454 4083 assevera-

354 4104 550 4157 mulier
576 4125 829 4160 excoecare
858 4108 1100 4180 potuisti,
1128 4126 1242 4180 quoe
1271 4128 1364 4163 nec
1445 4110 1591 4162 tione
1618 4111 1799 4161 matris
1824 4122 1876 4161 et
1900 4107 2004 4160 filii.
2032 4107 2150 4161 Seu.
2234 4176 2237 4183 .

355 4184 668 4254 parricidam
684 4188 863 4259 potes?
878 4186 1004 4241 Non
1013 4187 1154 4259 feci,
1176 4190 1361 4260 inquit.
1516 4191 1567 4244 3.
1604 4191 1943 4263 Exspectasti.
1978 4193 2138 4243 Forte
2153 4227 2173 4256 ‚
2201 4190 2452 4261 spectasti.

370 4263 441 4315 Ut
469 4268 711 4321 innocens
739 4270 838 4333 sis,-
876 4270 999 4321 dum
1032 4280 1371 4324 excaecaretur
1447 4273 1572 4326 Non
1588 4272 1721 4344 feci.
1745 4275 1892 4325 Prm.
