3200 5117
798 517 1634 638 DECLAMATIGNES.
1680 573 2016 640 chxV.
2365 601 2443 667 91

288 691 305 702 “
364 717 503 785 est,
525 694 645 793 qni
669 693 955 768 civitatis
973 695 1261 768 nomine
1287 695 1504 795 litigo.
1525 697 1660 769 Sed
1687 717 1909 771 totam
1930 699 2160 800 legem
2186 727 2227 772 a
2250 701 2452 775 nobis

368 809 528 908 pare
560 809 826 884 diversa
852 810 990 909 legi
1021 810 1398 882 desiderat:
1432 810 1673 884 decern
1705 814 1954 903 millia,
1984 816 2248 915 inquit,
2284 817 2452 915 ipsi,

362 923 497 1022 qui
521 924 851 1025 injuriam
873 923 1235 1023 acceperit,
1262 924 1506 997 decem
1536 924 1824 1057 civitati3
1850 948 1920 999 et
1939 927 2070 1000 hoc
2094 928 2453 1002 excludere

367 1059 588 1111 tentat
608 1039 984 1129 civitatem,
1006 1038 1236 1138 quod
1219 1065 1395 1139 ipse,
1417 1066 1539 1139 qut
1557 1067 1897 1141 injurtam
1916 1045 2285 1143 acceperit,
2310 1067 2454 1117 non

371 1152 626 1227 habeat
664 1155 1030 1228 actionem.
1080 1155 1266 1228 Sane
1308 1154 1886 1246 contumeliosae,
1934 1176 2001 1228 et
2046 1184 2171 1255 pro
2217 1177 2456 1231 caetera

371 1291 655 1341 morum
696 1295 985 1341 suorum
1026 1268 1440 1400 petulantia,
1483 1269 1806 1343 adversus
1837 1271 2310 1369 magistratum
2336 1299 2457 1343 ve-

371 1405 629 1473 strum,
654 1384 915 1475 audax,
940 1385 1075 1483 qui
1090 1386 1523 1485 proescribere
1547 1406 1765 1459 tentet
1787 1386 2073 1475 civitati,
2096 1408 2457 1486 tamquam

373 1501 855 1598 ignominiosa!
892 1528 907 1573 ε
968 1502 1209 1593 facile,
1264 1523 1342 1574 nt
1386 1503 1665 1602 opinor,
1718 1503 2092 1594 constabit,
2144 1503 2326 1578 nihil
2371 1503 2458 1575 ad

372 1637 680 1690 nostram
712 1619 1058 1692 actionem
1092 1619 1434 1718 pertinere
1452 1677 1472 1711 ‚
1507 1645 1719 1718 qnam
1744 1619 1971 1719 legem
2001 1619 2253 1694 habeat
2275 1621 2421 1721 ipse
2439 1680 2457 1712 ,

376 1729 501 1825 qui
537 1729 846 1829 pulsatus
886 1730 995 1804 sit.
1026 1733 1517 1805 Existimemns
1550 1735 1748 1806 enim
1785 1760 1928 1808 esce
1968 1735 2276 1835 aliquem
2315 1760 2459 1808 non

374 1843 929 1941 ignominiosum
963 1845 1036 1916 in
1060 1845 1323 1944 templo
1344 1845 1696 1945 pulsatum
1713 1906 1733 1940 ,
1758 1849 1881 1921 sed
1905 1850 2013 1922 vel
2037 1849 2307 1923 dedisse
2331 1849 2464 1921 hu·

342 1957 486 2062 ‘jus
512 1959 783 2060 injuriae
805 1961 1120 2049 veniam,
1153 1960 1264 2033 vel
1286 1961 1426 2032 alio
1457 1961 1692 2061 aliquo
1724 1963 2229 2063 impedimento
2260 1991 2460 2065 agere

376 2075 722 2167 noluieee3
751 2102 927 2148 num
950 2076 1109 2149 ideo
1139 2103 1229 2149 ne
1255 2076 1490 2150 civitas
1523 2079 1811 2175 quidem
1834 2080 1954 2182 jus
1980 2108 2192 2155 suum
2226 2081 2461 2155 tuebi-
2547 2169 2558 2178 ⁸

376 2210 515 2278 tur,
549 2210 627 2262 ut
650 2192 891 2263 omnia
922 2190 1214 2291 impune
1245 2190 1518 2263 fecerit?
1559 2194 1830 2265 Verum
1868 2221 1957 2267 ne
1987 2196 2135 2296 ipse
2171 2197 2460 2296 quidem

377 2304 804 2380 adversa-ius
844 2328 1116 2380 tantum
1159 2307 1232 2378 in
1275 2307 1592 2407 exemplo
1632 2308 1905 2382 fiduciae
1946 2310 2194 2402 habet,
2230 2339 2461 2411 quan-

376 2444 535 2494 tum
564 2422 641 2495 in
662 2423 812 2523 ipsa
830 2422 1101 2525 injuriae
1125 2423 1685 2524 interpretatione
1713 2451 1729 2495 :
1762 2449 1891 2497 nos
1915 2424 2106 2497 enim
2129 2425 2465 2525 injuriam

378 2537 678 2610 dicimus
698 2564 880 2627 esee,
914 2538 1106 2637 quod
1139 2537 1689 2637 ignominiosum
1715 2539 2119 2640 pulsaverit,
2147 2539 2259 2612 cui
2294 2540 2465 2612 actio

382 2679 527 2726 non
575 2674 692 2726 est.
740 2656 926 2752 Ego,
964 2652 1272 2756 judicer»,
1320 2653 1711 2753 plurimum
1758 2655 2084 2727 interesse
2117 2653 2466 2741 existimo,

388 2791 620 2843 utrum
653 2770 824 2870 quid
854 2770 1076 2843 facere
1101 2769 1339 2859 liceat,
1368 2798 1457 2844 an
1484 2771 1836 2844 vindicare
1869 2797 2015 2843 non
2045 2770 2286 2842 liceat:
2322 2797 2468 2843 non

386 2886 577 2958 enim
619 2885 989 2972 continuo,
1035 2885 1093 2956 si
1126 2885 1595 2984 ignominioso
1627 2886 1810 2959 actio
1857 2911 2002 2959 non
2041 2885 2269 2973 datur,
2313 2884 2472 2957 lieet

385 2999 705 3090 adversus
745 2996 1336 3098 ignominiosum,
1369 2998 1560 3096 quod
1603 2999 1898 3098 quisque
1929 2998 2096 3071 velit
2131 3024 2146 3067 :
2197 2997 2327 3069 tale
2369 3018 2472 3070 est

386 3112 937 3212 ignominiosum
962 3112 1269 3213 pulsare,
1296 3113 1503 3212 quale
1535 3114 1803 3185 furtum
1834 3113 1985 3184 sine
2017 3132 2184 3184 teste
2216 3112 2467 3202 facere,

395 3247 471 3298 ut
509 3228 827 3302 damnari
867 3227 1156 3328 quidem
1194 3253 1338 3299 non
1375 3227 1629 3327 possit,
1665 3225 2028 3298 admittere
2056 3245 2292 3297 tamen
2328 3253 2472 3299 non

396 3340 729 3417 debuerit.
773 3345 972 3435 Quin
1019 3369 1102 3416 ex
1140 3343 1275 3415 hoc
1319 3343 1502 3443 ipso,
1550 3343 1740 3442 quod
1786 3341 2253 3441 ignominioso
2299 3342 2471 3415 actio

397 3482 542 3529 non
567 3457 780 3551 datur,
804 3480 1086 3561 apparet
1103 3485 1246 3535 esse
1264 3458 1656 3559 reipublicae
1676 3459 2056 3532 actionem:
2083 3458 2256 3558 quid
2280 3458 2472 3531 enim

394 3573 503 3645 lex
549 3575 832 3675 eripuit,
882 3577 938 3648 si
986 3576 1136 3679 ejus
1182 3577 1470 3648 demum
1519 3576 1617 3649 rei
1665 3601 1808 3647 non
1857 3575 2050 3649 dedit
2092 3576 2474 3662 actionem,

392 3715 606 3787 quam
651 3690 875 3766 facere
919 3689 1159 3764 licuit?
1202 3718 1347 3765 non
1381 3711 1616 3763 autem
1644 3690 1762 3790 jus
1793 3690 2124 3789 peccandi
2156 3688 2476 3762 adversus

396 3802 897 3900 ignominiosos
928 3804 1114 3895 dari,
1158 3833 1335 3893 uno,
1378 3827 1444 3878 et
1474 3804 1701 3895 brevi,
1741 3823 1810 3876 et
1845 3804 2213 3876 manifesto
2239 3800 2476 3872 videor

396 3940 805 4016 argumento
837 3919 1270 4020 probaturus.
1320 3921 1556 4013 Quem
1607 3919 1884 4019 pulsare
1924 3915 2122 4007 licet,
2170 3914 2475 3988 occidere

394 4030 553 4107 licet
579 4062 595 4106 :
621 4036 813 4134 atqui
845 4036 1400 4137 ignominiosum
1433 4039 1488 4110 si
1514 4037 1672 4137 quis
1701 4034 2067 4126 occiderit,
2096 4032 2297 4105 caedis
2326 4031 2476 4131 lege

394 4150 784 4222 tenebitur:
831 4149 1089 4250 quare?
1128 4152 1461 4251 quoniam
1499 4152 1670 4224 actio
1713 4148 1928 4253 hujus
1971 4145 2348 4220 necessario
2387 4143 2476 4217 ad

397 4261 617 4336 alium
654 4265 952 4364 pertinet
981 4294 995 4338 :
1032 4288 1313 4366 apparet
1338 4293 1498 4366 ergo
1532 4294 1677 4338 non
1705 4266 1829 4338 tibi
1856 4262 2124 4363 aliquid
2151 4263 2478 4336 adversus
