3200 5117
720 533 838 600 136
1209 533 1303 597 M.
1349 532 1600 596 mnu
1644 529 2283 613 QmNTlLlAm

707 655 895 754 optio
928 654 1243 754 eligenda
1280 653 1568 754 puellae:
1607 652 1748 724 duo
1784 673 2019 724 tamen
2052 652 2196 725 haec
2227 676 2372 724 esse
2408 648 2786 724 contende-—

708 796 892 857 rem,
936 790 1181 841 natura
1221 790 1288 841 et
1325 770 1393 839 vi
1431 796 1446 839 ε
1492 795 1720 865 neque
1764 766 1957 839 enim
1998 766 2057 839 si
2099 787 2326 867 raptor
2366 764 2574 838 nobis
2615 764 2787 837 sub-

705 883 954 957 ductus
979 906 1107 975 est,
1134 910 1318 956 mors
1348 884 1494 985 ipsa
1525 882 1702 954 nihil
1726 904 1823 956 est
1843 896 1889 953 ¹.
1917 882 2051 955 Sed
2077 881 2430 982 quomodo
2460 907 2604 964 non
2627 880 2786 952 satis

706 1020 809 1071 est
848 1025 1073 1070 unum
1116 1024 1506 1097 superesse,
1548 1024 1773 1095 quum
1816 996 2028 1069 etiam
2068 996 2126 1067 si
2168 996 2309 1070 duo
2338 1015 2596 1082 essent,
2640 1021 2783 1065 non

703 1115 1001 1213 potuerit
1026 1115 1245 1214 optari
1265 1171 1283 1201 ‚
1316 1114 1450 1186 nisi
1487 1111 1757 1185 unum?
1789 1133 1856 1184 et
1881 1112 2027 1184 haec
2056 1112 2196 1183 duo
2222 1111 2315 1182 ita
2338 1111 2627 1182 demum
2652 1137 2784 1208 po-

702 1250 925 1302 tenter
951 1259 994 1302 a
1023 1251 1209 1330 parte
1239 1231 1508 1302 diversa
1534 1248 2121 1329 proponerentur,
2153 1228 2210 1299 si
2245 1248 2468 1300 essent
2491 1229 2737 1328 juncta
2766 1255 2781 1296 t

700 1371 893 1418 nunc
928 1371 1088 1417 vero
1123 1345 1413 1418 discreta
1454 1366 1617 1418 sunt
1660 1345 1810 1444 ipsa
1843 1343 2011 1443 legis
2047 1344 2417 1442 scriptura,
2447 1345 2782 1415 MORTEM

699 1480 838 1531 VEL
878 1480 1184 1534 NUPTIAS
1221 1489 1236 1532 ε
1279 1461 1373 1533 ita
1410 1460 1552 1532 duo
1584 1458 1970 1558 simplicia,
2014 1458 2289 1557 singula
2325 1478 2487 1530 sunt
2521 1478 2776 1529 tamen.

696 1576 1033 1645 Praeterea
1060 1573 1165 1645 lex
1194 1573 1286 1646 ita
1313 1572 1563 1671 scripta
1590 1593 1726 1660 est,
1763 1592 1842 1644 ut
1865 1571 2026 1671 eligi
2048 1570 2328 1671 juberet
2355 1597 2370 1641 ε
2405 1590 2629 1670 posset
2656 1597 2783 1669 op-

697 1685 868 1782 poni
915 1686 1019 1757 vel
1071 1685 1423 1777 electioni,
1472 1688 1541 1758 S1
1589 1705 1685 1758 Ex
1729 1684 2050 1784 pluribus
2097 1712 2240 1757 non
2285 1699 2541 1757 esset²z
2589 1712 2779 1756 nunc

696 1800 887 1900 optio
917 1822 1136 1900 potest
1166 1828 1344 1892 esse,
1375 1801 1581 1873 etiam
1617 1801 2077 1900 singulorum.
2111 1803 2203 1872 Et
2231 1800 2443 1892 illud,
2473 1800 2776 1900 judiceS,

697 1937 856 1989 ante
898 1918 1136 1990 omnia
1179 1917 1433 1991 intueri
1468 1943 1587 1992 vos
1627 1936 1925 2015 oportet,
1970 1915 2024 1987 si
2071 1914 2245 2013 quid
2278 1914 2539 2015 exlege
2572 1914 2779 1987 incli-

774 2172 815 2206 ι.
841 2157 985 2210 Mors
1007 2157 1117 2227 ipsa
1140 2121 1281 2210 nihil
1301 2169 1388 2211 ατ.
1418 2162 1527 2212 Etsi
1550 2178 1696 2211 mor-
1779 2153 1885 2207 lain
1900 2157 2214 2227 pertineant.
2236 2159 2415 2211 AEnon.
2431 2159 2610 2209 Potest
2629 2169 2777 2229 rapta

694 2247 816 2286 tuus
842 2237 905 2287 sit
929 2249 1130 2307 raptor,
1153 2235 1381 2308 ideoque
1410 2238 1538 2290 mihi
1568 2237 1699 2290 sub-

693 2314 913 2380 ductus,
928 2318 1123 2387 inquit,
1147 2336 1213 2369 ne
1232 2332 1455 2371 mortem
1473 2323 1587 2391 ejus
1604 2339 1699 2391 op-

692 2409 806 2449 tare
853 2399 1049 2468 possim
1068 2436 1086 2463 ,
1126 2418 1300 2471 neque
1347 2403 1505 2453 etiam
1550 2420 1694 2454 nunc

690 2473 861 2542 bona,
887 2478 1039 2547 quia,
1063 2490 1121 2527 ut
1149 2476 1423 2530 cavillatur
1450 2475 1697 2532 adversa·

691 2558 828 2620 rins,
861 2575 923 2608 ex
953 2556 1164 2609 duobus
1198 2560 1264 2610 sit
1296 2560 1474 2630 optio:
1504 2573 1694 2612 natura

691 2646 899 2700 tamen,
931 2631 1011 2685 καὶ
1045 2636 1106 2705 τῇ·
1135 2633 1358 2703 ὃννᾶμυ,
1390 2636 1500 2688 dno
1536 2651 1693 2705 sunt,

691 2735 805 2786 qum
820 2730 1006 2787 optare
1024 2720 1237 2788 possim.
1256 2721 1389 2772 Nam
1406 2737 1570 2790 quum
1585 2739 1695 2771 mo·

687 2796 872 2863 rimur‚
898 2817 1008 2850 non
1032 2800 1103 2852 ita
1128 2799 1266 2852 male
1292 2800 1565 2854 nobiscum
1593 2804 1695 2873 agi·

686 2889 793 2942 tur,
808 2891 866 2929 ut
881 2881 1052 2933 nostri
1069 2900 1166 2933 nec
1185 2893 1308 2952 post
1322 2894 1546 2933 mortem
1563 2882 1693 2936 nihil

686 2957 754 3008 sit
773 2955 1060 3028 reliquum3
1083 2971 1136 3010 et
1155 2978 1297 3011 mors
1311 2960 1428 3030 ipsa
1441 2963 1497 3012 in
1511 2979 1690 3013 rerum

686 3050 875 3090 natura
900 3037 1031 3091 nihil
1057 3041 1137 3092 sit.
1160 3040 1303 3108 Quin
1327 3042 1531 3093 animus
1547 3078 1565 3106 ‚
1587 3060 1691 3114 po-

686 3115 789 3166 tior
827 3119 995 3169 nostri
1032 3117 1289 3187 particula
1305 3156 1323 3184 ‚
1352 3119 1476 3169 vivit
1519 3132 1571 3170 et
1613 3122 1691 3171 vi·

682 3205 800 3259 get,
818 3198 967 3265 cujus
986 3194 1068 3250 vel
1089 3216 1233 3249 mors
1252 3196 1492 3268 quedam
1507 3196 1690 3270 (quod

686 3270 970 3326 christiano
989 3276 1152 3342 absit)
1168 3281 1338 3350 optari
1352 3292 1545 3351 potest.
1560 3281 1689 3332 Prae-

684 3364 829 3406 terea
851 3358 940 3427 qui
962 3372 1145 3429 raptor
1164 3358 1321 3412 semel
1342 3359 1397 3411 in
1417 3360 1565 3412 reatu
1584 3360 1686 3412 hae

680 3436 791 3486 vita
818 3435 1033 3489 functus
1062 3453 1172 3505 est,
1204 3442 1275 3492 ita
1309 3439 1485 3494 adhuc
1511 3442 1686 3493 vivere

675 3516 809 3584 juris
837 3514 1050 3569 fictione
1075 3517 1297 3589 intelligi
1324 3533 1499 3591 potest
1515 3559 1531 3587 ,
1553 3532 1616 3571 nt
1643 3522 1687 3572 si

680 3606 834 3666 rapta
852 3593 919 3646 ad
936 3597 1295 3667 magistratum
1310 3598 1498 3652 educta
1511 3637 1527 3665 ‚
1542 3618 1686 3651 mor-

678 3688 784 3727 tem
827 3691 1111 3748 exposcat3
1149 3692 1288 3730 retro
1321 3699 1429 3732 non
1461 3695 1684 3746 natura,

676 3753 775 3806 sed
804 3757 854 3806 vi
882 3769 935 3808 et
961 3755 1225 3828 supplicio
1256 3758 1475 3828 periisse
1503 3759 1684 3812 videa-

681 3849 784 3887 tur.
820 3839 943 3889 Haec
975 3838 1201 3898 fortasse
1236 3838 1507 3893 subtiliora
1538 3843 1679 3893 sint:

679 3932 863 3967 verum
880 3917 933 3967 in
950 3936 1006 3969 re
1022 3931 1126 3969 tam
1148 3916 1403 3984 obscura,
1421 3919 1542 3990 quia
1562 3937 1682 3971 cor-

677 4007 835 4063 rupta
867 4008 920 4046 et
950 3993 1263 4066 depravata,
1292 3996 1419 4068 quid
1454 4015 1562 4048 non
1593 4016 1683 4049 ex-

624 4138 631 4144 ·
676 4071 847 4141 periri..
866 4076 1180 4141 possumus?
1204 4076 1488 4144 praesertim
1515 4094 1686 4146 quum

676 4147 759 4199 hm
783 4151 991 4218 argutiae
1015 4170 1042 4203 e
1065 4150 1211 4204 libris
1236 4151 1681 4225 philosophorum

677 4227 1030 4301 depromptoe,
1062 4234 1395 4302 potissimum
1427 4233 1495 4285 ad
1521 4235 1678 4288 scho-

1777 2235 1937 2287 etiam
1965 2238 2159 2288 mortui
2181 2250 2351 2288 morte
2374 2254 2487 2288 esse
2510 2250 2777 2289 contenta.

1777 2313 1996 2365 Senum.

1849 2411 1896 2445 2.
1926 2394 1985 2446 Sa·
2010 2412 2074 2445 ex
2095 2393 2332 2466 pluribus
2359 2413 2466 2447 non
2492 2406 2628 2449 esset.
2657 2397 2777 2448 Haec

1773 2461 1948 2528 'verbs
1969 2478 2273 2548 excipientis
2291 2514 2307 2542 ,
2336 2492 2387 2528 et
2415 2490 2618 2548 ruptam
2644 2496 2778 2548 prae-

1774 2557 2060 2628 scriptione
2084 2557 2441 2611 submoventis
2467 2576 2605 2622 esse,
2630 2559 2774 2630 equi·
2835 2577 2841 2582 ·

1773 2636 1895 2689 dem
1915 2639 2220 2691 existimavi.
2243 2637 2444 2691 maenio
2470 2651 2549 2690 est
2571 2637 2639 2690 de
2659 2636 2776 2708 plu·

1774 2717 1947 2785 ribus,
1967 2720 2163 2791 inquit:
2188 2737 2312 2791 ergo
2332 2719 2452 2771 licet
2472 2737 2591 2770 eam
2609 2738 2638 2771 a
2658 2719 2773 2791 lege

1770 2796 2019 2851 habueris
2031 2836 2047 2865 ‚
2067 2818 2208 2851 nnnc
2224 2801 2448 2871 raptoris
2462 2813 2630 2852 morte
2646 2820 2773 2853 con-

1773 2889 1982 2948 sumpta
2008 2891 2103 2930 est.
2135 2878 2236 2931 Sed
2252 2881 2375 2950 jure
2401 2879 2539 2931 civili
2568 2892 2771 2932 certum

1774 2971 1882 3024 est,
1915 2961 1970 3010 in
2002 2960 2320 3013 altemtivis
2351 2973 2431 3013 tot
2460 2959 2663 3032 legata,
2690 2974 2772 3013 tot

1770 3037 2139 3109 stipulationes
2172 3059 2318 3108 esse,
2351 3054 2483 3114 quot
2510 3056 2630 3094 sunt
2658 3061 2772 3108 res,

1771 3121 1896 3190 quia
1934 3118 2171 3174 discrete
2208 3137 2260 3175 et
2298 3137 2549 3195 separatu!
2570 3147 2584 3176 ε
2623 3122 2774 3177 aliter

1769 3213 1929 3271 atque
1948 3203 1993 3254 si
2012 3206 2308 3275 conjuncta.
2326 3206 2455 3268 sint,
2476 3206 2647 3277 qualis
2667 3221 2772 3273 est,

1767 3280 1963 3333 familia
1986 3319 2003 3348 ‚
2049 3301 2173 3354 grex
2189 3321 2206 3350 ‚
2249 3285 2515 3356 quadriga·
2530 3325 2546 3354 ,
2588 3302 2688 3341 etc.
2733 3287 2768 3339 l.

1768 3362 1901 3413 scire
1924 3359 2196 3416 debemus.
2221 3365 2281 3418 ff.
2308 3363 2376 3419 de
2399 3368 2542 3420 verb.
2570 3368 2773 3440 obliga-

1767 3442 1898 3493 tion.
1917 3443 1982 3494 Et
2008 3442 2128 3496 ideo
2149 3463 2208 3498 re
2230 3465 2338 3500 una
2362 3451 2645 3517 exstinctu,
2665 3469 2771 3504 mn-

1765 3533 1858 3573 net
1876 3521 2040 3576 altera
2060 3525 2115 3576 in
2137 3525 2477 3599 obligatione.
2494 3532 2577 3584 Sic
2591 3533 2644 3584 in
2666 3529 2765 3582 hac

1767 3600 1985 3670 optione
2017 3595 2281 3673 legitima,
2308 3606 2430 3661 licet
2459 3622 2640 3678 raptor
2670 3608 2765 3660 de-

1766 3682 1908 3733 sierit
1932 3701 2046 3736 esse
2061 3721 2079 3750 ‚
2103 3688 2253 3757 cujus
2277 3703 2419 3740 mors
2443 3689 2616 3758 optari
2638 3707 2766 3760 pos-

1763 3762 1860 3824 sit3
1890 3766 1980 3834 jus
2015 3778 2193 3822 tamen
2226 3770 2455 3841 optionis
2487 3772 2763 3844 omnisque

1763 3839 1989 3910 eligendi
2007 3845 2257 3912 facultas,
2281 3847 2348 3899 ad
2371 3851 2598 3919 raptoris
2620 3849 2763 3904 bona

1760 3918 1978 3993 delapsa
2007 3938 2115 3992 est,
2142 3939 2199 3978 ut
2223 3945 2280 3978 ea
2308 3928 2455 3994 sola,
2484 3930 2552 3983 ab
2580 3934 2761 4000 initio,

1758 4016 1817 4049 re
1833 3999 2035 4070 integra
2046 4040 2062 4066 ‚
2075 4004 2244 4075 optari
2261 4018 2500 4075 potuere.
2513 4010 2634 4059 Haec
2648 4007 2762 4060 aliis

1762 4078 1987 4134 obscura
1998 4121 2015 4148 ‚
2032 4082 2413 4154 jnrefflnsnltis
2427 4100 2552 4139 sunt
2566 4090 2754 4158 pervia.

1757 4161 1940 4212 AEnon.
1959 4162 2019 4214 Sa·
2040 4181 2104 4214 ex
2118 4162 2357 4235 plnm’bus
2373 4169 2588 4220 omnino
2609 4177 2755 4233 esset,

1757 4238 1987 4306 Schult.‚
2011 4244 2104 4313 qui
2130 4260 2246 4315 sup.
2279 4242 2469 4316 eligere
2489 4263 2586 4317 pro
2614 4242 2752 4319 eligi.
