3200 5117
735 554 852 615 152
909 558 915 563 '
1232 545 1323 609 M.
1372 544 1618 607 FABII
1663 541 2288 626 QUINTILIANI

725 673 1015 762 primum
1065 671 1362 734 omnium
1414 667 1772 734 dicendum
1829 685 1926 733 est
1976 671 2038 734 ei
2090 667 2403 735 adversus
2452 691 2800 738 socerum:

727 776 971 845 deinde
1012 777 1101 841 ita
1134 774 1489 842 dicendum
1518 792 1650 855 est,
1691 792 1765 840 ut
1800 776 2076 842 sciamus
2114 776 2242 841 hoc
2276 798 2472 866 agere
2505 801 2658 844 eum
2679 794 2807 857 ‚'ut

727 905 917 951 socer
942 884 1043 949 sit.
1076 885 1404 951 Praeterea.
1423 903 1619 947 causa
1656 881 1830 947 illius
1862 880 2028 945 nihil
2056 880 2256 946 habet
2281 882 2564 963 firmius,
2604 906 2803 973 quam

729 991 812 1055 sit
855 988 1124 1054 aliena¹.
1167 988 1380 1053 Etiam
1426 985 1800 1054 sollicitudo
1837 985 2332 1077 quodammodo
2377 988 2806 1076 temperanda

730 1110 856 1174 est,
882 1110 955 1158 ut
978 1113 1196 1181 neque
1225 1083 1602 1180 daeSperare,
1634 1114 1852 1182 neque
1877 1113 2147 1157 securus
2174 1115 2315 1158 esse
2338 1093 2660 1173 videatur,
2687 1093 2804 1160 sed

726 1193 964 1263 lnodus
980 1191 1057 1264 'et
1080 1198 1261 1266 color
1283 1198 1792 1263 Declamationis
1816 1198 1907 1264 sic
1929 1185 2273 1264 ducendus
2288 1217 2312 1243 ¹
2340 1215 2468 1265 est:
2505 1200 2806 1290 quaestio-

728 1327 847 1370 nes
879 1303 1006 1369 illae
1047 1321 1275 1386 erunt,
1303 1328 1385 1368 an
1431 1302 1625 1369 educi
1668 1320 1882 1396 rapta,
1925 1304 2050 1369 nisi
2093 1306 2391 1393 protinus
2433 1306 2677 1395 possit3
2720 1329 2804 1370 an

731 1411 983 1475 etiamsi
1029 1427 1329 1499 tempore
1385 1409 1772 1498 interposito
1822 1425 2079 1498 potest,
2129 1409 2334 1497 possit
2383 1425 2602 1474 tamen
2657 1428 2804 1498 post

728 1518 1019 1605 nuptia33
1045 1540 1129 1581 an
1161 1519 1494 1608 quia‘ante
1525 1514 1717 1582 educi
1747 1539 1879 1583 non
1904 1518 2119 1607 potuit
2145 1532 2387 1607 raptor,
2413 1542 2589 1583 nunc
2613 1516 2805 1583 educi

730 1620 1000 1702 debeat3
1033 1644 1167 1710 quo
1191 1623 1411 1688 animo
1440 1637 1627 1711 pater
1650 1620 1933 1687 educere
1956 1621 2039 1688 ad
2066 1624 2477 1711 magistratus
2503 1624 2694 1704 velit;
2719 1645 2804 1687 an

728 1728 1022 1816 patiente
1059 1750 1176 1809 eo,
1219 1729 1333 1818 qui
1380 1727 1761 1794 educendus
1800 1746 1931 1808 est,
1971 1726 2419 1794 contradicere
2448 1729 2676 1809 liceat;
2720 1751 2804 1792 an

732 1853 999 1922 aequum
1027 1834 1140 1910 sit,
1171 1856 1306 1922 quo
1341 1834 1561 1899 animo
1599 1833 1708 1898 hic
1744 1831 1997 1899 educat.
2036 1834 2408 1921 Scio.posse
2446 1834 2681 1923 quaeri,
2719 1856 2806 1897 an

731 1938 842 2002 illa
864 1940 1169 2027 quaestio,
1193 1963 1341 2029 quae
1371 1939 1453 2004 ad
1479 1961 1826 2028 personam
1856 1941 2170 2029 pertinet,
2203 1956 2269 2005 et
2296 1940 2362 2004 in
2389 1941 2597 2029 prima
2623 1956 2805 2029 parte

729 2042 1040 2131 ponenda
1064 2059 1197 2123 est,
1226 2067 1377 2133 quae
1403 2068 1441 2109 a
1470 2067 1577 2109 me
1612 2067 1806 2133 supra
1841 2046 2194 2111 constituta
2230 2062 2350 2110 est.
2390 2047 2529 2134 Ego
2556 2044 2804 2136 aliquid

735 2152 804 2214 in
837 2150 965 2216 hoc
1001 2152 1234 2218 ordine
1272 2153 1467 2217 etiam
1504 2151 1797 2218 themate
1836 2154 2158 2240 spectavi,
2198 2176 2332 2243 quo
2365 2152 2512 2218 loco
2540 2154 2809 2241 ponitur

735 2252 931 2335 illud,
980 2256 1162 2345 quod
1215 2274 1471 2322 tacente
1523 2274 1786 2345 raptore
1841 2256 1950 2321 hic
2001 2257 2311 2347 loquatur
2328 2255 2383 2337 3,
2441 2257 2604 2346 quid
2648 2258 2808 2323 velit

738 2361 1016 2449 spectari
1063 2379 1128 2426 et
1177 2361 1373 2443 illud,
1418 2361 1597 2454 quod
1640 2361 2024 2446 affectibus,
2068 2363 2184 2452 qui
2229 2363 2574 2452 sequuturi
2614 2380 2802 2441 sunt,

735 2466 939 2554 magis
967 2465 1107 2532 haec
1137 2470 1444 2559 quaestio,
1472 2492 1669 2557 quam
1702 2468 1830 2533 ulla
1858 2468 1982 2533 alia
2011 2470 2360 2560 conjuncta
2386 2483 2501 2534 est.

1419 2667 2122 2733 DECLAMATIO.

831 2803 917 2894 Si'
940 2821 1436 2896 contradiceret
1469 2823 1648 2922 ipse,
1683 2825 1802 2923 qui
1839 2825 2098 2923 rapuit,
2129 2822 2364 2912 idest,
2395 2821 2454 2894 si
2491 2820 2801 2911 timeret,

734 2935 830 3007 sic
858 2963 983 3036 pro
1015 2964 1083 3009 se
1111 2958 1367 3036 agei-eu
1398 2937 1686 3011 educere
1721 2937 1843 3010 tibi
1879 2938 1968 3009 ad
1996 2938 2431 3037 magistratus
2459 2955 2803 3034 raptorem

733 3078 878 3125 non
919 3051 1108 3143 licet,
1156 3053 1289 3125 nisi
1329 3054 1558 3126 statim
1600 3080 1615 3125 ε
1651 3052 1911 3153 quare?
1949 3053 2282 3153 quoniam
2332 3052 2653 3154 omniurn
2696 3048 2802 3120 vel

809 3222 853 3257 1.
888 3205 1055 3275 Quam
1085 3207 1150 3258 sit
1177 3205 1369 3259 aliena.
1407 3205 1572 3277 Quam
1599 3208 1643 3258 si
1667 3208 1735 3259 sit
1810 3207 2147 3259 conveniunt.
2161 3207 2365 3276 Raptor
2378 3206 2520 3256 enim
2538 3203 2807 3274 praescrip-

733 3282 922 3337 aliena.
948 3286 1167 3338 Senum.
1810 3288 1954 3337 tione
1976 3287 2054 3340 uti
2075 3296 2283 3355 posset,
2305 3282 2366 3335 Si
2386 3300 2494 3335 non
2515 3282 2656 3333 inm
2679 3291 2808 3332 tem-

805 3377 851 3411 2.
873 3361 958 3412 Sic
976 3363 1248 3415 ducendus.
1274 3365 1355 3415 An
1377 3363 1650 3427 dicendus,
1671 3377 1731 3415 ut
1803 3384 1901 3436 pus
1917 3366 2051 3438 offis,
2079 3359 2172 3416 n'ee
2192 3362 2288 3415 alii
2310 3364 2366 3414 t'n
2385 3363 2623 3434 praesenti
2643 3373 2808 3432 nupta

729 3440 760 3489 J
764 3436 968 3490 uvenal.
980 3440 1169 3505 servi,
1181 3442 1308 3494 280:
1326 3443 1471 3508 -Dic,
1482 3440 1728 3513 aliquem,

735 3539 758 3562 a
777 3514 1132 3583 Quintiliane,
1161 3517 1413 3571 colorem.
1439 3544 1460 3568 υ
1512 3521 1730 3571 Senum.

729 3596 833 3650 Sed
865 3595 1049 3649 ducere
1072 3596 1291 3652 colorem
1306 3638 1325 3665 ,
1354 3600 1551 3653 centies
1586 3599 1729 3672 apud

727 3677 988 3741 rhetorem
1009 3692 1060 3730 et
1082 3678 1225 3731 unde
1252 3679 1525 3752 desumpta
1555 3683 1625 3733 sit
1646 3682 1729 3733 lo-

727 3758 872 3808 cutio
902 3755 1023 3809 vide
1058 3757 1201 3828 apud
1231 3757 1393 3811 Gron.
1440 3758 1508 3811 ad
1542 3759 1724 3813 Senec.

726 3838 878 3889 Herc.
910 3837 1013 3889 fur.
1039 3837 1159 3907 347.
1186 3840 1355 3891 Βσιικ.

795 3916 845 3967 3.
886 3916 1264 3986 Qtwdtacente
1295 3929 1496 3988 raptore
1531 3918 1617 3970 hic
1653 3917 1727 3970 10·

724 4008 932 4067 quatur.
961 3999 1164 4068 Nempe
1190 4000 1444 4064 maritus,
1470 4000 1563 4069 qui
1594 4015 1724 4050 cou-

726 4076 967 4128 tradieit:
995 4098 1117 4130 nam
1148 4081 1194 4131 si
1222 4097 1335 4151 quau
1361 4091 1482 4132 eunt
1509 4093 1725 4133 contra·

727 4151 937 4205 dicendi
966 4169 1178 4226 partes,
1212 4155 1290 4207 he
1320 4158 1498 4228 potius
1525 4160 1726 4229 raptori

725 4229 818 4298 (ut
842 4229 1052 4303 quidem
1080 4233 1316 4303 videtur)
1345 4252 1503 4303 quam
1537 4238 1725 4287 marito

1807 3464 1873 3497 es.
1911 3440 2015 3495 Sed
2040 3445 2283 3494 maritum
2316 3456 2395 3495 est
2430 3439 2629 3511 aliquid
2662 3439 2806 3512 quod

1811 3523 1880 3575 ab
1916 3522 2016 3575 hac
2053 3523 2472 3576 contradictione
2506 3520 2803 3585 dimoveat,

1810 3604 1897 3653 cui
1927 3603 2039 3670 jam
2073 3600 2268 3673 liquet,
2312 3619 2368 3654 oe
2406 3600 2655 3668 virginem
2691 3614 2800 3647 non

1807 3678 2047 3732 duxisse:
2069 3692 2127 3731 ut
2143 3698 2289 3731 nunc
2308 3677 2374 3730 de
2393 3673 2664 3728 retinenda
2681 3692 2806 3726 uxo-

1804 3778 1864 3812 re
1883 3761 2056 3812 minus
2076 3760 2328 3813 sollicitus
2347 3774 2458 3811 esse
2473 3754 2680 3807 debeat.
2699 3753 2805 3807 sed

1806 3852 1982 3890 tamen
2012 3837 2116 3890 hoc
2138 3837 2218 3889 vel
2246 3836 2516 3906 aliquanto
2543 3834 2709 3903 magis
2735 3831 2804 3883 ad

1805 3918 2083 3982 maritum,
2110 3933 2266 3987 quam
2293 3911 2364 3965 ad
2389 3924 2655 3982 raptorem
2681 3925 2802 3981 per·

1805 3999 1960 4063 tinet,
1981 4012 2080 4051 etc.
2104 4014 2258 4069 quam
2276 3994 2521 4046 lacunam
2537 3993 2609 4044 ita
2633 3989 2800 4062 reple·

1805 4080 1973 4130 vimus
1997 4096 2059 4130 ex
2082 4075 2425 4148 sequentibus
2453 4073 2564 4138 hin,
2594 4073 2799 4139 conjec-

1807 4168 1921 4207 tura
1942 4156 2103 4208 ducti.
2127 4158 2305 4208 AEnon.
2322 4183 2392 4193 —
2408 4151 2552 4209 Velit
2565 4147 2794 4222 spectari.

1804 4235 1981 4289 AErod.
2007 4236 2134 4290 velit
2156 4244 2397 4307 spectare.
