3200 5117
808 597 1647 694 DECLAMATIONES.
1694 597 1998 663 CCCVI.

374 724 718 796 invocaret
755 748 995 793 manes
1029 719 1290 809 mariti,
1328 747 1470 791 non
1504 722 1804 793 auferret
1842 723 2090 813 hostis,
2140 726 2451 798 etmise-

373 859 631 911 reretur
652 837 821 938 ejus,
844 864 998 934 quae
1022 863 1260 908 amare
1287 835 1699 908 defunctum
1714 837 2078 910 videretur.
2096 840 2262 911 Tibi
2287 869 2448 913 cum

370 955 519 1028 hac:
551 954 904 1052 quomodo
959 972 1179 1053 potest
1229 952 1632 1041 convenire,
1677 953 1873 1053 cujus
1923 955 2450 1029 matrimonium

372 1099 514 1144 non
548 1091 845 1169 petereS,
880 1059 1011 1142 nisi
1049 1095 1213 1140 cum
1248 1096 1328 1140 ea
1354 1067 1725 1167 litigasses?
1751 1068 2082 1141 Visscire
2111 1071 2281 1169 quid
2318 1074 2454 1145 sint

371 1183 675 1286 nuptiae?
706 1183 976 1283 adspice
1010 1181 1203 1254 illam
1233 1181 1572 1280 virginem
1596 1197 1644 1271 ¹,
1680 1207 1895 1278 quam
1923 1203 2112 1281 pater
2141 1183 2451 1276 tradidit,

372 1321 652 1373 euntem
677 1300 788 1372 die
814 1299 1100 1388 celebri,
1127 1297 1500 1369 comitante
1528 1297 1822 1396 populo:
1856 1324 1998 1369 non
2030 1319 2247 1397 potest
2269 1300 2460 1396 quis-

372 1441 585 1512 quam
622 1415 814 1503 dare‚
846 1413 1034 1511 quod
1060 1431 1322 1484 constat
1350 1412 1652 1482 duorum
1672 1411 2045 1484 voluntate.
2081 1415 2454 1513 Utcunque

370 1528 724 1601 tolerabile
752 1549 959 1617 esset,
989 1527 1045 1599 si
1074 1527 1413 1625 virginem
1440 1546 1700 1623 peteres
1717 1583 1735 1615 ‚
1760 1553 1912 1624 quae
1941 1527 2140 1599 nullo
2165 1528 2458 1629 suspirat

370 1643 667 1734 affectu,
715 1670 867 1743 quae
913 1642 1140 1715 adhuc
1196 1641 1593 1741 reipublicae
1644 1643 2180 1714 matrimonium
2229 1645 2451 1717 debet.

372 1761 491 1831 Est
522 1760 952 1859 praecipuum
968 1758 1087 1858 jus
1116 1757 1521 1836 senectutis:
1556 1757 1893 1854 quoniam
1927 1785 2070 1830 non
2097 1787 2238 1831 una
2268 1761 2456 1834 subit

371 1875 604 1946 omnis
629 1887 864 1945 aetas2:
897 1899 1040 1944 non
1070 1893 1402 1972 perpetuo
1431 1895 1816 1945 senatorem
1845 1874 2005 1945 citat
2031 1876 2273 1946 consul
2300 1905 2314 1947 ε
2358 1899 2457 1949 est

370 2015 497 2060 sua
531 1987 992 2087 legationibus
1034 1988 1349 2086 requies:
1395 2016 1616 2086 quum
1663 1989 1788 2062 hos
1827 1991 2156 2063 habueris
2199 2019 2451 2084 annos,

363 2103 514 2203 jam
543 2129 687 2175 non
716 2103 1070 2175 militabis.
1095 2104 1303 2202 Cogis
1336 2130 1463 2174 nos
1491 2131 1692 2202 agere
1724 2106 1970 2177 fortius
1996 2125 2193 2177 :non
2223 2107 2457 2178 omni-

372 2216 504 2288 bus
547 2218 914 2316 praernium
957 2219 1291 2309 debetur3
1341 2246 1484 2291 non
1535 2241 1723 2318 petet
1767 2248 2036 2311 servus,
2085 2249 2240 2294 non·
2274 2243 2456 2321 petet

370 2333 774 2431 peregrinus
803 2332 878 2404 ³:
928 2355 1002 2405 tu
1050 2335 1228 2407 hanc
1270 2336 1637 2407 asserendo
1685 2358 1973 2409 matrem
1998 2394 2016 2427 ,
2070 2338 2342 2410 incertis
2386 2360 2452 2411 te

370 2448 771 2545 parentibus
800 2476 943 2523 esse
968 2452 1316 2523 confessus
1340 2477 1449 2523 es:
1482 2472 1564 2523 ut
1590 2472 1823 2549 optare
1853 2453 2067 2551 possis
2085 2509 2104 2543 ‚
2141 2453 2452 2550 primum

373 2582 437 2634 te
462 2589 738 2637 necesse
760 2585 858 2637 est
878 2565 1103 2637 filium
1126 2566 1409 2665 probes:
1440 2566 1864 2664 perseveras?
1892 2568 1987 2640 sic
2009 2596 2245 2666 agam,
2276 2589 2456 2639 tam-

372 2704 582 2775 quam
618 2679 799 2751 velit.
855 2680 1131 2779 Nuptiis
1180 2680 1306 2752 tihi
1355 2708 1528 2781 opus
1576 2709 1719 2753 non
1769 2703 1868 2755 est
1913 2683 2044 2755 hoc
2091 2705 2400 2783 tempore
2439 2712 2451 2752 :

373 2792 673 2865 militare
703 2793 948 2884 debes,
984 2796 1315 2867 excubare
1333 2851 1353 2885 ,
1382 2793 1701 2893 vigilare:
1734 2795 1822 2867 ab
1855 2795 1984 2868 hac
2013 2818 2082 2869 te
2105 2797 2455 2883 voluntate

2328 623 2450 690 229

374 3031 515 3081 novii
540 3034 917 3084 correctionem
935 3070 952 3098 ,
988 3034 1088 3083 uisi
1111 3031 1257 3104 quod
1285 3034 1370 3084 in-
1448 3049 1553 3082 una
1591 3032 1725 3084 subit
1762 3033 1940 3084 omnia
1970 3043 2126 3085 oetas:
2158 3031 2315 3082 etiam
2347 3047 2458 3081 non

377 3124 609 3162 vocarem
632 3109 879 3163 malebat.
907 3112 1069 3162 Bunu.
1450 3110 1607 3162 male.
1632 3112 1802 3162 Euan.

452 3200 497 3236 1.
534 3185 716 3256 Aspice
751 3189 902 3242 illam
946 3188 1215 3261 viryt'nem.
1258 3190 1372 3242 Hoc
1523 3186 1572 3237 3.
1605 3186 1726 3236 Non
1765 3198 1906 3256 petet
1940 3203 2144 3251 servus,
2177 3204 2284 3237 non
2319 3196 2464 3257 petet

373 3265 601 3335 pertinet
632 3266 699 3317 ad
731 3266 765 3318 Ι.
797 3286 825 3338 7
855 3270 915 3320 C.
943 3267 1010 3320 de
1036 3266 1241 3338 Repud.
1270 3267 1305 3317 l.
1336 3283 1370 3335 9

374 3354 431 3395 et
450 3341 487 3393 l.
514 3361 578 3396 22
606 3345 664 3396 C.
690 3344 756 3397 de
779 3361 931 3418 nupt.
958 3346 1042 3399 30.
1068 3363 1121 3415 q.
1151 3345 1182 3398 5
1199 3382 1216 3410 ,
1238 3348 1371 3397 Ter-

375 3417 489 3471 tuss.
514 3419 548 3472 Ι.
576 3438 596 3472 1
614 3439 631 3472 ι
666 3421 739 3475 ad
757 3442 991 3477 uxorem.
1018 3424 1166 3476 Prrn.
1185 3452 1257 3462 -
1278 3423 1372 3475 Est

367 3502 703 3572 precipuum.
726 3503 904 3557 AErod.
928 3505 1016 3558 secl
1032 3515 1106 3559 est
1121 3521 1276 3577 proec.

444 3597 491 3631 2.
531 3582 659 3634 Non
702 3602 810 3635 una
848 3583 983 3636 subit
1026 3586 1196 3640 omnis
1233 3593 1371 3636 oetas.

370 3658 553 3725 Forte,
576 3677 685 3712 non
705 3662 882 3712 omnia
898 3662 1034 3714 subit
1053 3664 1220 3718 omnis
1235 3673 1372 3716 oetas.

373 3736 477 3802 Qui
497 3737 647 3792 locus
672 3759 703 3792 a
728 3740 926 3793 Seneca
953 3741 1152 3794 alicubi
1180 3754 1374 3794 tracta-

373 3829 474 3868 tur.
504 3820 648 3871 Prru.
677 3821 897 3893 Recepit
926 3822 1066 3875 hanc
1100 3827 1376 3895 conjectu-

374 3914 487 3947 ram
506 3896 832 3966 Obrechtus,
845 3915 905 3954 et
926 3902 1255 3973 probabilem
1279 3922 1376 3972 pu-

374 3988 461 4026 to:
496 3987 576 4028 est
607 3979 746 4030 enim
779 3979 930 4033 color
960 3981 1151 4033 ductus
1189 3999 1251 4033 ex
1286 3979 1375 4032 illo

372 4054 602 4124 Virgilii,
616 4058 807 4129 Geor-g.
826 4062 900 4125 11,
921 4077 1018 4129 ¹09
1033 4082 1047 4111 ε
1078 4083 1101 4106 α
1121 4061 1234 4112 Nec
1247 4077 1372 4112 vero

378 4157 401 4181 «ι
422 4148 570 4188 terrae
615 4139 753 4192 ferre
799 4159 985 4193 omnes
1028 4142 1201 4192 omnia
1246 4159 1376 4212 pos-

379 4236 401 4260 ·
422 4227 563 4268 sunt.
585 4241 608 4264 ιι
648 4218 730 4269 De
764 4236 872 4287 quo
896 4216 1012 4270 vide
1046 4217 1115 4269 ad
1135 4218 1226 4270 lib.
1246 4220 1372 4271 lust.

377 4294 441 4358 V,
484 4312 545 4349 ιο
570 4335 587 4365 ,
623 4298 707 4350 cl.
740 4298 940 4352 Schult.
974 4299 1183 4371 legebat
1217 4321 1229 4351 z
1269 4318 1377 4352 non

1446 3268 1765 3340 pereqrinus.
1782 3266 2000 3318 Nullum
2016 3269 2154 3319 enim
2171 3269 2332 3320 servis
2346 3281 2458 3320 erat

1451 3344 1808 3412 connubium,
1838 3347 1964 3418 quin
2000 3348 2073 3398 eis
2107 3365 2205 3398 nec
2237 3346 2458 3399 militare

1442 3425 1618 3477 licuit.
1637 3426 1862 3491 Rursus,
1875 3430 2138 3499 peregrini
2152 3432 2241 3499 jus
2257 3446 2459 3481 connu-

1450 3503 1527 3556 bii
1563 3523 1686 3557 cum
1720 3504 1921 3558 civibus
1957 3509 2187 3559 romanis
2220 3526 2330 3559 non
2361 3506 2461 3558 ha-

1452 3585 1636 3638 buere.
1683 3585 1808 3637 Non
1854 3604 1981 3655 ergo
2028 3587 2275 3639 omnibus
2324 3606 2461 3658 με·

1456 3664 1649 3726 mium,
1671 3681 1770 3714 nec
1796 3662 2157 3736 quodcunque
2183 3663 2463 3735 postulan-

1454 3742 1602 3795 tibus
1618 3746 1890 3814 praemium
1911 3743 2155 3797 debetur.
2183 3746 2362 3796 AEnon·
2389 3770 2464 3781 ·-

1454 3823 1698 3873 Primum
1728 3832 1776 3873 te
1807 3841 2001 3877 necesse
2032 3835 2104 3877 est
2122 3820 2309 3893 filium
2339 3837 2465 3891 pro-

1453 3902 1549 3954 bes.
1575 3901 2000 3973 Haudquaquam
2035 3903 2229 3954 etenim
2264 3901 2308 3953 si
2336 3918 2466 3972 pro-

1455 3980 1670 4046 basset,
1713 3999 1812 4031 nec
1855 3993 2063 4052 poterat
2106 3994 2323 4051 optare,
2366 3999 2465 4032 nec

1453 4060 1610 4113 vellet
1621 4098 1638 4126 ,
1653 4064 1876 4113 certiore
1891 4064 1972 4112 via
1989 4060 2056 4113 ad
2070 4060 2214 4112 bona
2228 4062 2459 4113 inventa.

1455 4139 1648 4192 Sensus
1669 4141 1839 4192 omnis
1853 4139 2034 4212 jubet:
2065 4140 2138 4192 Ut
2152 4150 2330 4213 optare
2343 4159 2465 4214 pos·

1454 4223 1538 4287 sis,
1559 4222 1792 4292 primum
1819 4234 1866 4275 te
1888 4239 2082 4274 necesse
2107 4234 2199 4288 est,
2230 4240 2338 4275 non
2363 4240 2464 4275 esse

1448 4299 1627 4362 filium
1654 4304 1848 4375 probes.
1872 4302 2039 4357 Gnou.
2065 4305 2130 4356 Et
2155 4306 2232 4356 ita
2259 4302 2461 4356 Schult.
2557 4327 2560 4330 ¹
