3200 5117
744 547 1589 616 DECLAMATIONES.
1636 549 2010 616 CCXLIX.
2342 551 2422 614 23

1028 741 1731 808 DECLAMATIO.

446 897 797 971 Adulterii
849 913 1037 971 ream
1093 898 1363 971 defero:
1419 918 1625 997 puto,
1678 896 1807 969 hoc
1856 900 2140 971 auribus
2184 899 2422 972 vestris

332 1034 473 1084 non
518 1037 790 1086 novum
841 1012 1110 1087 crimen
1151 1030 1293 1085 est:
1349 1011 1541 1110 qnod
1581 1012 1740 1085 satis
1789 1034 1919 1103 est,
1961 1035 2102 1087 non
2152 1014 2242 1086 ab
2293 1013 2421 1085 hac

328 1126 542 1224 coepi:
595 1126 879 1225 qualem
936 1151 1215 1199 causam
1259 1121 1668 1225 pertulerim
1692 1183 1712 1216 ,
1765 1125 1862 1197 sic
1915 1128 2242 1199 oestimare
2287 1153 2422 1228 po-

333 1242 512 1315 testis
556 1270 577 1313 :
624 1242 882 1342 petitur
930 1241 1143 1315 altera
1192 1241 1477 1315 abolitio
1515 1269 1530 1312 :
1567 1239 1684 1312 ille
1720 1241 2023 1340 optavit:
2075 1243 2217 1314 haec
2255 1267 2426 1341 prae-

331 1357 605 1430 scribit:
651 1379 898 1431 neuter
936 1380 1179 1459 negat:
1232 1376 1470 1457 postea
1503 1356 1788 1447 videbo,
1833 1382 1923 1428 an
1969 1356 2077 1428 isti
2125 1377 2429 1456 oporteat

334 1492 615 1545 tantum
658 1475 999 1574 praestari,
1044 1494 1390 1575 quantum
1424 1471 1569 1544 viro
1602 1472 1784 1543 forti.
1833 1467 2121 1544 Interim
2164 1491 2429 1544 semota

330 1612 796 1685 personarum
841 1589 1143 1680 ratione,
1191 1588 1418 1687 ipsam
1461 1606 1770 1658 excutere
1818 1586 2047 1684 legem
2091 1584 2270 1658 volo.
2317 1587 2427 1658 ΝΕ

333 1721 597 1776 ucm‘r
623 1761 643 1795 ,
691 1704 926 1803 inquit
951 1761 972 1794 ‚
1022 1723 1179 1776 cun
1220 1718 1599 1775 snut-rens
1639 1721 1876 1775 soene
1922 1722 2238 1792 mmm,
2283 1719 2424 1774 lel

332 1839 531 1892 rums
582 1839 740 1892 cum
783 1837 1172 1890 suomi-,no
1212 1837 1495 1889 neustr.
1530 1817 1795 1889 Differo
1834 1817 1953 1891 illa
1972 1875 1990 1908 ,
2031 1843 2184 1916 quae
2220 1818 2420 1890 fecit:

330 1932 628 2021 differo,
672 1959 830 2032 qnae
872 1959 1113 2032 passus
1154 1959 1345 2022 sum3
1382 1932 1619 2006 hocin
1661 1936 2015 2032 praesentia
2046 1934 2236 2025 dico,
2279 1960 2423 2018 non

326 2048 589 2147 utique
620 2071 899 2146 semper
926 2046 1099 2145 exigi
1124 2102 1142 2134 ‚
1182 2068 1264 2118 ut
1294 2045 1489 2145 prius
1516 2067 1753 2147 agatur
1781 2075 1944 2123 cum
1976 2049 2312 2122 adultero.
2345 2048 2423 2120 Id

320 2164 536 2235 vobis
569 2219 589 2252 ,
630 2162 942 2263 judices,
984 2160 1317 2235 facillime
1372 2166 1769 2262 persuaderi
1826 2166 2112 2266 poterit,
2165 2167 2220 2238 si
2278 2191 2423 2236 non

322 2299 471 2351 tam
524 2276 855 2379 injustos,
901 2304 1129 2378 neque
1169 2299 1312 2351 tam
1355 2279 1835 2379 imprudentes
1883 2281 2276 2353 existimatis
2326 2280 2428 2352 le·-

327 2421 499 2494 gum
552 2393 799 2468 latores
843 2396 1051 2468 fuisse
1077 2453 1095 2486 ‚
1140 2416 1220 2468 ut
1264 2397 1663 2470 necessitate
1707 2397 2258 2496 praestringerent
2298 2423 2378 2469 ea
2407 2452 2425 2486 ,

328 2537 477 2610 quse
520 2510 825 2611 praestari
854 2538 997 2584 non
1027 2533 1318 2611 possent.
1358 2513 1534 2586 Satis
1566 2514 1717 2586 sine
1752 2509 1971 2585 dubio
1997 2511 2104 2584 lex
2136 2510 2285 2611 ipsa
2314 2509 2427 2584 di-

331 2626 593 2714 cendo,
627 2653 714 2699 ne
738 2633 931 2727 prius
960 2653 1118 2700 cum
1148 2619 1456 2712 adultera
1487 2644 1765 2727 aqatur,
1800 2651 2009 2729 quam
2036 2649 2192 2700 cum
2221 2626 2426 2698 adul-

338 2755 475 2814 tero
524 2758 756 2814 actum
777 2744 1041 2841 fiterit,
1085 2741 1418 2832 ostendit,
1464 2767 1534 2814 se
1567 2741 1654 2813 de
1697 2740 1807 2814 his
1851 2741 2075 2841 loqui,
2121 2765 2422 2838 quorum

335 2877 633 2956 uterque
666 2858 968 2930 accusari
1000 2876 1237 2957 potest.
1268 2857 1688 2931 Admonebo
1720 2878 1951 2930 tamen
1985 2881 2129 2930 uno
2167 2879 2290 2930 aut
2315 2858 2421 2930 al·-

334 2991 480 3043 tero
532 2993 987 3071 argumento,
1035 2993 1366 3069 quantam
1415 2971 1525 3044 lex
1567 2973 1715 3072 ipsa
1740 3029 1760 3062 ,
1808 2972 1870 3045 si
1910 2974 2003 3045 ita
2041 2972 2374 3070 accipitur
2401 3030 2420 3059 ,

340 3114 627 3185 passura
646 3088 977 3189 injuriam
1001 3088 1123 3161 sit:
1154 3089 1504 3188 fingamus
1528 3088 1724 3161 enim
1750 3087 2145 3164 adulterum
2168 3086 2275 3158 vel
2302 3109 2423 3159 sua

347 3201 721 3292 voluntate,
759 3203 866 3275 vel
910 3203 1007 3276 ita
1044 3202 1535 3275 interveniente
1566 3203 1707 3272 fato
1739 3202 1977 3274 statim
2018 3200 2377 3274 decessisse
2405 3230 2420 3272 :

354 3311 485 3384 hoc
509 3315 771 3414 justum
801 3318 1053 3418 poterit
1074 3316 1292 3390 videri
1309 3374 1329 3406 ,
1376 3336 1454 3389 ut
1482 3314 1819 3415 quoniam
1857 3314 2146 3387 alterum
2187 3316 2423 3389 debito

348 3429 693 3529 supplicio
716 3434 845 3504 fata
872 3431 1332 3505 subtraxerint
1347 3488 1368 3522 ,
1392 3430 1608 3505 altera
1632 3455 1912 3528 quoque
1934 3429 2418 3530 impunitatem

348 3544 743 3617 mereatur?
770 3548 1141 3649 Fingamus
1169 3547 1465 3621 alterum
1491 3545 1908 3618 conscientia
1937 3544 2245 3618 criminis
2273 3567 2426 3643 pro-

344 3658 629 3758 fugisse,
674 3660 870 3734 nullo
912 3662 1123 3736 modo
1161 3663 1387 3734 facere
1434 3659 1542 3738 sui
1591 3680 2029 3759 potestatem,
2071 3659 2426 3755 numquid

346 3772 652 3872 exigetis,
703 3794 780 3847 ut
818 3776 975 3849 ideo
1016 3801 1177 3848 cum
1226 3776 1538 3848 adultera
1579 3797 1722 3846 non
1770 3793 2042 3872 agatur,
2089 3773 2423 3869 quoniam

346 3883 614 3961 adulter
641 3889 906 3964 crimen
932 3917 1174 3964 verum
1198 3917 1341 3964 esse
1366 3890 1714 3962 confessus
1743 3886 1864 3960 sit?
1892 3881 2090 3958 nullo
2116 3884 2326 3958 modo
2354 3882 2423 3957 id

338 4002 603 4101 justum
630 4005 846 4078 videri
880 4025 1138 4107 potest3
1180 4032 1345 4077 nam
1390 4006 1447 4077 is
1489 4004 1613 4105 qui
1656 4002 1862 4091 dicit,
1911 4025 2071 4072 cum
2111 3999 2423 4073 adultero

346 4116 531 4215 prius
559 4146 759 4219 agere
784 4121 1031 4211 debes,
1070 4119 1250 4192 illud
1278 4118 1468 4210 dicit,
1502 4118 1694 4220 prius
1718 4144 1884 4190 cum
1916 4109 2223 4188 adultero
2253 4141 2420 4214 age:

347 4232 696 4333 fingamus
730 4238 923 4312 enim
954 4236 1058 4311 vel
1092 4264 1133 4309 a
1158 4256 1223 4309 te
1253 4236 1428 4336 ipsa,
1461 4237 1565 4310 vel
1596 4235 1690 4308 ab
1716 4233 1849 4307 alia
1878 4232 2077 4307 nobis
2104 4230 2424 4305 adulterii
