3200 5117
782 568 910 634 300
1285 572 1384 634 M.
1433 568 1687 634 FABII
1730 567 2365 651 QUINTILIANI

779 715 988 762 coenae
1019 691 1155 762 fide
1177 706 1223 763 ¹.
1253 692 1365 764 Sic
1395 691 1678 763 defendi
1709 691 1996 763 decebat
2024 691 2499 765 innocentiam
2520 750 2539 783 ,
2566 694 2685 765 sed
2713 723 2869 793 qua·

779 825 982 875 tenus
1011 825 1371 902 tamquam
1401 804 1696 902 maligni
1730 804 2112 902 loquimur,
2138 827 2483 904 quatenus
2510 827 2865 906 tamquam

777 917 1077 1015 suspecti
1099 974 1120 1006 ,
1159 919 1234 988 in
1271 917 1634 1017 praesentia
1661 918 1981 1015 seponite
2015 938 2321 990 mentem
2354 947 2587 992 meam
2610 978 2630 1011 ,
2672 949 2869 1021 sepo-

777 1034 922 1104 nite
945 1033 1468 1123 fraternitatem,
1490 1032 1805 1131 seponite
1826 1052 2211 1104 anteactam
2235 1033 2485 1105 vitam:
2514 1055 2865 1134 tamquam

779 1147 868 1219 de
896 1147 1227 1219 veneficio
1263 1147 1542 1246 loquor,
1577 1174 1719 1246 quo
1750 1147 1988 1219 minus
2020 1146 2171 1218 loco
2195 1203 2217 1235 ,
2256 1176 2397 1245 quo
2432 1149 2664 1221 minus
2696 1172 2869 1222 tem-

779 1286 944 1358 pore
978 1260 1143 1331 dare
1176 1260 1366 1331 fratri
1400 1286 1559 1332 meo
1590 1260 1955 1332 debuerim
1990 1288 2362 1333 venenum.
2402 1266 2644 1362 Neque
2678 1265 2868 1336 enim

780 1374 1156 1471 quisquam
1184 1373 1493 1464 dubitat,
1511 1374 1818 1475 judices,
1846 1376 2019 1473 quin
2044 1375 2344 1448 faciendi
2373 1377 2629 1449 scelera
2654 1379 2870 1450 consi-

781 1488 962 1560 lium
980 1503 1004 1533 ²
1037 1516 1185 1563 non
1211 1515 1428 1561 unam
1456 1490 1645 1560 viam
1681 1490 2057 1581 intueatur,
2084 1511 2166 1563 ut
2192 1492 2280 1562 ad
2312 1519 2665 1564 summam
2690 1494 2869 1592 cogi-

780 1604 900 1675 tati
934 1603 1375 1702 inchoatique
1403 1605 1786 1702 perveniat3
1814 1606 1934 1677 sed
1960 1605 2153 1677 illam
2177 1606 2493 1696 alteram,
2523 1608 2630 1679 vel
2656 1608 2866 1706 magis

783 1719 1275 1808 necessariam,
1311 1739 1378 1792 et
1409 1747 1562 1817 quae
1595 1721 1875 1818 penitus
1912 1721 1985 1792 in
2023 1721 2553 1820 cogitationibus
2597 1723 2865 1812 sedeat,

784 1854 860 1903 ut
887 1833 1142 1923 scelus,
1164 1834 1353 1932 quod
1373 1834 1759 1924 commisit,
1789 1856 2015 1933 neget.
2035 1840 2411 1909 Venenum
2437 1837 2562 1909 do:
2593 1859 2663 1910 et
2685 1837 2868 1911 unde

781 1949 970 2037 scio,-
1013 1975 1102 2019 an
1151 1950 1477 2021 exhausta
1521 1951 1805 2048 potione
1856 1950 2086 2021 statim
2144 1950 2512 2023 concidat?
2550 1952 2744 2025 venit
2786 1950 2869 2022 ad

781 2089 1102 2135 mensam
1154 2091 1386 2136 meam
1429 2093 1443 2136 ε
1498 2065 1679 2137 inter
1724 2066 2041 2138 convivas
2084 2093 2277 2139 meos
2329 2067 2624 2165 exspirat
2670 2068 2873 2140 frater

783 2203 1015 2268 meus3
1054 2180 1126 2252 in
1161 2207 1375 2279 quem
1404 2181 1627 2254 scelus
1655 2180 2150 2254 translaturus?
2182 2208 2397 2280 quem
2427 2183 2720 2254 deorum
2751 2182 2875 2253 ho-

784 2292 1203 2390 minumque
1240 2294 1714 2367 invocaturus!
1746 2298 1904 2367 Non
1941 2295 2080 2366 fuit
2112 2321 2272 2393 ergo
2308 2295 2502 2367 locus
2540 2295 2872 2385 idoneus,

784 2433 929 2478 non
965 2409 1098 2481 fuit
1137 2430 1451 2509 tempus:
1498 2409 1756 2510 adjice,
1792 2409 1985 2508 quod
2026 2437 2151 2509 ego
2191 2410 2483 2482 daturus
2523 2436 2873 2483 venenum

782 2523 978 2620 potui
1009 2525 1286 2615 timere,
1322 2552 1411 2597 ne
1446 2524 2019 2624 deprehenderer,
2049 2552 2139 2597 ne
2167 2525 2624 2623 praesentiret,
2654 2553 2745 2596 ne
2772 2526 2875 2596 in-

784 2636 1157 2735 telligeret,
1193 2666 1283 2711 ne
1323 2639 1550 2712 colore
1592 2666 1945 2712 venenum
1989 2638 2567 2739 deprehenderet,
2607 2665 2695 2710 ne
2729 2665 2872 2735 qua

781 2750 880 2823 vis
926 2752 1157 2825 odoris
1196 2779 1269 2825 se
1314 2754 1722 2827 ostenderet.
1772 2755 1969 2827 Nulli
2012 2782 2363 2828 venenum
2399 2751 2669 2825 facilius
2715 2751 2867 2823 dari

783 2888 1041 2965 potest,
1072 2895 1284 2966 quam
1316 2870 1439 2968 qui
1468 2870 1717 2968 accipit
1747 2870 1986 2969 utique
2018 2892 2377 2970 tamquam
2403 2866 2874 2940 medicamen-

782 3005 978 3054 tum:
1022 3008 1183 3081 ergo
1221 2983 1506 3056 nullum
1556 2985 1926 3057 consilium
1968 2984 2237 3058 sceleris
2284 2984 2423 3056 mei
2470 3003 2590 3055 est.
2643 2984 2729 3054 At
2771 2982 2874 3053 tui

784 3117 1044 3195 quanta
1067 3098 1369 3171 occasio?
1390 3125 1821 3198 quamquam
1847 3098 1935 3170 de
1964 3099 2093 3171 hac
2122 3118 2356 3198 postea
2382 3097 2661 3195 loquar:
2689 3095 2878 3195 paul-

784 3213 937 3288 lum
970 3216 1159 3289 enim
1193 3244 1307 3289 me
1342 3217 1732 3316 interpellat
1764 3217 1931 3288 ordo
1952 3274 1970 3306 ,
2015 3237 2096 3288 ut
2138 3215 2311 3286 illud
2352 3212 2871 3286 defendendum

788 3328 1211 3419 existimem,
1250 3330 1440 3429 quod
1476 3332 1756 3403 fratrem
1798 3357 2041 3402 meum
2079 3330 2179 3401 ait
2209 3327 2663 3426 suspicatum.
2702 3329 2874 3397 Ante

787 3443 1063 3533 omnia,
1087 3446 1391 3547 judices,
1430 3446 1621 3545 quod
1653 3446 1744 3518 sit
1778 3444 1951 3516 illud
1990 3442 2401 3544 suspicionis
2432 3468 2654 3541 genus
2676 3497 2696 3531 ,
2734 3465 2873 3511 non

789 3555 1106 3657 intelligo
1136 3587 1150 3629 ε
1204 3581 1568 3660 postquam
1623 3560 1892 3632 biberat
1912 3617 1932 3650 ,
1988 3559 2335 3657 fingamus
2381 3555 2568 3629 cibos
2615 3552 2875 3627 redun-

787 3673 1023 3762 dasse;
1085 3674 1427 3773 fingamus
1468 3676 1775 3773 aliquem
1817 3701 2101 3748 sensum
2142 3668 2594 3747 interiorum³
2623 3670 2871 3742 fuisse:

865 3825 908 3860 t.
934 3810 1112 3862 Media
1144 3828 1300 3864 coenoe
1316 3808 1544 3883 fide.1d
1568 3825 1647 3864 est
1663 3852 1680 3880 ,
1706 3815 1789 3864 in-
1868 3808 2086 3877 scelem,
2109 3809 2414 3871 consilium,
2439 3824 2545 3858 non
2568 3805 2875 3874 unam.Ego

789 3891 1144 3952 terveniente3
1171 3904 1230 3941 ut
1251 3889 1392 3942 Flor.
1419 3892 1517 3957 111,
1547 3908 1566 3942 1
1591 3912 1605 3941 ε
1637 3914 1660 3938 ι
1680 3891 1792 3942 Me-
1871 3890 2078 3942 malim:
2101 3890 2230 3962 quin
2242 3885 2486 3961 faciendi
2503 3881 2703 3936 sceleris
2718 3880 2878 3934 consi-

793 3990 815 4013 «
835 3967 925 4018 dio
949 3969 1082 4039 regis
1105 3970 1296 4041 eapite.
1320 3991 1342 4015 ¹·
1367 3970 1584 4023 senum.
1605 3971 1791 4023 Jacuae-
1874 3972 2006 4024 lium
2052 3990 2159 4025 non
2204 3988 2365 4022 unam
2410 3968 2551 4020 viam
2594 3968 2873 4017 intueamr.

790 4063 844 4094 re
860 4066 874 4094 :
903 4047 977 4096 ita
999 4047 1166 4099 media
1189 4064 1345 4100 coenoe
1356 4045 1513 4121 fides,
1540 4048 1794 4103 AErod.—
1872 4050 2039 4102 Gnotae.
2064 4079 2133 4091 —
2160 4049 2229 4100 In
2260 4043 2663 4122 cogitationibus
2691 4041 2871 4095 sedeat.

789 4122 984 4175 Mensoe
999 4126 1308 4192 accubuere,
1334 4145 1536 4199 margo.
1878 4126 2281 4200 Coyt‘tatt'onibus
2302 4124 2504 4188 sedeat,
2524 4119 2702 4173 AEtod.
2730 4121 2875 4191 (Σοφ-

864 4218 913 4253 2.
955 4202 1093 4272 Quin
1124 4203 1369 4277 faciendi
1399 4205 1590 4258 scelera
1626 4207 1794 4258 consi-
1874 4208 2148 4262 talionibus
2171 4207 2414 4270 insideat,
2442 4203 2509 4257 al.

789 4280 936 4352 lium„
963 4284 1238 4337 AErodim:
1263 4288 1394 4359 quin
1406 4286 1660 4359 faciendo
1682 4287 1795 4357 quis
1957 4286 2007 4339 3.
2072 4285 2404 4338 Interiorum.
2466 4282 2838 4336 Intestinorum
2858 4314 2877 4342 ‚
