3200 5117
688 589 1530 658 DECLAMATIONES.
1577 590 2138 656 CCCXXXVII.
2332 590 2455 679 377

368 720 657 806 positum
682 719 921 808 potest.
947 717 1074 780 Hic
1094 739 1251 804 ergo
1273 737 1529 805 pauper
1548 712 1725 804 apud
1748 736 1856 778 me
1874 715 2046 779 mori
2065 713 2239 777 vult:
2265 737 2458 802 agere

369 823 602 902 dehet,
643 839 719 888 ut
757 824 1094 888 moriatur.
1136 820 1313 905 Quid
1353 843 1510 910 ergo
1552 823 1695 886 est?
1733 843 1872 885 non
1913 821 2104 884 aliter
2142 820 2459 886 invidiam

369 928 556 995 diviti
593 931 788 996 faciet
823 930 1193 995 maximam.
1235 929 1452 993 Prima
1490 927 1769 1017 quaestio
1805 926 1914 990 illa
1955 941 2089 1005 est3
2125 947 2208 990 an
2247 949 2460 993 causae

368 1038 598 1102 mortis
617 1035 770 1103 ideo
794 1052 1049 1102 tantum
1075 1036 1208 1101 sint
1232 1032 1682 1124 approbandae
1697 1083 1714 1112 ,
1740 1055 1825 1097 ne
1851 1049 2076 1121 turpes
2100 1049 2415 1121 pateant1.

1063 1210 1766 1277 DECLAMATIO.

463 1360 649 1432 Mori
676 1360 855 1434 volo‚
893 1360 1180 1432 Nullam
1214 1381 1360 1434 tam
1400 1361 1872 1432 inhumanam
1909 1359 2284 1458 quisquam
2314 1384 2462 1429 cre-

369 1473 620 1546 diderit
637 1502 782 1547 esse
801 1475 1025 1573 legem
1043 1533 1062 1566 ,
1088 1497 1171 1548 ut
1196 1475 1565 1548 hominem
1589 1475 2040 1547 innocentem
2071 1495 2140 1546 et
2166 1472 2463 1545 invitum

370 1589 680 1663 detineat
703 1591 776 1661 iu
801 1590 981 1663 luce.
1013 1591 1149 1663 Sed
1177 1593 1271 1666 ita
1298 1593 1550 1691 scripta
1574 1591 1681 1665 lex
1709 1612 1845 1683 est,
1877 1613 1954 1663 ut
1977 1617 2252 1691 poenam
2285 1617 2465 1662 mor-

368 1704 455 1774 tis
487 1704 894 1776 constituat:
929 1706 1318 1803 insepultus
1346 1707 1722 1810 abjiciatur
1753 1708 1809 1779 is
1829 1763 1849 1797 ,
1884 1707 2007 1806 qui
2036 1733 2180 1778 non
2213 1732 2468 1805 appro-

371 1817 635 1889 baverit
675 1845 912 1891 causas
949 1848 965 1892 :
1001 1820 1316 1893 irascitur
1358 1849 1519 1921 ergo
1562 1822 1673 1895 lex
1712 1823 1819 1910 ei,
1861 1820 1985 1921 qui
2031 1847 2172 1892 non
2209 1846 2466 1920 appro-

372 1931 543 2003 batis
592 1933 860 2004 senatui
906 1935 1126 2006 causis
1177 1936 1454 2034 perierit
1492 1965 1508 2008 :
1561 1964 1719 2037 quae
1766 1938 2074 2038 profecto
2126 1961 2267 2005 non
2322 1934 2465 2007 haec

372 2045 777 2120 existimavit
796 2061 849 2137 ²,
897 2075 1334 2146 quemquam
1383 2051 1563 2121 mori
1613 2050 1795 2123 velle
1844 2049 1997 2121 sine
2050 2074 2279 2121 causa.
2332 2048 2465 2119 Sed

372 2187 597 2259 quum
632 2160 890 2261 duplex
926 2190 1148 2262 genus
1181 2190 1545 2237 causarum
1584 2166 1713 2255 sit,
1752 2163 2046 2238 alterum
2093 2191 2173 2236 ex
2214 2161 2469 2262 injuria

371 2276 700 2375 fortunat,
741 2278 1035 2351 alterum
1070 2307 1150 2352 ex
1189 2279 1380 2353 mala
1415 2281 1878 2372 conscientia,
1916 2281 2048 2353 hoc
2088 2280 2322 2378 ipsum
2350 2307 2468 2351 vo-

371 2392 502 2465 luit
532 2396 900 2494 approbari
929 2398 1242 2487 senatui,
1283 2421 1522 2470 causas
1548 2424 1695 2469 non
1721 2425 1863 2471 esse
1893 2397 2276 2469 deformes:
2315 2424 2468 2495 gra-

370 2535 484 2581 ves
513 2510 705 2582 enim
735 2538 879 2584 esse
903 2513 1356 2585 manifestum
1382 2532 1484 2585 est
1505 2569 1522 2603 ,
1561 2540 1785 2609 quum
1813 2513 2030 2586 homo
2066 2512 2243 2584 mori
2272 2510 2463 2601 velit3

370 2624 535 2697 inde
572 2626 842 2699 senatui
876 2654 1022 2701 non
1053 2628 1138 2700 de
1167 2628 1301 2701 hoc
1334 2629 1896 2727 cognoscendum
1928 2647 2060 2714 est,
2096 2626 2201 2698 hae
2230 2652 2466 2724 graves

370 2768 590 2815 causae
631 2743 912 2832 mortiS,
958 2770 1052 2816 an
1084 2742 1273 2815 non?
1316 2770 1551 2842 graves
1582 2743 1778 2816 enim
1812 2743 2116 2842 imputat
2155 2740 2309 2831 ille,
2344 2748 2465 2839 qui

369 2857 548 2928 mori
576 2856 763 2932 vult:
796 2858 934 2931 hoc
966 2859 1130 2932 satis
1163 2878 1283 2930 est.
1322 2858 1458 2931 Sed
1495 2858 1583 2931 de
1615 2885 1697 2931 eo
1733 2857 2194 2958 cognoscitur,
2233 2877 2467 2955 turpes

372 2969 513 3041 sint
538 2997 758 3044 causae
777 3028 797 3062 ,
826 2999 917 3044 au
950 3000 1032 3045 ex
1059 2971 1366 3074 injuria,
1387 2993 1464 3044 ut
1490 2972 1667 3063 dixi,
1701 2973 1995 3046 fortunae
2031 2969 2470 3071 proficiscan-

370 3104 519 3155 tur:
550 3083 797 3183 aliquis
826 3106 1018 3159 metu
1038 3084 1292 3187 judicii
1321 3085 1499 3158 mori
1520 3086 1710 3158 vult:
1743 3084 1998 3184 dignus
2032 3105 2171 3172 est,
2204 3082 2327 3181 qui
2357 3082 2471 3153 in-

370 3198 679 3298 sepultus
721 3200 1086 3302 abjiciatur
1117 3230 1131 3273 :
1169 3200 1420 3297 aliquis
1454 3198 1874 3272 conscientia
1914 3197 2136 3297 turpis
2170 3196 2467 3298 alicujus

372 3313 611 3413 flagitii
633 3316 944 3406 admissi,
959 3318 1367 3417 priusquam
1389 3314 1746 3415 prodatur,
1768 3314 1947 3386 mori
1961 3309 2195 3384 vult3?
2214 3310 2464 3411 dignus

446 3505 489 3540 ι.
520 3490 604 3542 Ne
630 3503 802 3563 turpes
827 3501 1059 3562 pateant.
1088 3486 1335 3562 AErodius
1356 3525 1373 3553 ,
1524 3486 1576 3538 3.
1627 3485 1940 3557 Priusquam
1990 3482 2281 3554 prodatur,
2328 3480 2466 3533 mori

365 3578 563 3634 petant.
587 3571 774 3622 Forte:
805 3587 872 3622 ne
900 3569 1133 3642 turpibus
1159 3580 1340 3641 pateat
1355 3590 1370 3619 .·
1456 3561 1585 3616 vult.
1608 3564 1797 3615 Merito
1815 3560 2017 3615 addidit
2034 3559 2344 3613 conscientia
2364 3570 2468 3611 tur*-

371 3661 560 3720 nempe
586 3669 728 3702 mors
756 3651 1070 3703 voluntaria.
1098 3651 1261 3704 Gnou.
1288 3652 1374 3705 Ne
1448 3647 1531 3720 pis
1543 3644 1763 3717 alicujus
1761 3643 1971 3721 flagitii
1983 3642 2208 3694 admissi.
2222 3642 2356 3692 Nam
2372 3640 2467 3710 qui

371 3745 479 3778 non
503 3738 673 3799 turpes
698 3740 927 3799 pateant.
961 3729 1178 3782 Scuuvr.
1451 3728 1530 3778 rei
1557 3726 1793 3777 criminis
1822 3742 1932 3776 non
1963 3723 2251 3796 postulati,
2280 3737 2466 3773 manus

444 3822 492 3860 2.
514 3807 638 3859 Non
659 3806 766 3860 hoec
782 3808 1110 3861 existimavit.
1130 3810 1255 3861 Non
1277 3807 1373 3859 hoc
1453 3806 1554 3859 sibi
1591 3805 1866 3858 intulerint
1883 3843 1900 3871 ,
1935 3804 2081 3857 bona
2118 3820 2303 3855 eorum
2335 3801 2464 3852 fisco

369 3905 448 3938 ex.
495 3884 675 3938 AErod.
721 3916 794 3928 -—
835 3888 935 3940 11oe
970 3904 1150 3958 qraves
1191 3904 1368 3938 causoe.
1452 3886 1818 3952 vindicantur,
1860 3888 2228 3956 nisilpropter
2268 3896 2466 3934 metum

368 3965 655 4031 Francius,
680 3963 761 4017 hoe
777 3984 960 4040 graves
977 3966 1086 4018 sint
1109 3983 1274 4017 causoe
1301 3982 1371 4014 m.
1455 3966 1792 4018 conscientie
1842 3963 2257 4035 postulationem
2311 3974 2465 4012 ante-

366 4062 438 4096 an
475 4062 600 4097 non.
636 4074 711 4086 —
748 4045 939 4098 Graves
972 4044 1110 4096 em‘m
1152 4043 1376 4114 imputat
1454 4048 1732 4111 verterint,
1757 4059 1816 4098 ut
1843 4047 2191 4116 Papinianus,
2219 4042 2310 4093 lib.
2345 4044 2463 4094 XVI

369 4122 477 4175 ille.
507 4123 844 4197 Legendnmz
878 4126 1069 4176 Graves
1089 4123 1232 4174 enim
1248 4126 1369 4196 jam
1453 4141 1837 4195 responsorum
1875 4122 2112 4193 scripsit:
2153 4143 2175 4166 ιι
2194 4122 2301 4189 Qui
2338 4139 2463 4192 pos-

365 4213 517 4272 putat
547 4201 658 4256 ille.
688 4205 854 4257 Giton,
890 4203 1078 4254 Graves
1108 4203 1247 4254 enim
1275 4222 1373 4274 pu·
1458 4224 1482 4248 ι
1505 4202 1700 4255 tulatus
1723 4217 1832 4266 est,
1853 4203 2069 4254 omnino
2092 4202 2138 4253 si
2157 4199 2255 4253 sibi
2276 4217 2463 4254 manus

371 4290 476 4332 eat.-
503 4282 576 4333 im
599 4281 751 4335 fluxit
773 4300 837 4333 ex
859 4279 1020 4333 enim.
1045 4281 1262 4335 Senum.
1457 4306 1480 4329 ιι
1503 4283 1696 4337 afferat
1714 4322 1731 4352 ,
1773 4302 1873 4355 pro
1916 4284 2163 4337 confesso
2204 4279 2434 4335 habetur
2450 4317 2465 4343 ‚
