<?xml version="1.0" encoding="UTF-8"?>
<!DOCTYPE html PUBLIC "-//W3C//DTD XHTML 1.0 Transitional//EN"
    "http://www.w3.org/TR/xhtml1/DTD/xhtml1-transitional.dtd">
<html xmlns="http://www.w3.org/1999/xhtml" xml:lang="en" lang="en">
 <head>
  <title>
</title>
<meta http-equiv="Content-Type" content="text/html;charset=utf-8" />
  <meta name='ocr-system' content='tesseract 3.04.00' />
  <meta name='ocr-capabilities' content='ocr_page ocr_carea ocr_par ocr_line ocrx_word'/>
</head>
<body>
  <div class='ocr_page' id='page_1' title='image "./deinstitutioneo00flacgoog_0217.png"; bbox 0 0 3200 5117; ppageno 0'>
   <div class='ocr_carea' id='block_1_1' title="bbox 850 553 2483 637">
    <p class='ocr_par' dir='ltr' id='par_1_1' title="bbox 850 553 2483 637">
     <span class='ocr_line' id='line_1_1' title="bbox 850 553 2483 637; baseline 0.013 -21"><span class='ocrx_word' id='word_1_1' title='bbox 850 553 1695 627; x_wconf 84' lang='lat' dir='ltr'><strong>DECLAMATIONES.</strong></span> <span class='ocrx_word' id='word_1_2' title='bbox 1744 565 2023 633; x_wconf 87' lang='lat' dir='ltr'><strong>CCCII.</strong></span> <span class='ocrx_word' id='word_1_3' title='bbox 2359 573 2483 637; x_wconf 79' lang='lat'><strong>213</strong></span> 
     </span>
    </p>
   </div>
   <div class='ocr_carea' id='block_1_2' title="bbox 378 668 2489 2976">
    <p class='ocr_par' dir='ltr' id='par_1_2' title="bbox 378 668 2489 2976">
     <span class='ocr_line' id='line_1_2' title="bbox 393 668 2489 794; baseline 0.012 -53"><span class='ocrx_word' id='word_1_4' title='bbox 393 668 696 771; x_wconf 77' lang='lat' dir='ltr'>incipere</span> <span class='ocrx_word' id='word_1_5' title='bbox 743 674 919 749; x_wconf 87' lang='lat' dir='ltr'><strong>libet</strong></span> <span class='ocrx_word' id='word_1_6' title='bbox 962 679 1050 750; x_wconf 85' lang='lat' dir='ltr'><strong>ab</strong></span> <span class='ocrx_word' id='word_1_7' title='bbox 1094 680 1244 780; x_wconf 86' lang='lat' dir='ltr'><strong>ipsa</strong></span> <span class='ocrx_word' id='word_1_8' title='bbox 1289 683 1459 782; x_wconf 88' lang='lat' dir='ltr'><strong>lege.</strong></span> <span class='ocrx_word' id='word_1_9' title='bbox 1509 687 1636 757; x_wconf 88' lang='lat' dir='ltr'><strong>Jus</strong></span> <span class='ocrx_word' id='word_1_10' title='bbox 1678 709 1856 761; x_wconf 88' lang='lat' dir='ltr'><strong>certe</strong></span> <span class='ocrx_word' id='word_1_11' title='bbox 1904 693 2190 766; x_wconf 83' lang='lat' dir='ltr'><strong>sedendi</strong></span> <span class='ocrx_word' id='word_1_12' title='bbox 2240 695 2489 794; x_wconf 83' lang='lat' dir='ltr'>implet</span> 
     </span>
     <span class='ocr_line' id='line_1_3' title="bbox 391 786 2484 908; baseline 0.012 -51"><span class='ocrx_word' id='word_1_13' title='bbox 391 786 781 885; x_wconf 76' lang='lat' dir='ltr'><strong>ingenuitas</strong></span> <span class='ocrx_word' id='word_1_14' title='bbox 815 812 883 864; x_wconf 91' lang='lat' dir='ltr'><strong>et</strong></span> <span class='ocrx_word' id='word_1_15' title='bbox 909 819 1193 867; x_wconf 82' lang='lat' dir='ltr'><strong>census:</strong></span> <span class='ocrx_word' id='word_1_16' title='bbox 1230 799 1688 895; x_wconf 85' lang='lat' dir='ltr'><strong>quaerendum</strong></span> <span class='ocrx_word' id='word_1_17' title='bbox 1721 823 1821 874; x_wconf 87' lang='lat' dir='ltr'><strong>est</strong></span> <span class='ocrx_word' id='word_1_18' title='bbox 1852 831 2011 903; x_wconf 87' lang='lat' dir='ltr'><strong>ergo</strong></span> <span class='ocrx_word' id='word_1_19' title='bbox 2030 864 2049 897; x_wconf 91' lang='lat'>‚</span> <span class='ocrx_word' id='word_1_20' title='bbox 2080 835 2169 880; x_wconf 89' lang='lat' dir='ltr'><strong>an</strong></span> <span class='ocrx_word' id='word_1_21' title='bbox 2201 809 2314 882; x_wconf 88' lang='lat' dir='ltr'><strong>hic</strong></span> <span class='ocrx_word' id='word_1_22' title='bbox 2344 810 2484 908; x_wconf 85' lang='lat' dir='ltr'><strong>gla-</strong></span> 
     </span>
     <span class='ocr_line' id='line_1_4' title="bbox 392 900 2482 1024; baseline 0.012 -52"><span class='ocrx_word' id='word_1_23' title='bbox 392 900 613 975; x_wconf 88' lang='lat' dir='ltr'><strong>diator</strong></span> <span class='ocrx_word' id='word_1_24' title='bbox 640 904 765 997; x_wconf 82' lang='lat' dir='ltr'><strong>sit,</strong></span> <span class='ocrx_word' id='word_1_25' title='bbox 801 928 921 979; x_wconf 91' lang='lat' dir='ltr'><strong>aut</strong></span> <span class='ocrx_word' id='word_1_26' title='bbox 947 909 1178 982; x_wconf 84' lang='lat' dir='ltr'><strong>fuerit.</strong></span> <span class='ocrx_word' id='word_1_27' title='bbox 1214 915 1373 985; x_wconf 91' lang='lat' dir='ltr'><strong>Non</strong></span> <span class='ocrx_word' id='word_1_28' title='bbox 1408 940 1651 987; x_wconf 87' lang='lat' dir='ltr'><strong>sumus</strong></span> <span class='ocrx_word' id='word_1_29' title='bbox 1681 919 1918 1018; x_wconf 90' lang='lat' dir='ltr'><strong>magni</strong></span> <span class='ocrx_word' id='word_1_30' title='bbox 1949 921 2118 1020; x_wconf 87' lang='lat' dir='ltr'><strong>legis</strong></span> <span class='ocrx_word' id='word_1_31' title='bbox 2146 923 2482 1024; x_wconf 84' lang='lat' dir='ltr'><strong>interpre-</strong></span> 
     </span>
     <span class='ocr_line' id='line_1_5' title="bbox 390 1021 2481 1119; baseline 0.011 -29"><span class='ocrx_word' id='word_1_32' title='bbox 390 1036 531 1090; x_wconf 85' lang='lat' dir='ltr'><strong>tes:</strong></span> <span class='ocrx_word' id='word_1_33' title='bbox 568 1045 710 1092; x_wconf 89' lang='lat' dir='ltr'><strong>non</strong></span> <span class='ocrx_word' id='word_1_34' title='bbox 742 1021 1032 1114; x_wconf 87' lang='lat' dir='ltr'><strong>ludum,</strong></span> <span class='ocrx_word' id='word_1_35' title='bbox 1064 1051 1191 1099; x_wconf 88' lang='lat' dir='ltr'><strong>nec</strong></span> <span class='ocrx_word' id='word_1_36' title='bbox 1218 1053 1502 1101; x_wconf 83' lang='lat' dir='ltr'><strong>arenam</strong></span> <span class='ocrx_word' id='word_1_37' title='bbox 1521 1087 1541 1119; x_wconf 86' lang='lat'>‚</span> <span class='ocrx_word' id='word_1_38' title='bbox 1568 1057 1698 1103; x_wconf 90' lang='lat' dir='ltr'><strong>nec</strong></span> <span class='ocrx_word' id='word_1_39' title='bbox 1729 1058 2085 1106; x_wconf 83' lang='lat' dir='ltr'><strong>armorum</strong></span> <span class='ocrx_word' id='word_1_40' title='bbox 2118 1038 2481 1111; x_wconf 87' lang='lat' dir='ltr'><strong>scientiam</strong></span> 
     </span>
     <span class='ocr_line' id='line_1_6' title="bbox 392 1134 2484 1252; baseline 0.011 -48"><span class='ocrx_word' id='word_1_41' title='bbox 392 1134 750 1234; x_wconf 87' lang='lat' dir='ltr'><strong>complexa</strong></span> <span class='ocrx_word' id='word_1_42' title='bbox 778 1159 910 1228; x_wconf 88' lang='lat' dir='ltr'><strong>est,</strong></span> <span class='ocrx_word' id='word_1_43' title='bbox 940 1141 1060 1213; x_wconf 85' lang='lat' dir='ltr'><strong>sed</strong></span> <span class='ocrx_word' id='word_1_44' title='bbox 1090 1142 1403 1241; x_wconf 76' lang='lat' dir='ltr'>gladium</span> <span class='ocrx_word' id='word_1_45' title='bbox 1430 1172 1445 1216; x_wconf 79' lang='lat' dir='ltr'><strong>t</strong></span> <span class='ocrx_word' id='word_1_46' title='bbox 1474 1145 1587 1219; x_wconf 88' lang='lat' dir='ltr'><strong>cui</strong></span> <span class='ocrx_word' id='word_1_47' title='bbox 1621 1147 1922 1220; x_wconf 89' lang='lat' dir='ltr'><strong>dubium</strong></span> <span class='ocrx_word' id='word_1_48' title='bbox 1947 1171 2077 1242; x_wconf 79' lang='lat' dir='ltr'><strong>est,</strong></span> <span class='ocrx_word' id='word_1_49' title='bbox 2109 1152 2182 1223; x_wconf 86' lang='lat' dir='ltr'><strong>id</strong></span> <span class='ocrx_word' id='word_1_50' title='bbox 2208 1154 2484 1252; x_wconf 84' lang='lat' dir='ltr'><strong>exigen-</strong></span> 
     </span>
     <span class='ocr_line' id='line_1_7' title="bbox 394 1245 2487 1360; baseline 0.011 -42"><span class='ocrx_word' id='word_1_51' title='bbox 394 1245 566 1320; x_wconf 88' lang='lat' dir='ltr'><strong>dum</strong></span> <span class='ocrx_word' id='word_1_52' title='bbox 597 1276 738 1323; x_wconf 85' lang='lat' dir='ltr'><strong>esse</strong></span> <span class='ocrx_word' id='word_1_53' title='bbox 773 1252 846 1324; x_wconf 90' lang='lat' dir='ltr'><strong>in</strong></span> <span class='ocrx_word' id='word_1_54' title='bbox 878 1279 994 1346; x_wconf 87' lang='lat' dir='ltr'><strong>eo,</strong></span> <span class='ocrx_word' id='word_1_55' title='bbox 1030 1283 1109 1327; x_wconf 84' lang='lat' dir='ltr'><strong>ex</strong></span> <span class='ocrx_word' id='word_1_56' title='bbox 1139 1284 1278 1354; x_wconf 92' lang='lat' dir='ltr'><strong>quo</strong></span> <span class='ocrx_word' id='word_1_57' title='bbox 1303 1286 1566 1332; x_wconf 88' lang='lat' dir='ltr'><strong>nomen</strong></span> <span class='ocrx_word' id='word_1_58' title='bbox 1602 1261 1999 1360; x_wconf 86' lang='lat' dir='ltr'><strong>gladiatoris</strong></span> <span class='ocrx_word' id='word_1_59' title='bbox 2029 1266 2319 1339; x_wconf 89' lang='lat' dir='ltr'><strong>ductum</strong></span> <span class='ocrx_word' id='word_1_60' title='bbox 2353 1270 2487 1341; x_wconf 85' lang='lat' dir='ltr'><strong>est?</strong></span> 
     </span>
     <span class='ocr_line' id='line_1_8' title="bbox 392 1359 2487 1482; baseline 0.012 -53"><span class='ocrx_word' id='word_1_61' title='bbox 392 1359 732 1457; x_wconf 78' lang='lat' dir='ltr'><strong>gladiator</strong></span> <span class='ocrx_word' id='word_1_62' title='bbox 759 1365 1139 1468; x_wconf 65' lang='lat' dir='ltr'><strong>igiturest,</strong></span> <span class='ocrx_word' id='word_1_63' title='bbox 1170 1369 1292 1469; x_wconf 91' lang='lat' dir='ltr'><strong>qui</strong></span> <span class='ocrx_word' id='word_1_64' title='bbox 1328 1371 1400 1441; x_wconf 90' lang='lat' dir='ltr'><strong>in</strong></span> <span class='ocrx_word' id='word_1_65' title='bbox 1436 1398 1650 1445; x_wconf 83' lang='lat' dir='ltr'><strong>arena</strong></span> <span class='ocrx_word' id='word_1_66' title='bbox 1682 1377 1947 1474; x_wconf 89' lang='lat' dir='ltr'><strong>populo</strong></span> <span class='ocrx_word' id='word_1_67' title='bbox 1980 1401 2326 1477; x_wconf 83' lang='lat' dir='ltr'><strong>spectante</strong></span> <span class='ocrx_word' id='word_1_68' title='bbox 2355 1409 2487 1482; x_wconf 84' lang='lat' dir='ltr'><strong>pu-</strong></span> 
     </span>
     <span class='ocr_line' id='line_1_9' title="bbox 388 1477 2483 1594; baseline 0.011 -48"><span class='ocrx_word' id='word_1_69' title='bbox 388 1477 644 1573; x_wconf 86' lang='lat' dir='ltr'><strong>gnavit.</strong></span> <span class='ocrx_word' id='word_1_70' title='bbox 678 1482 865 1553; x_wconf 84' lang='lat' dir='ltr'><strong>Nam</strong></span> <span class='ocrx_word' id='word_1_71' title='bbox 900 1508 1127 1583; x_wconf 91' lang='lat' dir='ltr'><strong>neque</strong></span> <span class='ocrx_word' id='word_1_72' title='bbox 1157 1506 1386 1558; x_wconf 88' lang='lat' dir='ltr'><strong>orator</strong></span> <span class='ocrx_word' id='word_1_73' title='bbox 1411 1509 1545 1576; x_wconf 86' lang='lat' dir='ltr'><strong>est,</strong></span> <span class='ocrx_word' id='word_1_74' title='bbox 1582 1489 1705 1587; x_wconf 92' lang='lat' dir='ltr'><strong>qui</strong></span> <span class='ocrx_word' id='word_1_75' title='bbox 1735 1515 2104 1591; x_wconf 89' lang='lat' dir='ltr'><strong>nunquam</strong></span> <span class='ocrx_word' id='word_1_76' title='bbox 2140 1496 2281 1594; x_wconf 82' lang='lat' dir='ltr'><strong>egit</strong></span> <span class='ocrx_word' id='word_1_77' title='bbox 2311 1523 2483 1569; x_wconf 89' lang='lat' dir='ltr'><strong>cau-</strong></span> 
     </span>
     <span class='ocr_line' id='line_1_10' title="bbox 389 1603 2481 1709; baseline 0.011 -47"><span class='ocrx_word' id='word_1_78' title='bbox 389 1617 579 1683; x_wconf 82' lang='lat' dir='ltr'><strong>sam3</strong></span> <span class='ocrx_word' id='word_1_79' title='bbox 616 1621 845 1695; x_wconf 89' lang='lat' dir='ltr'><strong>neque</strong></span> <span class='ocrx_word' id='word_1_80' title='bbox 873 1621 1247 1693; x_wconf 82' lang='lat' dir='ltr'><strong>accusator,</strong></span> <span class='ocrx_word' id='word_1_81' title='bbox 1288 1603 1409 1702; x_wconf 90' lang='lat' dir='ltr'><strong>qui</strong></span> <span class='ocrx_word' id='word_1_82' title='bbox 1450 1631 1649 1677; x_wconf 88' lang='lat' dir='ltr'><strong>reum</strong></span> <span class='ocrx_word' id='word_1_83' title='bbox 1687 1606 1760 1678; x_wconf 91' lang='lat' dir='ltr'><strong>in</strong></span> <span class='ocrx_word' id='word_1_84' title='bbox 1784 1605 2138 1709; x_wconf 86' lang='lat' dir='ltr'><strong>judicium</strong></span> <span class='ocrx_word' id='word_1_85' title='bbox 2173 1639 2316 1685; x_wconf 89' lang='lat' dir='ltr'><strong>non</strong></span> <span class='ocrx_word' id='word_1_86' title='bbox 2352 1613 2481 1685; x_wconf 90' lang='lat' dir='ltr'><strong>de-</strong></span> 
     </span>
     <span class='ocr_line' id='line_1_11' title="bbox 388 1709 2481 1815; baseline 0.012 -36"><span class='ocrx_word' id='word_1_87' title='bbox 388 1709 621 1802; x_wconf 81' lang='lat' dir='ltr'><strong>duxit3</strong></span> <span class='ocrx_word' id='word_1_88' title='bbox 653 1739 880 1812; x_wconf 88' lang='lat' dir='ltr'><strong>neque</strong></span> <span class='ocrx_word' id='word_1_89' title='bbox 912 1743 1099 1808; x_wconf 68' lang='lat' dir='ltr'><strong>rem,</strong></span> <span class='ocrx_word' id='word_1_90' title='bbox 1135 1718 1255 1815; x_wconf 90' lang='lat' dir='ltr'><strong>qui</strong></span> <span class='ocrx_word' id='word_1_91' title='bbox 1289 1746 1567 1792; x_wconf 89' lang='lat' dir='ltr'><strong>causam</strong></span> <span class='ocrx_word' id='word_1_92' title='bbox 1605 1749 1749 1795; x_wconf 89' lang='lat' dir='ltr'><strong>non</strong></span> <span class='ocrx_word' id='word_1_93' title='bbox 1783 1724 1973 1797; x_wconf 80' lang='lat' dir='ltr'><strong>dixit.</strong></span> <span class='ocrx_word' id='word_1_94' title='bbox 1994 1727 2379 1803; x_wconf 84' lang='lat' dir='ltr'><strong>Videamus</strong></span> <span class='ocrx_word' id='word_1_95' title='bbox 2413 1751 2481 1803; x_wconf 85' lang='lat' dir='ltr'><strong>et</strong></span> 
     </span>
     <span class='ocr_line' id='line_1_12' title="bbox 386 1823 2476 1942; baseline 0.011 -48"><span class='ocrx_word' id='word_1_96' title='bbox 386 1823 607 1923; x_wconf 87' lang='lat' dir='ltr'><strong>ipsius</strong></span> <span class='ocrx_word' id='word_1_97' title='bbox 637 1829 928 1927; x_wconf 88' lang='lat' dir='ltr'><strong>periculi</strong></span> <span class='ocrx_word' id='word_1_98' title='bbox 963 1858 1266 1905; x_wconf 86' lang='lat' dir='ltr'><strong>causam.</strong></span> <span class='ocrx_word' id='word_1_99' title='bbox 1292 1833 1582 1926; x_wconf 66' lang='lat' dir='ltr'><strong>Quaere,</strong></span> <span class='ocrx_word' id='word_1_100' title='bbox 1623 1864 1714 1909; x_wconf 92' lang='lat' dir='ltr'><strong>an</strong></span> <span class='ocrx_word' id='word_1_101' title='bbox 1749 1840 1805 1910; x_wconf 93' lang='lat' dir='ltr'><strong>si</strong></span> <span class='ocrx_word' id='word_1_102' title='bbox 1836 1841 2131 1913; x_wconf 87' lang='lat' dir='ltr'><strong>creditor</strong></span> <span class='ocrx_word' id='word_1_103' title='bbox 2161 1867 2313 1942; x_wconf 88' lang='lat' dir='ltr'><strong>post</strong></span> <span class='ocrx_word' id='word_1_104' title='bbox 2350 1845 2476 1917; x_wconf 86' lang='lat' dir='ltr'><strong>da—</strong></span> 
     </span>
     <span class='ocr_line' id='line_1_13' title="bbox 386 1942 2480 2057; baseline 0.01 -49"><span class='ocrx_word' id='word_1_105' title='bbox 386 1957 529 2010; x_wconf 88' lang='lat' dir='ltr'><strong>tam</strong></span> <span class='ocrx_word' id='word_1_106' title='bbox 558 1942 971 2039; x_wconf 86' lang='lat' dir='ltr'><strong>pecuniam,</strong></span> <span class='ocrx_word' id='word_1_107' title='bbox 1003 1973 1242 2045; x_wconf 87' lang='lat' dir='ltr'><strong>operas</strong></span> <span class='ocrx_word' id='word_1_108' title='bbox 1274 1950 1644 2032; x_wconf 78' lang='lat' dir='ltr'><strong>remisisset</strong></span> <span class='ocrx_word' id='word_1_109' title='bbox 1663 1967 1710 2042; x_wconf 81' lang='lat'><strong>¹,</strong></span> <span class='ocrx_word' id='word_1_110' title='bbox 1738 1953 1994 2027; x_wconf 87' lang='lat' dir='ltr'><strong>diceres</strong></span> <span class='ocrx_word' id='word_1_111' title='bbox 2022 1985 2184 2029; x_wconf 90' lang='lat' dir='ltr'><strong>eum</strong></span> <span class='ocrx_word' id='word_1_112' title='bbox 2217 1959 2480 2057; x_wconf 86' lang='lat' dir='ltr'><strong>gladia-</strong></span> 
     </span>
     <span class='ocr_line' id='line_1_14' title="bbox 386 2055 2478 2165; baseline 0.011 -43"><span class='ocrx_word' id='word_1_113' title='bbox 386 2071 609 2124; x_wconf 86' lang='lat' dir='ltr'><strong>torem</strong></span> <span class='ocrx_word' id='word_1_114' title='bbox 633 2055 887 2129; x_wconf 80' lang='lat' dir='ltr'><strong>fuisse?</strong></span> <span class='ocrx_word' id='word_1_115' title='bbox 910 2061 992 2131; x_wconf 89' lang='lat' dir='ltr'><strong>In</strong></span> <span class='ocrx_word' id='word_1_116' title='bbox 1020 2060 1190 2133; x_wconf 91' lang='lat' dir='ltr'><strong>ludo</strong></span> <span class='ocrx_word' id='word_1_117' title='bbox 1213 2062 1349 2135; x_wconf 85' lang='lat' dir='ltr'><strong>fuit</strong></span> <span class='ocrx_word' id='word_1_118' title='bbox 1373 2092 1387 2135; x_wconf 91' lang='lat'>:</span> <span class='ocrx_word' id='word_1_119' title='bbox 1415 2064 1702 2141; x_wconf 84' lang='lat' dir='ltr'><strong>fuerunt</strong></span> <span class='ocrx_word' id='word_1_120' title='bbox 1724 2068 2064 2162; x_wconf 76' lang='lat' dir='ltr'><strong>doctore5‚</strong></span> <span class='ocrx_word' id='word_1_121' title='bbox 2099 2093 2165 2143; x_wconf 88' lang='lat' dir='ltr'><strong>et</strong></span> <span class='ocrx_word' id='word_1_122' title='bbox 2191 2073 2478 2165; x_wconf 86' lang='lat' dir='ltr'><strong>medici,</strong></span> 
     </span>
     <span class='ocr_line' id='line_1_15' title="bbox 387 2167 2479 2273; baseline 0.012 -38"><span class='ocrx_word' id='word_1_123' title='bbox 387 2187 457 2236; x_wconf 90' lang='lat' dir='ltr'><strong>et</strong></span> <span class='ocrx_word' id='word_1_124' title='bbox 480 2167 771 2242; x_wconf 87' lang='lat' dir='ltr'><strong>ministri</strong></span> <span class='ocrx_word' id='word_1_125' title='bbox 798 2200 813 2243; x_wconf 87' lang='lat'><strong>:</strong></span> <span class='ocrx_word' id='word_1_126' title='bbox 851 2200 1079 2273; x_wconf 90' lang='lat' dir='ltr'><strong>neque</strong></span> <span class='ocrx_word' id='word_1_127' title='bbox 1106 2196 1340 2250; x_wconf 87' lang='lat' dir='ltr'><strong>tamen</strong></span> <span class='ocrx_word' id='word_1_128' title='bbox 1371 2179 1443 2250; x_wconf 90' lang='lat' dir='ltr'><strong>in</strong></span> <span class='ocrx_word' id='word_1_129' title='bbox 1470 2181 1590 2253; x_wconf 87' lang='lat' dir='ltr'><strong>illo</strong></span> <span class='ocrx_word' id='word_1_130' title='bbox 1620 2184 1907 2257; x_wconf 89' lang='lat' dir='ltr'><strong>nomine</strong></span> <span class='ocrx_word' id='word_1_131' title='bbox 1932 2206 2275 2259; x_wconf 88' lang='lat' dir='ltr'><strong>tenentur.</strong></span> <span class='ocrx_word' id='word_1_132' title='bbox 2307 2192 2479 2262; x_wconf 88' lang='lat' dir='ltr'><strong>Pro-</strong></span> 
     </span>
     <span class='ocr_line' id='line_1_16' title="bbox 385 2279 2481 2397; baseline 0.011 -45"><span class='ocrx_word' id='word_1_133' title='bbox 385 2279 636 2355; x_wconf 86' lang='lat' dir='ltr'><strong>ductus</strong></span> <span class='ocrx_word' id='word_1_134' title='bbox 680 2287 813 2376; x_wconf 83' lang='lat' dir='ltr'><strong>est,</strong></span> <span class='ocrx_word' id='word_1_135' title='bbox 857 2310 923 2362; x_wconf 91' lang='lat' dir='ltr'><strong>et</strong></span> <span class='ocrx_word' id='word_1_136' title='bbox 962 2291 1080 2363; x_wconf 84' lang='lat' dir='ltr'><strong>alii</strong></span> <span class='ocrx_word' id='word_1_137' title='bbox 1123 2293 1369 2383; x_wconf 87' lang='lat' dir='ltr'><strong>multi,</strong></span> <span class='ocrx_word' id='word_1_138' title='bbox 1413 2298 1781 2395; x_wconf 86' lang='lat' dir='ltr'><strong>spectaculi</strong></span> <span class='ocrx_word' id='word_1_139' title='bbox 1825 2301 2063 2397; x_wconf 88' lang='lat' dir='ltr'><strong>gratia.</strong></span> <span class='ocrx_word' id='word_1_140' title='bbox 2108 2301 2244 2374; x_wconf 89' lang='lat' dir='ltr'><strong>Sed</strong></span> <span class='ocrx_word' id='word_1_141' title='bbox 2275 2304 2481 2376; x_wconf 82' lang='lat' dir='ltr'><strong>affuit</strong></span> 
     </span>
     <span class='ocr_line' id='line_1_17' title="bbox 378 2404 2480 2515; baseline 0.011 -47"><span class='ocrx_word' id='word_1_142' title='bbox 378 2422 687 2497; x_wconf 80' lang='lat' dir='ltr'><strong>pugnae:</strong></span> <span class='ocrx_word' id='word_1_143' title='bbox 737 2404 853 2476; x_wconf 90' lang='lat' dir='ltr'><strong>sed</strong></span> <span class='ocrx_word' id='word_1_144' title='bbox 904 2406 1228 2479; x_wconf 90' lang='lat' dir='ltr'><strong>animum</strong></span> <span class='ocrx_word' id='word_1_145' title='bbox 1279 2412 1623 2485; x_wconf 77' lang='lat' dir='ltr'><strong>teneris²z</strong></span> <span class='ocrx_word' id='word_1_146' title='bbox 1674 2441 1899 2512; x_wconf 88' lang='lat' dir='ltr'><strong>quum</strong></span> <span class='ocrx_word' id='word_1_147' title='bbox 1946 2418 2319 2515; x_wconf 69' lang='lat' dir='ltr'><strong>praesertim</strong></span> <span class='ocrx_word' id='word_1_148' title='bbox 2365 2418 2480 2491; x_wconf 92' lang='lat' dir='ltr'><strong>hic</strong></span> 
     </span>
     <span class='ocr_line' id='line_1_18' title="bbox 384 2513 2480 2633; baseline 0.01 -48"><span class='ocrx_word' id='word_1_149' title='bbox 384 2513 553 2586; x_wconf 88' lang='lat' dir='ltr'><strong>ordo</strong></span> <span class='ocrx_word' id='word_1_150' title='bbox 587 2543 667 2588; x_wconf 84' lang='lat' dir='ltr'><strong>ex</strong></span> <span class='ocrx_word' id='word_1_151' title='bbox 707 2518 913 2593; x_wconf 89' lang='lat' dir='ltr'><strong>laude</strong></span> <span class='ocrx_word' id='word_1_152' title='bbox 951 2523 1216 2597; x_wconf 79' lang='lat' dir='ltr'><strong>militiae</strong></span> <span class='ocrx_word' id='word_1_153' title='bbox 1254 2525 1384 2599; x_wconf 91' lang='lat' dir='ltr'><strong>hoc</strong></span> <span class='ocrx_word' id='word_1_154' title='bbox 1413 2555 1678 2601; x_wconf 88' lang='lat' dir='ltr'><strong>nomen</strong></span> <span class='ocrx_word' id='word_1_155' title='bbox 1717 2533 2102 2632; x_wconf 86' lang='lat' dir='ltr'><strong>acceperit:</strong></span> <span class='ocrx_word' id='word_1_156' title='bbox 2142 2560 2286 2605; x_wconf 89' lang='lat' dir='ltr'><strong>non</strong></span> <span class='ocrx_word' id='word_1_157' title='bbox 2316 2562 2480 2633; x_wconf 84' lang='lat' dir='ltr'><strong>ergo</strong></span> 
     </span>
     <span class='ocr_line' id='line_1_19' title="bbox 385 2639 2480 2747; baseline 0.01 -45"><span class='ocrx_word' id='word_1_158' title='bbox 385 2656 620 2730; x_wconf 87' lang='lat' dir='ltr'><strong>pugna</strong></span> <span class='ocrx_word' id='word_1_159' title='bbox 665 2661 788 2734; x_wconf 90' lang='lat' dir='ltr'><strong>per</strong></span> <span class='ocrx_word' id='word_1_160' title='bbox 833 2664 903 2711; x_wconf 87' lang='lat' dir='ltr'><strong>se</strong></span> <span class='ocrx_word' id='word_1_161' title='bbox 949 2641 1169 2740; x_wconf 87' lang='lat' dir='ltr'><strong>turpis</strong></span> <span class='ocrx_word' id='word_1_162' title='bbox 1209 2663 1343 2732; x_wconf 85' lang='lat' dir='ltr'><strong>est,</strong></span> <span class='ocrx_word' id='word_1_163' title='bbox 1387 2644 1507 2716; x_wconf 83' lang='lat' dir='ltr'><strong>sed</strong></span> <span class='ocrx_word' id='word_1_164' title='bbox 1548 2639 1913 2720; x_wconf 78' lang='lat' dir='ltr'><strong>inhonesta</strong></span> <span class='ocrx_word' id='word_1_165' title='bbox 1956 2675 2235 2747; x_wconf 86' lang='lat' dir='ltr'><strong>pugna:</strong></span> <span class='ocrx_word' id='word_1_166' title='bbox 2284 2649 2480 2723; x_wconf 89' lang='lat' dir='ltr'><strong>dedit</strong></span> 
     </span>
     <span class='ocr_line' id='line_1_20' title="bbox 385 2746 2475 2861; baseline 0.01 -45"><span class='ocrx_word' id='word_1_167' title='bbox 385 2746 572 2818; x_wconf 88' lang='lat' dir='ltr'><strong>enim</strong></span> <span class='ocrx_word' id='word_1_168' title='bbox 606 2771 672 2822; x_wconf 91' lang='lat' dir='ltr'><strong>et</strong></span> <span class='ocrx_word' id='word_1_169' title='bbox 700 2752 985 2827; x_wconf 85' lang='lat' dir='ltr'><strong>familiis</strong></span> <span class='ocrx_word' id='word_1_170' title='bbox 1015 2757 1307 2830; x_wconf 87' lang='lat' dir='ltr'><strong>nomina</strong></span> <span class='ocrx_word' id='word_1_171' title='bbox 1329 2787 1343 2830; x_wconf 94' lang='lat'>:</span> <span class='ocrx_word' id='word_1_172' title='bbox 1366 2759 1532 2833; x_wconf 91' lang='lat' dir='ltr'><strong>hinc</strong></span> <span class='ocrx_word' id='word_1_173' title='bbox 1557 2761 1880 2853; x_wconf 85' lang='lat' dir='ltr'><strong>Corvini,</strong></span> <span class='ocrx_word' id='word_1_174' title='bbox 1910 2763 2076 2835; x_wconf 88' lang='lat' dir='ltr'><strong>hinc</strong></span> <span class='ocrx_word' id='word_1_175' title='bbox 2100 2765 2475 2861; x_wconf 85' lang='lat' dir='ltr'><strong>Torquati,</strong></span> 
     </span>
     <span class='ocr_line' id='line_1_21' title="bbox 385 2857 2465 2976; baseline 0.009 -45"><span class='ocrx_word' id='word_1_176' title='bbox 385 2857 548 2934; x_wconf 89' lang='lat' dir='ltr'><strong>hinc</strong></span> <span class='ocrx_word' id='word_1_177' title='bbox 580 2865 853 2964; x_wconf 89' lang='lat' dir='ltr'><strong>Opimi.</strong></span> <span class='ocrx_word' id='word_1_178' title='bbox 895 2869 1104 2942; x_wconf 79' lang='lat' dir='ltr'><strong>Illu‘m</strong></span> <span class='ocrx_word' id='word_1_179' title='bbox 1131 2900 1295 2973; x_wconf 89' lang='lat' dir='ltr'><strong>ergo</strong></span> <span class='ocrx_word' id='word_1_180' title='bbox 1324 2873 1624 2976; x_wconf 87' lang='lat' dir='ltr'><strong>majores</strong></span> <span class='ocrx_word' id='word_1_181' title='bbox 1645 2877 2155 2975; x_wconf 88' lang='lat' dir='ltr'><strong>prohibuerunt</strong></span> <span class='ocrx_word' id='word_1_182' title='bbox 2173 2878 2465 2970; x_wconf 85' lang='lat' dir='ltr'><strong>theatro,</strong></span> 
     </span>
    </p>
   </div>
   <div class='ocr_carea' id='block_1_3' title="bbox 463 3028 2471 3127">
    <p class='ocr_par' dir='ltr' id='par_1_3' title="bbox 463 3028 2471 3127">
     <span class='ocr_line' id='line_1_22' title="bbox 463 3028 2471 3127; baseline 0.004 -29"><span class='ocrx_word' id='word_1_183' title='bbox 463 3062 506 3095; x_wconf 84' lang='lat'><strong>1.</strong></span> <span class='ocrx_word' id='word_1_184' title='bbox 542 3048 665 3102; x_wconf 76' lang='lat' dir='ltr'><strong>Post</strong></span> <span class='ocrx_word' id='word_1_185' title='bbox 692 3052 865 3103; x_wconf 75' lang='lat' dir='ltr'><strong>datam</strong></span> <span class='ocrx_word' id='word_1_186' title='bbox 896 3055 1171 3125; x_wconf 74' lang='lat' dir='ltr'><strong>pecuniam</strong></span> <span class='ocrx_word' id='word_1_187' title='bbox 1200 3028 1389 3127; x_wconf 59' lang='lat' dir='ltr'><strong>operas</strong></span> <span class='ocrx_word' id='word_1_188' title='bbox 1462 3056 1535 3108; x_wconf 76' lang='lat' dir='ltr'><strong>Et</strong></span> <span class='ocrx_word' id='word_1_189' title='bbox 1556 3056 1657 3108; x_wconf 77' lang='lat' dir='ltr'><strong>alii</strong></span> <span class='ocrx_word' id='word_1_190' title='bbox 1677 3057 1851 3109; x_wconf 77' lang='lat' dir='ltr'><strong>multi.</strong></span> <span class='ocrx_word' id='word_1_191' title='bbox 1877 3059 2162 3122; x_wconf 77' lang='lat' dir='ltr'><strong>Francius,</strong></span> <span class='ocrx_word' id='word_1_192' title='bbox 2197 3067 2260 3108; x_wconf 76' lang='lat' dir='ltr'><strong>ut</strong></span> <span class='ocrx_word' id='word_1_193' title='bbox 2282 3055 2379 3108; x_wconf 73' lang='lat' dir='ltr'><strong>alii</strong></span> <span class='ocrx_word' id='word_1_194' title='bbox 2401 3074 2471 3107; x_wconf 84' lang='lat' dir='ltr'><strong>m.</strong></span> 
     </span>
    </p>
   </div>
   <div class='ocr_carea' id='block_1_4' title="bbox 376 3126 1384 4319">
    <p class='ocr_par' dir='ltr' id='par_1_4' title="bbox 376 3126 1384 4319">
     <span class='ocr_line' id='line_1_23' title="bbox 386 3126 1383 3199; baseline 0.012 -25"><span class='ocrx_word' id='word_1_195' title='bbox 386 3126 661 3180; x_wconf 59' lang='lat' dir='ltr'><strong>remisisset.</strong></span> <span class='ocrx_word' id='word_1_196' title='bbox 684 3132 829 3199; x_wconf 78' lang='lat' dir='ltr'><strong>Quas</strong></span> <span class='ocrx_word' id='word_1_197' title='bbox 846 3146 906 3184; x_wconf 85' lang='lat' dir='ltr'><strong>ut</strong></span> <span class='ocrx_word' id='word_1_198' title='bbox 926 3132 1136 3186; x_wconf 86' lang='lat' dir='ltr'><strong>debitor</strong></span> <span class='ocrx_word' id='word_1_199' title='bbox 1148 3136 1200 3185; x_wconf 87' lang='lat' dir='ltr'><strong>in</strong></span> <span class='ocrx_word' id='word_1_200' title='bbox 1222 3153 1383 3186; x_wconf 75' lang='lat' dir='ltr'><strong>arena</strong></span> 
     </span>
     <span class='ocr_line' id='line_1_24' title="bbox 385 3210 1381 3282; baseline 0.011 -26"><span class='ocrx_word' id='word_1_201' title='bbox 385 3222 645 3275; x_wconf 76' lang='lat' dir='ltr'><strong>pugnaret</strong></span> <span class='ocrx_word' id='word_1_202' title='bbox 656 3247 672 3274; x_wconf 76' lang='lat'>‚</span> <span class='ocrx_word' id='word_1_203' title='bbox 687 3210 968 3267; x_wconf 79' lang='lat' dir='ltr'><strong>locaverat.</strong></span> <span class='ocrx_word' id='word_1_204' title='bbox 980 3215 1165 3282; x_wconf 83' lang='lat' dir='ltr'><strong>Caius,</strong></span> <span class='ocrx_word' id='word_1_205' title='bbox 1180 3213 1271 3266; x_wconf 86' lang='lat' dir='ltr'><strong>lib.</strong></span> <span class='ocrx_word' id='word_1_206' title='bbox 1284 3216 1355 3266; x_wconf 85' lang='lat' dir='ltr'><strong>m</strong></span> <span class='ocrx_word' id='word_1_207' title='bbox 1364 3252 1381 3280; x_wconf 85' lang='lat'><strong>‚</strong></span> 
     </span>
     <span class='ocr_line' id='line_1_25' title="bbox 385 3281 1382 3366; baseline 0.015 -33"><span class='ocrx_word' id='word_1_208' title='bbox 385 3281 453 3334; x_wconf 85' lang='lat' dir='ltr'><strong>de</strong></span> <span class='ocrx_word' id='word_1_209' title='bbox 476 3285 538 3336; x_wconf 77' lang='lat' dir='ltr'><strong>iis</strong></span> <span class='ocrx_word' id='word_1_210' title='bbox 558 3289 650 3358; x_wconf 86' lang='lat' dir='ltr'><strong>qui</strong></span> <span class='ocrx_word' id='word_1_211' title='bbox 675 3305 783 3342; x_wconf 84' lang='lat' dir='ltr'><strong>not.</strong></span> <span class='ocrx_word' id='word_1_212' title='bbox 809 3293 993 3346; x_wconf 80' lang='lat' dir='ltr'><strong>infam.</strong></span> <span class='ocrx_word' id='word_1_213' title='bbox 1020 3317 1042 3340; x_wconf 76' lang='grc' dir='ltr'>ι</span> <span class='ocrx_word' id='word_1_214' title='bbox 1061 3294 1166 3360; x_wconf 83' lang='lat' dir='ltr'><strong>Qui</strong></span> <span class='ocrx_word' id='word_1_215' title='bbox 1190 3312 1382 3366; x_wconf 78' lang='lat' dir='ltr'><strong>operas</strong></span> 
     </span>
     <span class='ocr_line' id='line_1_26' title="bbox 386 3365 1383 3445; baseline 0.013 -30"><span class='ocrx_word' id='word_1_216' title='bbox 386 3385 409 3409; x_wconf 71' lang='grc' dir='ltr'>ι</span> <span class='ocrx_word' id='word_1_217' title='bbox 430 3382 553 3418; x_wconf 73' lang='lat' dir='ltr'><strong>snas</strong></span> <span class='ocrx_word' id='word_1_218' title='bbox 576 3365 793 3435; x_wconf 74' lang='lat' dir='ltr'><strong>locavit,</strong></span> <span class='ocrx_word' id='word_1_219' title='bbox 814 3387 871 3425; x_wconf 88' lang='lat' dir='ltr'><strong>ut</strong></span> <span class='ocrx_word' id='word_1_220' title='bbox 894 3374 1135 3445; x_wconf 80' lang='lat' dir='ltr'><strong>prodiret</strong></span> <span class='ocrx_word' id='word_1_221' title='bbox 1156 3376 1284 3427; x_wconf 74' lang='lat' dir='ltr'><strong>artis</strong></span> <span class='ocrx_word' id='word_1_222' title='bbox 1302 3375 1383 3427; x_wconf 87' lang='lat' dir='ltr'><strong>lu-</strong></span> 
     </span>
     <span class='ocr_line' id='line_1_27' title="bbox 386 3442 1381 3526; baseline 0.011 -30"><span class='ocrx_word' id='word_1_223' title='bbox 386 3465 409 3489; x_wconf 77' lang='lat'><strong>·</strong></span> <span class='ocrx_word' id='word_1_224' title='bbox 428 3442 585 3498; x_wconf 68' lang='lat' dir='ltr'><strong>dicre</strong></span> <span class='ocrx_word' id='word_1_225' title='bbox 606 3467 796 3515; x_wconf 71' lang='lat' dir='ltr'><strong>eausa,</strong></span> <span class='ocrx_word' id='word_1_226' title='bbox 823 3470 998 3523; x_wconf 82' lang='lat' dir='ltr'><strong>neque</strong></span> <span class='ocrx_word' id='word_1_227' title='bbox 1019 3454 1249 3526; x_wconf 85' lang='lat' dir='ltr'><strong>prodiit,</strong></span> <span class='ocrx_word' id='word_1_228' title='bbox 1272 3473 1381 3506; x_wconf 86' lang='lat' dir='ltr'><strong>non</strong></span> 
     </span>
     <span class='ocr_line' id='line_1_28' title="bbox 384 3532 1381 3600; baseline 0.011 -25"><span class='ocrx_word' id='word_1_229' title='bbox 384 3538 671 3594; x_wconf 76' lang='lat' dir='ltr'><strong>«notatur,</strong></span> <span class='ocrx_word' id='word_1_230' title='bbox 705 3532 827 3600; x_wconf 86' lang='lat' dir='ltr'><strong>quia</strong></span> <span class='ocrx_word' id='word_1_231' title='bbox 864 3551 975 3584; x_wconf 86' lang='lat' dir='ltr'><strong>non</strong></span> <span class='ocrx_word' id='word_1_232' title='bbox 1010 3547 1089 3586; x_wconf 82' lang='lat' dir='ltr'><strong>est</strong></span> <span class='ocrx_word' id='word_1_233' title='bbox 1124 3552 1208 3587; x_wconf 82' lang='lat' dir='ltr'><strong>res</strong></span> <span class='ocrx_word' id='word_1_234' title='bbox 1244 3533 1381 3586; x_wconf 86' lang='lat' dir='ltr'><strong>adeo</strong></span> 
     </span>
     <span class='ocr_line' id='line_1_29' title="bbox 382 3608 1383 3687; baseline 0.011 -31"><span class='ocrx_word' id='word_1_235' title='bbox 382 3625 405 3649; x_wconf 70' lang='grc' dir='ltr'><strong>α</strong></span> <span class='ocrx_word' id='word_1_236' title='bbox 426 3608 620 3678; x_wconf 80' lang='lat' dir='ltr'><strong>turpis,</strong></span> <span class='ocrx_word' id='word_1_237' title='bbox 640 3622 702 3661; x_wconf 87' lang='lat' dir='ltr'><strong>ut</strong></span> <span class='ocrx_word' id='word_1_238' title='bbox 724 3612 881 3663; x_wconf 79' lang='lat' dir='ltr'><strong>etiam</strong></span> <span class='ocrx_word' id='word_1_239' title='bbox 905 3613 1181 3666; x_wconf 83' lang='lat' dir='ltr'><strong>consilium</strong></span> <span class='ocrx_word' id='word_1_240' title='bbox 1206 3614 1383 3687; x_wconf 87' lang='lat' dir='ltr'><strong>puniri</strong></span> 
     </span>
     <span class='ocr_line' id='line_1_30' title="bbox 385 3682 1381 3754; baseline 0.009 -19"><span class='ocrx_word' id='word_1_241' title='bbox 385 3703 407 3726; x_wconf 75' lang='grc' dir='ltr'>ι</span> <span class='ocrx_word' id='word_1_242' title='bbox 428 3682 653 3739; x_wconf 74' lang='lat' dir='ltr'><strong>debeat:</strong></span> <span class='ocrx_word' id='word_1_243' title='bbox 672 3690 787 3754; x_wconf 48' lang='lat' dir='ltr'><strong>„uisi</strong></span> <span class='ocrx_word' id='word_1_244' title='bbox 812 3689 855 3741; x_wconf 82' lang='lat' dir='ltr'><strong>si</strong></span> <span class='ocrx_word' id='word_1_245' title='bbox 880 3710 1003 3744; x_wconf 85' lang='lat' dir='ltr'><strong>cum</strong></span> <span class='ocrx_word' id='word_1_246' title='bbox 1030 3691 1208 3746; x_wconf 80' lang='lat' dir='ltr'><strong>bestiis</strong></span> <span class='ocrx_word' id='word_1_247' title='bbox 1241 3704 1381 3747; x_wconf 78' lang='lat' dir='ltr'><strong>esset</strong></span> 
     </span>
     <span class='ocr_line' id='line_1_31' title="bbox 386 3771 1378 3840; baseline 0.01 -23"><span class='ocrx_word' id='word_1_248' title='bbox 386 3786 409 3809; x_wconf 72' lang='grc' dir='ltr'><strong><em>α</em></strong></span> <span class='ocrx_word' id='word_1_249' title='bbox 429 3781 790 3836; x_wconf 64' lang='lat' dir='ltr'><strong>pugnatur-1³3</strong></span> <span class='ocrx_word' id='word_1_250' title='bbox 812 3795 834 3819; x_wconf 72' lang='lat' dir='ltr'>n</span> <span class='ocrx_word' id='word_1_251' title='bbox 863 3771 898 3823; x_wconf 92' lang='lat' dir='ltr'><strong>l.</strong></span> <span class='ocrx_word' id='word_1_252' title='bbox 932 3790 952 3824; x_wconf 84' lang='grc' dir='ltr'><strong>ι</strong></span> <span class='ocrx_word' id='word_1_253' title='bbox 970 3811 987 3838; x_wconf 83' lang='grc'><strong>.,</strong></span> <span class='ocrx_word' id='word_1_254' title='bbox 1010 3774 1058 3840; x_wconf 78' lang='lat' dir='ltr'><strong>S.</strong></span> <span class='ocrx_word' id='word_1_255' title='bbox 1079 3772 1290 3827; x_wconf 82' lang='lat' dir='ltr'><strong>bestias.</strong></span> <span class='ocrx_word' id='word_1_256' title='bbox 1318 3776 1378 3826; x_wconf 83' lang='lat' dir='ltr'><strong>ff.</strong></span> 
     </span>
     <span class='ocr_line' id='line_1_32' title="bbox 381 3840 1382 3925; baseline 0.012 -33"><span class='ocrx_word' id='word_1_257' title='bbox 381 3840 451 3894; x_wconf 85' lang='lat' dir='ltr'><strong>de</strong></span> <span class='ocrx_word' id='word_1_258' title='bbox 472 3846 777 3914; x_wconf 82' lang='lat' dir='ltr'><strong>postuland.</strong></span> <span class='ocrx_word' id='word_1_259' title='bbox 804 3853 981 3904; x_wconf 74' lang='lat' dir='ltr'><strong>AEnon.</strong></span> <span class='ocrx_word' id='word_1_260' title='bbox 1006 3881 1078 3892; x_wconf 86' lang='lat'><strong>·-</strong></span> <span class='ocrx_word' id='word_1_261' title='bbox 1098 3855 1285 3925; x_wconf 80' lang='lat' dir='ltr'><strong>Neque</strong></span> <span class='ocrx_word' id='word_1_262' title='bbox 1307 3864 1382 3906; x_wconf 78' lang='lat' dir='ltr'><strong>ta·</strong></span> 
     </span>
     <span class='ocr_line' id='line_1_33' title="bbox 378 3923 1383 3984; baseline 0.013 -13"><span class='ocrx_word' id='word_1_263' title='bbox 378 3939 500 3974; x_wconf 78' lang='lat' dir='ltr'><strong>men</strong></span> <span class='ocrx_word' id='word_1_264' title='bbox 526 3923 582 3976; x_wconf 77' lang='lat' dir='ltr'><strong>in</strong></span> <span class='ocrx_word' id='word_1_265' title='bbox 604 3925 703 3978; x_wconf 80' lang='lat' dir='ltr'><strong>illo</strong></span> <span class='ocrx_word' id='word_1_266' title='bbox 727 3931 939 3982; x_wconf 78' lang='lat' dir='ltr'><strong>nomine</strong></span> <span class='ocrx_word' id='word_1_267' title='bbox 963 3941 1211 3983; x_wconf 79' lang='lat' dir='ltr'><strong>tenentur.</strong></span> <span class='ocrx_word' id='word_1_268' title='bbox 1227 3931 1383 3984; x_wconf 86' lang='lat' dir='ltr'><strong>Tolle</strong></span> 
     </span>
     <span class='ocr_line' id='line_1_34' title="bbox 377 4005 1384 4073; baseline 0.012 -21"><span class='ocrx_word' id='word_1_269' title='bbox 377 4005 821 4073; x_wconf 76' lang='lat' dir='ltr'><strong>proepositionem.</strong></span> <span class='ocrx_word' id='word_1_270' title='bbox 848 4009 1009 4061; x_wconf 69' lang='lat' dir='ltr'><strong>Giton.</strong></span> <span class='ocrx_word' id='word_1_271' title='bbox 1036 4008 1190 4062; x_wconf 81' lang='lat' dir='ltr'><strong>Delet</strong></span> <span class='ocrx_word' id='word_1_272' title='bbox 1212 4023 1267 4061; x_wconf 87' lang='lat' dir='ltr'><strong>et</strong></span> <span class='ocrx_word' id='word_1_273' title='bbox 1286 4012 1384 4063; x_wconf 82' lang='lat' dir='ltr'><strong>La·</strong></span> 
     </span>
     <span class='ocr_line' id='line_1_35' title="bbox 378 4081 1380 4145; baseline 0.013 -15"><span class='ocrx_word' id='word_1_274' title='bbox 378 4081 566 4145; x_wconf 72' lang='lat' dir='ltr'><strong>tinius;</strong></span> <span class='ocrx_word' id='word_1_275' title='bbox 589 4083 683 4136; x_wconf 80' lang='lat' dir='ltr'><strong>sed</strong></span> <span class='ocrx_word' id='word_1_276' title='bbox 707 4087 918 4139; x_wconf 87' lang='lat' dir='ltr'><strong>minime</strong></span> <span class='ocrx_word' id='word_1_277' title='bbox 942 4085 1227 4140; x_wconf 84' lang='lat' dir='ltr'><strong>tollendam</strong></span> <span class='ocrx_word' id='word_1_278' title='bbox 1253 4108 1380 4142; x_wconf 88' lang='lat' dir='ltr'><strong>cen-</strong></span> 
     </span>
     <span class='ocr_line' id='line_1_36' title="bbox 377 4158 1378 4238; baseline 0.013 -30"><span class='ocrx_word' id='word_1_279' title='bbox 377 4173 455 4210; x_wconf 80' lang='lat' dir='ltr'><strong>set</strong></span> <span class='ocrx_word' id='word_1_280' title='bbox 478 4158 557 4213; x_wconf 83' lang='lat' dir='ltr'><strong>Cl.</strong></span> <span class='ocrx_word' id='word_1_281' title='bbox 583 4161 877 4238; x_wconf 78' lang='lat' dir='ltr'><strong>Schulting.</strong></span> <span class='ocrx_word' id='word_1_282' title='bbox 899 4167 967 4218; x_wconf 80' lang='lat' dir='ltr'><strong>ad</strong></span> <span class='ocrx_word' id='word_1_283' title='bbox 990 4169 1172 4220; x_wconf 84' lang='lat' dir='ltr'><strong>Senec.</strong></span> <span class='ocrx_word' id='word_1_284' title='bbox 1197 4169 1378 4221; x_wconf 86' lang='lat' dir='ltr'><strong>Contr.</strong></span> 
     </span>
     <span class='ocr_line' id='line_1_37' title="bbox 376 4235 1384 4319; baseline 0.014 -31"><span class='ocrx_word' id='word_1_285' title='bbox 376 4235 466 4291; x_wconf 80' lang='lat' dir='ltr'><strong>lib.</strong></span> <span class='ocrx_word' id='word_1_286' title='bbox 500 4240 589 4308; x_wconf 85' lang='lat' dir='ltr'><strong>lv,</strong></span> <span class='ocrx_word' id='word_1_287' title='bbox 621 4244 808 4297; x_wconf 81' lang='lat' dir='ltr'><strong>Contr.</strong></span> <span class='ocrx_word' id='word_1_288' title='bbox 842 4247 1043 4314; x_wconf 80' lang='lat' dir='ltr'>XXIX,</span> <span class='ocrx_word' id='word_1_289' title='bbox 1075 4265 1132 4319; x_wconf 89' lang='lat' dir='ltr'><strong>p.</strong></span> <span class='ocrx_word' id='word_1_290' title='bbox 1170 4263 1287 4318; x_wconf 80' lang='lat'><strong>290.</strong></span> <span class='ocrx_word' id='word_1_291' title='bbox 1314 4276 1384 4289; x_wconf 84' lang='lat'><strong>--</strong></span> 
     </span>
    </p>
   </div>
   <div class='ocr_carea' id='block_1_5' title="bbox 1459 3135 2477 4243">
    <p class='ocr_par' dir='ltr' id='par_1_5' title="bbox 1459 3135 2477 4243">
     <span class='ocr_line' id='line_1_38' title="bbox 1537 3135 2477 3206; baseline 0.002 -21"><span class='ocrx_word' id='word_1_292' title='bbox 1537 3151 1584 3185; x_wconf 82' lang='lat'><strong>2.</strong></span> <span class='ocrx_word' id='word_1_293' title='bbox 1608 3135 1711 3186; x_wconf 79' lang='lat' dir='ltr'><strong>Sed</strong></span> <span class='ocrx_word' id='word_1_294' title='bbox 1725 3137 1964 3188; x_wconf 77' lang='lat' dir='ltr'><strong>animum</strong></span> <span class='ocrx_word' id='word_1_295' title='bbox 1987 3137 2188 3188; x_wconf 78' lang='lat' dir='ltr'><strong>teneris.</strong></span> <span class='ocrx_word' id='word_1_296' title='bbox 2212 3136 2351 3206; x_wconf 83' lang='lat' dir='ltr'><strong>Lege</strong></span> <span class='ocrx_word' id='word_1_297' title='bbox 2368 3147 2477 3187; x_wconf 70' lang='lat' dir='ltr'><strong>tue·-</strong></span> 
     </span>
     <span class='ocr_line' id='line_1_39' title="bbox 1465 3211 2474 3283; baseline 0.006 -23"><span class='ocrx_word' id='word_1_298' title='bbox 1465 3227 1516 3262; x_wconf 84' lang='lat' dir='ltr'><strong>re</strong></span> <span class='ocrx_word' id='word_1_299' title='bbox 1535 3232 1550 3260; x_wconf 91' lang='grc'><strong>.·</strong></span> <span class='ocrx_word' id='word_1_300' title='bbox 1577 3224 1636 3262; x_wconf 83' lang='lat' dir='ltr'><strong>ut</strong></span> <span class='ocrx_word' id='word_1_301' title='bbox 1655 3211 1958 3283; x_wconf 77' lang='lat' dir='ltr'><strong>alloquatur</strong></span> <span class='ocrx_word' id='word_1_302' title='bbox 1977 3212 2359 3265; x_wconf 78' lang='lat' dir='ltr'><strong>adversarium:</strong></span> <span class='ocrx_word' id='word_1_303' title='bbox 2381 3226 2474 3266; x_wconf 81' lang='lat' dir='ltr'><strong>aut</strong></span> 
     </span>
     <span class='ocr_line' id='line_1_40' title="bbox 1464 3292 2475 3347; baseline 0.005 -5"><span class='ocrx_word' id='word_1_304' title='bbox 1464 3292 1679 3343; x_wconf 77' lang='lat' dir='ltr'><strong>intuere.</strong></span> <span class='ocrx_word' id='word_1_305' title='bbox 1708 3294 1926 3346; x_wconf 75' lang='lat' dir='ltr'><strong>Scurmr.</strong></span> <span class='ocrx_word' id='word_1_306' title='bbox 1949 3294 2054 3346; x_wconf 81' lang='lat' dir='ltr'><strong>Sed</strong></span> <span class='ocrx_word' id='word_1_307' title='bbox 2072 3296 2311 3346; x_wconf 76' lang='lat' dir='ltr'><strong>animum</strong></span> <span class='ocrx_word' id='word_1_308' title='bbox 2337 3305 2475 3347; x_wconf 82' lang='lat' dir='ltr'><strong>tene-</strong></span> 
     </span>
     <span class='ocr_line' id='line_1_41' title="bbox 1465 3370 2475 3445; baseline 0.006 -25"><span class='ocrx_word' id='word_1_309' title='bbox 1465 3370 1556 3436; x_wconf 74' lang='lat' dir='ltr'><strong>tis,</strong></span> <span class='ocrx_word' id='word_1_310' title='bbox 1596 3370 1772 3422; x_wconf 79' lang='lat' dir='ltr'><strong>AErod.</strong></span> <span class='ocrx_word' id='word_1_311' title='bbox 1817 3370 1921 3422; x_wconf 78' lang='lat' dir='ltr'><strong>Alii</strong></span> <span class='ocrx_word' id='word_1_312' title='bbox 1941 3408 1958 3437; x_wconf 84' lang='lat'>‚</span> <span class='ocrx_word' id='word_1_313' title='bbox 1995 3373 2084 3423; x_wconf 81' lang='lat' dir='ltr'><strong>sed</strong></span> <span class='ocrx_word' id='word_1_314' title='bbox 2113 3391 2220 3445; x_wconf 81' lang='lat' dir='ltr'><strong>quo</strong></span> <span class='ocrx_word' id='word_1_315' title='bbox 2255 3376 2475 3426; x_wconf 78' lang='lat' dir='ltr'><strong>animo?</strong></span> 
     </span>
     <span class='ocr_line' id='line_1_42' title="bbox 1463 3449 2473 3525; baseline 0.005 -26"><span class='ocrx_word' id='word_1_316' title='bbox 1463 3457 1681 3519; x_wconf 67' lang='lat' dir='ltr'><strong>turpem</strong></span> <span class='ocrx_word' id='word_1_317' title='bbox 1713 3449 1769 3500; x_wconf 74' lang='lat' dir='ltr'><strong>id</strong></span> <span class='ocrx_word' id='word_1_318' title='bbox 1797 3449 2135 3517; x_wconf 73' lang='lat' dir='ltr'><strong>existimatis,</strong></span> <span class='ocrx_word' id='word_1_319' title='bbox 2156 3469 2316 3523; x_wconf 78' lang='lat' dir='ltr'><strong>quum</strong></span> <span class='ocrx_word' id='word_1_320' title='bbox 2336 3470 2473 3525; x_wconf 70' lang='grc' dir='ltr'><strong>μνω-</strong></span> 
     </span>
     <span class='ocr_line' id='line_1_43' title="bbox 1461 3530 2473 3606; baseline 0.004 -26"><span class='ocrx_word' id='word_1_321' title='bbox 1461 3530 1663 3594; x_wconf 78' lang='lat' dir='ltr'><strong>sertim,</strong></span> <span class='ocrx_word' id='word_1_322' title='bbox 1681 3541 1782 3581; x_wconf 87' lang='lat' dir='ltr'><strong>etc.</strong></span> <span class='ocrx_word' id='word_1_323' title='bbox 1800 3559 1868 3568; x_wconf 89' lang='lat'>-</span> <span class='ocrx_word' id='word_1_324' title='bbox 1882 3530 2023 3583; x_wconf 72' lang='lat' dir='ltr'><strong>Hinc</strong></span> <span class='ocrx_word' id='word_1_325' title='bbox 2046 3532 2327 3606; x_wconf 77' lang='lat' dir='ltr'><strong>Torquati,</strong></span> <span class='ocrx_word' id='word_1_326' title='bbox 2350 3533 2473 3584; x_wconf 67' lang='lat' dir='ltr'><strong>hinc</strong></span> 
     </span>
     <span class='ocr_line' id='line_1_44' title="bbox 1468 3607 2473 3680; baseline 0.003 -23"><span class='ocrx_word' id='word_1_327' title='bbox 1468 3607 1661 3676; x_wconf 77' lang='lat' dir='ltr'><strong>Opimi.</strong></span> <span class='ocrx_word' id='word_1_328' title='bbox 1695 3608 1927 3679; x_wconf 77' lang='lat' dir='ltr'><strong>Opimios</strong></span> <span class='ocrx_word' id='word_1_329' title='bbox 1947 3612 2189 3664; x_wconf 69' lang='lat' dir='ltr'><strong>novimus</strong></span> <span class='ocrx_word' id='word_1_330' title='bbox 2205 3649 2222 3678; x_wconf 84' lang='lat'>‚</span> <span class='ocrx_word' id='word_1_331' title='bbox 2251 3610 2348 3668; x_wconf 81' lang='lat' dir='ltr'><strong>sed</strong></span> <span class='ocrx_word' id='word_1_332' title='bbox 2370 3627 2473 3680; x_wconf 82' lang='lat' dir='ltr'><strong>pu-</strong></span> 
     </span>
     <span class='ocr_line' id='line_1_45' title="bbox 1461 3687 2470 3762; baseline 0.002 -24"><span class='ocrx_word' id='word_1_333' title='bbox 1461 3703 1623 3756; x_wconf 75' lang='lat' dir='ltr'><strong>gnam</strong></span> <span class='ocrx_word' id='word_1_334' title='bbox 1659 3687 1890 3758; x_wconf 81' lang='lat' dir='ltr'><strong>aliquam</strong></span> <span class='ocrx_word' id='word_1_335' title='bbox 1926 3692 2220 3762; x_wconf 84' lang='lat' dir='ltr'><strong>spoliorum</strong></span> <span class='ocrx_word' id='word_1_336' title='bbox 2257 3692 2470 3761; x_wconf 83' lang='lat' dir='ltr'><strong>opimo-</strong></span> 
     </span>
     <span class='ocr_line' id='line_1_46' title="bbox 1459 3768 2469 3840; baseline 0.003 -20"><span class='ocrx_word' id='word_1_337' title='bbox 1459 3787 1579 3820; x_wconf 88' lang='lat' dir='ltr'><strong>rum</strong></span> <span class='ocrx_word' id='word_1_338' title='bbox 1596 3771 1659 3820; x_wconf 76' lang='lat' dir='ltr'><strong>iis</strong></span> <span class='ocrx_word' id='word_1_339' title='bbox 1678 3768 1783 3821; x_wconf 86' lang='lat' dir='ltr'><strong>hoc</strong></span> <span class='ocrx_word' id='word_1_340' title='bbox 1803 3790 2002 3823; x_wconf 79' lang='lat' dir='ltr'><strong>nomen</strong></span> <span class='ocrx_word' id='word_1_341' title='bbox 2016 3771 2228 3823; x_wconf 79' lang='lat' dir='ltr'><strong>dedisse</strong></span> <span class='ocrx_word' id='word_1_342' title='bbox 2247 3770 2469 3840; x_wconf 75' lang='lat' dir='ltr'><strong>legimus</strong></span> 
     </span>
     <span class='ocr_line' id='line_1_47' title="bbox 1460 3849 2469 3921; baseline -0.001 -20"><span class='ocrx_word' id='word_1_343' title='bbox 1460 3868 1740 3921; x_wconf 81' lang='lat' dir='ltr'><strong>nusquam.</strong></span> <span class='ocrx_word' id='word_1_344' title='bbox 1773 3850 1967 3902; x_wconf 80' lang='lat' dir='ltr'><strong>Forte=</strong></span> <span class='ocrx_word' id='word_1_345' title='bbox 1995 3851 2133 3903; x_wconf 81' lang='grc' dir='ltr'><strong>Ἰιίησ</strong></span> <span class='ocrx_word' id='word_1_346' title='bbox 2168 3849 2469 3916; x_wconf 78' lang='lat' dir='ltr'><strong>Coriolani,</strong></span> 
     </span>
     <span class='ocr_line' id='line_1_48' title="bbox 1463 3927 2470 3999; baseline 0.001 -21"><span class='ocrx_word' id='word_1_347' title='bbox 1463 3927 1585 3979; x_wconf 76' lang='lat' dir='ltr'><strong>hinc</strong></span> <span class='ocrx_word' id='word_1_348' title='bbox 1604 3928 1885 3999; x_wconf 77' lang='lat' dir='ltr'><strong>Torquati,</strong></span> <span class='ocrx_word' id='word_1_349' title='bbox 1907 3928 2030 3980; x_wconf 72' lang='lat' dir='ltr'><strong>ltine</strong></span> <span class='ocrx_word' id='word_1_350' title='bbox 2052 3929 2276 3983; x_wconf 78' lang='lat' dir='ltr'><strong>Corvini.</strong></span> <span class='ocrx_word' id='word_1_351' title='bbox 2298 3928 2470 3982; x_wconf 57' lang='grc' dir='ltr'><strong>θεοῦ.</strong></span> 
     </span>
     <span class='ocr_line' id='line_1_49' title="bbox 1460 4005 2466 4077; baseline 0.003 -21"><span class='ocrx_word' id='word_1_352' title='bbox 1460 4007 1637 4077; x_wconf 79' lang='lat' dir='ltr'><strong>—Qui</strong></span> <span class='ocrx_word' id='word_1_353' title='bbox 1649 4005 1891 4058; x_wconf 75' lang='lat' dir='ltr'><strong>utilitate.</strong></span> <span class='ocrx_word' id='word_1_354' title='bbox 1908 4006 2008 4075; x_wconf 82' lang='lat' dir='ltr'><strong>Qui</strong></span> <span class='ocrx_word' id='word_1_355' title='bbox 2024 4005 2249 4072; x_wconf 77' lang='lat' dir='ltr'><strong>vilitate,</strong></span> <span class='ocrx_word' id='word_1_356' title='bbox 2263 4006 2466 4060; x_wconf 80' lang='lat' dir='ltr'><strong>Schult.</strong></span> 
     </span>
     <span class='ocr_line' id='line_1_50' title="bbox 1462 4085 2463 4161; baseline 0.004 -23"><span class='ocrx_word' id='word_1_357' title='bbox 1462 4100 1514 4139; x_wconf 87' lang='lat' dir='ltr'><strong>et</strong></span> <span class='ocrx_word' id='word_1_358' title='bbox 1525 4085 1872 4139; x_wconf 83' lang='lat' dir='ltr'><strong>AErod.etnos</strong></span> <span class='ocrx_word' id='word_1_359' title='bbox 1889 4105 2010 4138; x_wconf 87' lang='lat' dir='ltr'><strong>cum</strong></span> <span class='ocrx_word' id='word_1_360' title='bbox 2021 4088 2463 4161; x_wconf 75' lang='lat' dir='ltr'><strong>Bip.—Quiqula.</strong></span> 
     </span>
     <span class='ocr_line' id='line_1_51' title="bbox 1460 4165 2463 4243; baseline 0.005 -25"><span class='ocrx_word' id='word_1_361' title='bbox 1460 4165 1594 4218; x_wconf 78' lang='lat' dir='ltr'><strong>Vide</strong></span> <span class='ocrx_word' id='word_1_362' title='bbox 1637 4166 1849 4219; x_wconf 87' lang='lat' dir='ltr'><strong>Herald.</strong></span> <span class='ocrx_word' id='word_1_363' title='bbox 1893 4166 1960 4218; x_wconf 81' lang='lat' dir='ltr'><strong>ad</strong></span> <span class='ocrx_word' id='word_1_364' title='bbox 1996 4166 2192 4221; x_wconf 88' lang='lat' dir='ltr'><strong>Tertul.</strong></span> <span class='ocrx_word' id='word_1_365' title='bbox 2231 4170 2463 4243; x_wconf 76' lang='lat' dir='ltr'><strong>Apolog-</strong></span> 
     </span>
    </p>
   </div>
   <div class='ocr_carea' id='block_1_6' title="bbox 1463 4249 2347 4326">
    <p class='ocr_par' dir='ltr' id='par_1_6' title="bbox 1463 4249 2347 4326">
     <span class='ocr_line' id='line_1_52' title="bbox 1463 4249 2347 4326; baseline 0.009 -27"><span class='ocrx_word' id='word_1_366' title='bbox 1463 4268 1516 4321; x_wconf 86' lang='lat' dir='ltr'><strong>p.</strong></span> <span class='ocrx_word' id='word_1_367' title='bbox 1548 4249 1664 4319; x_wconf 82' lang='lat'><strong>167,</strong></span> <span class='ocrx_word' id='word_1_368' title='bbox 1688 4250 1780 4321; x_wconf 89' lang='lat' dir='ltr'><strong>qui</strong></span> <span class='ocrx_word' id='word_1_369' title='bbox 1804 4250 1958 4302; x_wconf 80' lang='lat' dir='ltr'><strong>etiam</strong></span> <span class='ocrx_word' id='word_1_370' title='bbox 1985 4250 2185 4305; x_wconf 74' lang='lat' dir='ltr'><strong>vilitate</strong></span> <span class='ocrx_word' id='word_1_371' title='bbox 2206 4249 2347 4326; x_wconf 78' lang='lat' dir='ltr'><strong>legit.</strong></span> 
     </span>
    </p>
   </div>
  </div>
 </body>
</html>
