3200 5117
752 552 870 616 158
1243 550 1335 612 u.
1380 547 1630 611 FABH
1675 547 2310 631 QUIN'HLIAM

742 674 975 772 aliqua
1001 698 1119 743 vos
1160 672 1413 769 positos
1453 669 1728 769 specula
1769 690 2004 769 putate
2034 670 2188 760 illa,
2227 698 2377 798 quae
2408 673 2591 746 facta
2621 696 2819 766 sunt,

740 790 993 862 videre.
1043 787 1418 859 Abdicatus
1448 786 1528 860 in
1559 786 1936 859 solitudine
1978 808 2116 861 est:
2154 787 2344 860 locus
2387 810 2817 887 opportunus

744 905 1045 978 insidiis:
1084 902 1291 976 habet
1321 901 1633 1002 gladium
1655 960 1674 993 ,
1710 902 2253 976 instrumentum
2287 904 2672 1002 parricidii:
2709 933 2822 978 ac-

745 1020 927 1092 cedit
948 1017 1034 1090 ad
1066 1007 1333 1116 patrem
1352 1073 1372 1104 ‚
1400 1043 1756 1114 manuque
1779 1001 2079 1108 sublata,
2110 1044 2305 1116 rogo,
2336 1017 2507 1091 dicit
2525 1034 2573 1110 ¹,
2599 1018 2819 1093 immo

738 1135 981 1235 jubet:
1017 1160 1160 1205 non
1183 1153 1345 1206 sunt
1370 1131 1559 1203 enim
1590 1158 1858 1230 preces,
1892 1131 2018 1203 ubi
2042 1131 2341 1230 negandi
2374 1131 2646 1205 libertas
2675 1161 2818 1206 non

747 1270 864 1322 est.
886 1247 1260 1347 Utriusque
1289 1246 1663 1320 intuemini
1700 1246 2056 1336 animum,
2089 1266 2188 1337 et,
2221 1247 2275 1319 si
2307 1248 2597 1337 videtur,
2630 1250 2820 1347 prius

746 1389 1007 1434 meum.
1043 1361 1460 1434 Occisurum
1491 1380 1557 1433 te
1591 1386 1733 1431 non
1761 1359 2108 1463 dubitavi:
2147 1360 2441 1460 ideoque
2475 1360 2591 1433 ille
2628 1389 2818 1434 seve-

738 1505 894 1568 rus,
914 1504 1166 1576 negare
1190 1503 1331 1549 non
1354 1474 1581 1576 potui:
1608 1475 1871 1575 reliqua
1897 1503 1937 1547 a
1964 1477 2196 1549 vestris
2223 1475 2511 1549 animis²
2535 1475 2821 1550 interro-

740 1612 900 1696 gate
932 1618 947 1662 :
993 1590 1048 1663 is
1088 1591 1208 1691 qui
1248 1610 1553 1666 armatus
1589 1610 1817 1690 rogat,
1862 1589 2034 1689 quid
2073 1590 2378 1664 facturus
2413 1589 2534 1682 sit,
2573 1590 2632 1663 si
2675 1617 2816 1661 non

750 1705 1250 1806 impetraverit?
1283 1707 1422 1778 duo
1456 1726 1652 1797 sunt,
1686 1706 1954 1805 opinor,
1999 1706 2174 1778 inter
2208 1732 2362 1804 quae
2395 1706 2679 1806 quaestio
2713 1706 2822 1777 in-

748 1824 1069 1922 terposita
1085 1821 1415 1912 videatur,
1448 1822 1561 1894 hic
1586 1821 1815 1908 sinon
1841 1821 2298 1922 impetrasset,
2327 1842 2449 1894 aut
2475 1820 2819 1894 occisurus

752 1938 1006 2026 fuerat,
1033 1958 1153 2010 aut
1181 1937 1592 2009 moriturus:
1632 1964 1774 2009 non
1797 1936 1985 2024 dico,
2009 1956 2244 2008 utrum
2275 1934 2667 2008 credibilius
2699 1938 2820 2026 sit,

751 2077 984 2127 utrum
1018 2054 1305 2126 facilius.
1341 2055 1635 2126 Exorare
1672 2080 1786 2126 me
1814 2053 2118 2127 volueras
2145 2080 2161 2124 ι
2198 2073 2456 2152 quanto
2488 2073 2822 2152 opportu-

754 2168 908 2240 nius
937 2168 1101 2241 alibi
1130 2167 1472 2268 rogasses?
1501 2167 1643 2240 alio
1667 2169 2017 2272 tempore?
2044 2195 2264 2272 quum
2289 2167 2600 2268 primum
2628 2167 2825 2239 abdi-

748 2306 944 2357 catus
971 2312 1039 2357 es
1057 2342 1076 2376 ,
1109 2284 1437 2360 adhibitis
1466 2284 1907 2390 propinquis,
1938 2305 2005 2357 et
2031 2284 2292 2358 amicis.
2320 2283 2511 2376 Quid
2540 2284 2706 2356 facit
2732 2283 2822 2356 ad

753 2425 986 2497 preces
1010 2400 1344 2494 solitudo,
1381 2400 1507 2472 ista
1538 2398 2042 2472 instrumenta³
2075 2420 2237 2470 sunt
2266 2398 2648 2500 parricidii,
2681 2399 2821 2472 haec

754 2514 1053 2604 occasio,
1088 2514 1199 2587 hic
1224 2515 1448 2605 locus,
1473 2514 1605 2585 hoc
1633 2535 1928 2613 tempus.
1959 2515 2032 2588 Si
2060 2514 2454 2587 abdicarem
2480 2534 2580 2602 te,
2617 2514 2823 2585 mori-

756 2649 950 2701 turus
978 2630 1166 2701 fuisti
1197 2657 1212 2700 ε
1249 2657 1445 2702 reum
1474 2629 1821 2729 parricidii
1852 2657 2000 2729 ago.
2031 2631 2229 2721 Quid
2259 2650 2564 2729 superest
2593 2629 2817 2725 igitur,

755 2745 886 2816 nisi
920 2765 996 2816 ut
1024 2744 1491 2818 vindicaturus
1527 2746 1738 2817 fueris
1781 2771 1975 2833 eam,
2008 2771 2222 2844 quam
2257 2743 2580 2844 injuriam
2612 2768 2822 2814 voca-

752 2857 914 2929 bas?
942 2859 1095 2930 Non
1115 2915 1134 2949 ,
1170 2859 1433 2959 inquit,
1465 2858 1723 2931 occidi:
1752 2859 1883 2932 hoc
1913 2860 2197 2959 quidem
2227 2859 2298 2930 in
2330 2882 2577 2956 genere
2611 2881 2819 2927 nemo

758 2973 1223 3045 uon·defendi
1273 2993 1532 3072 potest,
1580 2974 1692 3044 cui
1733 2972 2049 3048 voluntas
2093 2971 2437 3074 parricidii
2477 2968 2815 3072 objicitur.

754 3089 950 3190 Non,
994 3087 1252 3196 inquit,
1303 3088 1565 3161 occidi:
1614 3087 1670 3159 si
1713 3088 2048 3182 dicerem,
2092 3087 2446 3159 difficilius
2484 3077 2818 3185 4putas‘ti:

830 3311 877 3345 ι.
914 3296 1054 3367 1⁰90
1090 3295 1231 3348 dicit.
1275 3295 1475 3368 Rogat,
1516 3293 1648 3347 dico.
1678 3296 1750 3347 Ut
1898 3293 2826 3348 3.12tainsmnnenta.Etiseainseru·

754 3371 935 3450 paullo
954 3389 1095 3446 post,
1107 3389 1335 3432 annam
1349 3385 1512 3450 rogat,
1529 3389 1606 3441 et,
1625 3375 1752 3430 alibi
1828 3383 2004 3426 menta
2025 3372 2221 3443 sumpti
2239 3371 2542 3443 pan-icidii?
2561 3370 2669 3424 hoec
2687 3387 2825 3422 occa·

758 3468 985 3523 roqasses.
1030 3454 1243 3506 Scirum.
1286 3453 1388 3506 Sed
1426 3453 1637 3523 vulgata
1677 3454 1750 3504 ita
1826 3455 1934 3505 sio?
1953 3453 2002 3504 Ιι.
2028 3452 2264 3505 ΙοσιιεΡΙι.
2286 3453 2614 3528 tempusPIta
2632 3468 2826 3504 sumere

754 3531 1043 3603 capiendam
1068 3534 1227 3598 dicit,
1252 3554 1381 3604 rogo
1398 3573 1415 3598 ‚
1440 3547 1497 3586 ut
1520 3531 1750 3585 remittas
1829 3532 2020 3585 bellum
2037 3571 2052 3595 ,
2082 3536 2487 3604 conjurationem
2503 3572 2522 3598 ,
2553 3545 2604 3584 et
2639 3530 2821 3584 similia

754 3609 1166 3677 abdicationem,
1186 3631 1284 3668 neo
1303 3612 1453 3681 dicit,
1469 3609 1562 3666 sed
1568 3610 1748 3684 jubet,
1827 3612 1968 3685 apud
1998 3611 2216 3668 Sueton-
2242 3628 2297 3668 οι
2319 3615 2481 3668 alios=
2509 3612 2743 3683 quamvis
2770 3624 2824 3662 ot

755 3693 862 3743 vim
883 3690 1209 3743 intentando.
1825 3691 2034 3764 vulgata
2054 3695 2219 3763 possit
2238 3693 2475 3753 retineri,
2493 3688 2582 3740 sed
2598 3707 2823 3760 sequen-

828 3787 874 3821 2.
910 3768 961 3820 A
992 3770 1163 3823 vestris
1193 3768 1397 3821 animis.
1427 3771 1509 3820 An
1525 3806 1542 3834 ,
1570 3778 1752 3821 vestros
1829 3771 1928 3834 tia,
1945 3770 1989 3822 si
2007 3771 2294 3823 abdicarent
2314 3783 2366 3820 et
2387 3785 2484 3840 aqo
2509 3767 2824 3837 transposita
2861 3821 2867 3830 ,

752 3849 956 3906 animos
968 3850 1323 3925 interrogatis?
1334 3861 1393 3902 ut
1406 3851 1615 3908 Petron-
1634 3848 1747 3904 CH:
1828 3849 2091 3916 videntur,
2120 3863 2174 3908 et
2197 3846 2420 3904 locanda
2449 3859 2573 3918 post
2595 3846 2821 3900 vocabas.

762 3949 785 3973 n
805 3928 1131 3999 Interrogate
1159 3927 1434 3982 audaciam
1460 3941 1700 3980 vestram.
1721 3950 1745 3974 ι
1830 3928 2046 3980 δοιιυιτ.

756 4004 974 4059 Senum.
999 4009 1191 4072 Recte,
1214 4019 1273 4059 ut
1302 4021 1448 4080 puto.
1486 4005 1629 4058 Idem
1659 4007 1752 4058 Pe-
1898 4007 1949 4074 4.
1974 4008 2032 4061 Si
2052 4008 2295 4068 dicerent,
2321 4003 2591 4078 difficilius
2610 4001 2818 4076 putasti.

761 4097 898 4137 tron.
922 4086 1203 4142 CXXVffl:
1235 4110 1257 4133 ι
1277 4089 1611 4155 Interrogare
1638 4088 1753 4143 nni-
1829 4088 1995 4140 lmrno
2017 4088 2254 4159 facilius.
2289 4090 2548 4151 Eventus,
2584 4088 2687 4148 ait,
2713 4100 2820 4134 non

766 4185 788 4207 ιι
807 4182 951 4215 mum
974 4185 1148 4218 meum
1171 4169 1326 4239 coepi.
1348 4192 1370 4216 n
1398 4166 1531 4219 Vide
1559 4166 1628 4220 ad
1649 4168 1754 4219 De-
1828 4183 2017 4241 purgat
2073 4171 2301 4222 animum
2357 4182 2521 4220 tuum.
2579 4163 2820 4216 invenisti

759 4243 910 4296 selam.
934 4248 985 4311 1,
1011 4264 1059 4299 α.
1084 4249 1250 4300 Βοιω-
1785 4327 1788 4336 1
1832 4250 1970 4301 enim
1995 4248 2241 4315 difficile,
2265 4265 2432 4320 quum
2458 4243 2714 4317 agendum
2740 4259 2819 4294 es-
