3200 5117
798 583 1629 649 DECLAMATIONES.
1675 588 1951 652 CCLII.
2335 593 2416 657 35

334 707 661 780 maleficii
707 708 839 780 reis
876 708 1158 781 nullum
1204 709 1575 781 discrimen
1619 736 1754 781 esse
1788 733 2154 798 servatum.
2201 717 2418 787 Sum-

336 823 528 897 misit
545 823 801 922 aliquis
817 845 1190 923 raptorem:
1221 824 1633 923 inscriptum
1655 824 2072 899 maleficium
2095 849 2221 900 est:
2247 832 2418 926 quid

334 966 557 1040 poenae
577 938 931 1039 adjicitur,
958 939 1145 1038 quod
1173 940 1493 1013 adversus
1521 940 1902 1038 petitricem
1922 1000 1941 1034 ,
1972 944 2159 1040 quod
2185 945 2419 1018 adver-

335 1080 449 1126 sus
482 1079 678 1142 eam,
727 1078 880 1152 quae
923 1053 1415 1143 sacerdotium,
1478 1074 1555 1125 ut
1597 1053 1770 1144 dixi,
1795 1054 1941 1153 jam
1993 1085 2203 1156 prope
2233 1085 2417 1133 acce-

336 1167 569 1268 perat?
596 1189 871 1240 tantum
907 1168 1113 1240 etiam
1142 1169 1216 1239 in
1249 1169 1412 1268 ipsis
1441 1167 1799 1267 suppliciis
1826 1169 2177 1243 habiturus
2209 1173 2414 1266 lucri,

334 1285 411 1355 in
449 1281 871 1384 compendio
910 1304 1261 1374 numeret,
1297 1283 1485 1380 quod
1531 1280 1690 1381 plus
1725 1282 2089 1357 malefecit.
2125 1287 2419 1387 Reliqua

330 1427 482 1473 una
528 1399 809 1496 quaestio
847 1420 984 1492 est,
1029 1426 1119 1471 an
1160 1400 1330 1488 hoc,
1379 1397 1570 1497 quod
1609 1398 1831 1469 filiam
1876 1424 2104 1471 meam
2146 1402 2417 1500 rapuit,

333 1515 529 1613 quod
571 1513 687 1587 illo
720 1537 1069 1615 tempore,
1102 1514 1291 1614 quod
1335 1534 1489 1613 post
1529 1512 1705 1585 illud
1750 1514 1990 1614 populi
2025 1515 2375 1617 judicium
2399 1574 2417 1608 ,

331 1630 629 1702 credatis
669 1658 811 1703 non
856 1658 897 1702 a
947 1630 1153 1702 divite
1204 1630 1552 1701 effectum.
1606 1628 1798 1700 Nihil
1849 1632 2235 1729 argumenti
2265 1647 2282 1676 ¹
2338 1660 2420 1705 ex

329 1744 649 1816 moribus
692 1745 885 1816 istius
927 1744 1219 1835 ducam,
1258 1743 1519 1816 etiamsi
1548 1743 1770 1842 qualis
1803 1745 1925 1836 sit,
1961 1773 2170 1846 quam
2201 1747 2417 1820 disso-

322 1859 521 1931 lutus
538 1918 557 1951 ,
591 1886 806 1956 quam
829 1860 1223 1931 luxuriosus
1243 1886 1321 1930 ac
1348 1859 1647 1957 perditus
1664 1917 1682 1950 ,
1713 1863 2102 1960 argumenti
2124 1863 2282 1933 satis
2309 1864 2413 1936 vel

328 2002 478 2048 uno
510 1994 933 2074 argumento
959 1973 1231 2072 probari
1260 1974 1514 2072 potuit:
1541 1977 1911 2073 parasitum
1932 1977 2198 2049 habuit.
2230 1981 2417 2051 Inter

316 2087 515 2178 haec,
562 2108 648 2158 ut
687 2088 970 2186 opinor,
1016 2087 1233 2185 posita
1265 2108 1362 2159 est
1396 2088 1742 2186 religionis
1771 2112 1999 2164 vestrae
2029 2094 2410 2185 cunctatio,

306 2202 636 2308 judiceS,
682 2223 759 2273 ut
785 2200 1196 2300 dispiciatis,
1229 2224 1468 2274 utrum
1509 2204 1836 2301 parasitus
1865 2207 2365 2293 sua-voluntate
2394 2265 2413 2299 ,

316 2347 419 2393 an
472 2317 811 2417 quoniam
859 2317 930 2389 id
979 2318 1172 2390 diviti
1219 2319 1622 2417 praestabat,
1681 2342 2019 2419 rapuerat.
2077 2325 2416 2396 Parasitus

321 2432 582 2532 rapuit.
614 2431 811 2521 Quid
841 2430 986 2502 ais?
1012 2452 1287 2502 tantum
1314 2431 1420 2503 illi
1448 2433 1676 2516 vacuit
1693 2432 1761 2503 ²?
1783 2434 2050 2504 adeone
2073 2440 2416 2508 saturitate

320 2546 518 2646 apud
562 2567 625 2618 te
673 2545 1078 2636 exundavit,
1121 2566 1201 2617 ut
1237 2543 1400 2632 vilia
1446 2568 1659 2619 scorta
1693 2551 1837 2619 no'n
1874 2570 2246 2648 quaereret,
2297 2551 2414 2648 qui

321 2660 663 2734 omnibus
696 2681 1057 2732 contentus
1092 2659 1233 2732 est?
1266 2687 1356 2732 an
1385 2660 1567 2732 solus
1592 2662 1831 2734 oculos
1865 2662 1952 2733 ad
1985 2662 2323 2761 ingenuas
2353 2685 2419 2736 et

322 2777 419 2850 ad
447 2777 783 2875 virgines,
820 2797 889 2848 et
917 2776 1224 2872 aliquem
1255 2775 1463 2848 etiam
1495 2799 1799 2875 petentes
1835 2776 2175 2868 honorem
2211 2761 2415 2866 attolss-

322 2893 539 2966 leret?
561 2896 941 2990 Nunquam
986 2891 1267 2964 hercule
1301 2913 1444 2964 tarn
1474 2891 1750 2966 felicem
1786 2895 1984 2966 istam
2015 2894 2411 2968 servitutem

322 3099 442 3169 ipsa
479 3098 649 3173 lequm
687 3109 903 3163 natura,
944 3097 1090 3167 quod
1123 3095 1332 3149 videtur
1412 3114 1593 3147 rumor
1610 3108 1720 3147 erat
1734 3098 1985 3168 pauperis
2006 3095 2166 3148 filiam
2181 3098 2413 3148 futuram

330 3178 598 3246 requirere
622 3195 852 3249 sequens
879 3177 1012 3248 ipsis.
1039 3179 1098 3228 In
1130 3175 1332 3246 legibus
1413 3178 1759 3230 sacerdotem.
1809 3181 1936 3229 Eam
1999 3180 2261 3247 parasitus
2315 3178 2411 3230 sub

334 3252 505 3319 euim,
525 3273 630 3306 non
654 3256 707 3305 in
744 3268 932 3306 natura
972 3273 1175 3318 rerum,
1213 3254 1335 3305 nul·
1414 3257 1550 3310 diem
1570 3259 1960 3329 mysteriorum,
1980 3256 2266 3308 submissus
2282 3276 2310 3309 a
2331 3257 2412 3309 di-

332 3331 453 3385 lum
473 3347 545 3386 est
564 3334 839 3389 discrimen
860 3349 1141 3389 servatum.
1163 3336 1329 3386 Burin.
1409 3341 1514 3391 vite
1528 3377 1544 3402 ,
1566 3341 1757 3408 rapuit.
1777 3339 1931 3390 Dives
1950 3356 2047 3409 pro
2067 3339 2301 3410 parasito
2318 3340 2412 3391 ob-

416 3428 437 3464 1
449 3449 462 3462 .
479 3412 796 3485 Argumenti.
808 3414 872 3465 Et
888 3427 1261 3486 argumentum
1280 3427 1333 3465 et

323 3492 540 3545 initium
571 3491 730 3561 hujus
758 3493 1157 3546 Declamationis
1191 3494 1333 3545 desi·

321 3571 580 3624 der-atur:
620 3569 715 3622 sed
748 3574 933 3641 partlm
973 3593 1034 3626 ex
1066 3593 1158 3632 eo..
1190 3571 1334 3645 quod

320 3649 588 3722 reliquum
609 3660 716 3716 est,
734 3652 923 3720 partim
941 3671 1001 3704 ex
1021 3663 1331 3723 argumento

322 3728 736 3781 Declamationis
765 3727 1063 3798 CCCLxx,
1091 3733 1253 3796 iufra,
1281 3742 1334 3781 ct

324 3824 393 3857 ex
409 3807 604 3860 Seneca
619 3809 870 3860 Contu-ov.
889 3809 982 3860 lib.
1003 3811 1066 3875 11,
1082 3826 1134 3874 2,
1150 3808 1329 3860 thema

324 3885 507 3956 colligi
529 3902 579 3939 et
594 3891 791 3941 restitui
810 3902 991 3961 potest
1009 3889 1112 3942 hoc
1133 3886 1292 3940 modo
1312 3911 1325 3941 z

332 3968 633 4028 -Sacertlos
665 3985 807 4024 casta
847 3992 876 4023 e
904 3975 1089 4037 castis,
1127 3991 1257 4043 pura
1299 3991 1327 4024 e

332 4073 355 4099 α
374 4052 524 4125 puris
548 4054 629 4104 sit.
666 4054 773 4122 Qui
805 4055 1089 4123 ingenuam
1118 4066 1329 4124 stupra-

331 4151 354 4177 α
372 4129 534 4196 verit,
560 4128 646 4183 det
674 4131 858 4185 decem
882 4131 1062 4183 millia.
1085 4133 1329 4203 Inscripti

329 4232 351 4256 ι
372 4211 613 4264 maleficii
651 4215 719 4265 sit
752 4214 910 4265 actio.
934 4237 956 4261 ιι
986 4215 1237 4284 Pauperis
1276 4225 1328 4263 et

1410 3417 1530 3468 tulit
1555 3416 1736 3469 decr-m
1765 3415 1955 3467 millia:
1981 3417 2217 3488 inscripti
2248 3416 2412 3469 male-

1415 3496 1516 3545 ficii
1543 3514 1662 3546 reus
1687 3508 1781 3545 est.
1811 3496 1887 3545 De
1911 3493 2010 3546 hac
2042 3514 2202 3564 poena
2227 3493 2409 3546 decem

1411 3572 1631 3624 millium
1669 3570 1861 3624 Fabius
1898 3587 2079 3624 noster
2113 3574 2410 3624 Institutio-

1411 3668 1537 3702 num
1567 3662 1700 3700 orat.
1736 3649 1826 3701 lib.
1849 3651 1967 3714 vu,
1993 3668 2110 3721 cap.
2144 3651 2206 3717 4.,
2237 3651 2285 3716 3.
2322 3650 2406 3701 36.

1411 3732 1483 3782 Ea
1506 3732 1728 3803 primum
1749 3730 1863 3802 lege
1879 3731 2102 3794 Scatinia
2124 3731 2410 3782 constituta

1409 3825 1503 3864 est.
1552 3814 1713 3862 Porro
1751 3812 1876 3882 quid
1911 3814 1974 3862 sit
2013 3812 2268 3880 scriptum
2304 3811 2410 3861 sive

1408 3894 1717 3964 inscriptum
1750 3890 2090 3954 maleficium,
2119 3887 2231 3938 vide
2260 3888 2406 3939 Decl.

1405 3969 1710 4022 CCCXLIV.
1740 3971 1794 4018 P.
1817 3969 2076 4020 AEnonms.
2104 3965 2181 4017 Cl.
2223 3964 2409 4017 Schul-

1404 4052 1598 4122 tiugius
1619 4047 1853 4119 legebat,
1877 4057 2179 4120 arqumento
2189 4050 2307 4100 satis
2324 4043 2412 4099 vel

1407 4150 1511 4182 uno
1523 4129 1735 4204 probari
1746 4130 1932 4199 potuit.
2309 4171 2316 4180 .

1478 4231 1524 4264 2.
1557 4212 1757 4264 Vacuit.
1781 4210 2105 4282 Schultingio
2135 4209 2405 4282 placebat,

325 4285 496 4342 divitis
521 4289 639 4342 filie
659 4290 918 4361 petebant
939 4289 1324 4347 sacerdotium:
1400 4292 1620 4363 placuit,-
1635 4295 1857 4346 Francio
1875 4305 1928 4345 et
1941 4291 2142 4343 Pithoeo
2156 4329 2173 4357 ,
2189 4291 2404 4342 vacavit.

2109 4383 2157 4432 3.
