3200 5117
888 542 1582 607 DECLAMATION
1602 544 1720 607 Es.
1770 545 1843 607 L.
2284 548 2406 635 ⁵95

324 664 716 736 infamem?
755 691 844 738 an
889 684 1098 763 negat
1142 663 1646 763 gladiatorem?
1694 686 2063 763 utrumque
2112 668 2410 741 menda-

325 781 518 852 cium
540 802 668 853 est:
693 807 920 880 neque
943 780 1134 854 enim
1154 779 1551 852 conditione
1572 779 1966 879 gladiatoria
1982 798 1999 827 ¹
2020 784 2407 882 quidquam

325 915 429 966 est
454 894 793 968 humilius
825 894 897 966 in
925 894 1170 995 vulgo,
1203 921 1329 967 nec
1365 923 1522 967 meo
1556 895 1842 968 nomine
1875 897 2263 996 quidquam
2293 926 2409 971 no-

323 1010 537 1084 bilius
589 1013 661 1084 in
704 1012 895 1085 ludo.
941 1015 1294 1101 Fortunae,
1344 1012 1609 1110 inquit,
1653 1013 1826 1083 fuit:
1871 1039 2232 1111 quousque
2275 1016 2408 1086 for-

323 1147 572 1198 tunam
609 1126 944 1199 facimus²
974 1126 1450 1200 humanorum
1485 1127 1926 1224 negotiorum
1962 1126 2190 1198 ream?
2227 1151 2401 1200 esto:

321 1244 599 1315 fortuna
632 1243 828 1332 fecit,
865 1264 943 1314 ut
975 1267 1291 1341 caperer:
1329 1241 1483 1339 quis
1517 1242 1719 1331 fecit,
1755 1263 1833 1313 ut
1865 1269 2073 1314 nemo
2110 1241 2406 1315 redime-

317 1358 463 1430 ret?
489 1359 634 1432 Etsi
653 1357 679 1403 ³
704 1359 987 1431 victoria
1017 1358 1218 1431 solita
1248 1358 1673 1457 provenerit,
1710 1378 1862 1458 post
1886 1358 2136 1430 rudem
2162 1359 2407 1433 trium-

317 1474 576 1571 phabo.
1700 1500 1705 1505 “

314 1671 426 1730 qat.
453 1658 659 1710 Scribe:
689 1671 862 1711 utrum
887 1661 1046 1734 igitur
1061 1661 1321 1733 gladiato·
1391 1662 1552 1731 jeune
1575 1661 1810 1731 Enfant,·
1830 1675 1880 1713 et
1901 1660 2040 1731 apol.
2064 1662 2183 1725 Vll,
2212 1661 2290 1726 14.
2312 1663 2402 1712 En.

320 1755 428 1786 rem
451 1747 609 1809 neqat
626 1736 818 1808 aliquis
841 1737 1124 1807 infamem,
1150 1759 1220 1790 an
1240 1759 1324 1790 me
1398 1740 1707 1792 -Facimus
1718 1740 2066 1791 humanorum
2084 1740 2404 1812 neqotiorum

319 1826 474 1887 negat
516 1815 907 1887 gladiatorem?
949 1817 1111 1869 Giton.
1165 1818 1319 1869 Haud
1400 1836 1557 1869 ream.
1599 1820 1841 1870 Heinsius
1878 1820 1931 1868 in
1970 1836 2063 1869 ora
2094 1817 2290 1869 codicis
2324 1820 2403 1870 sui

319 1907 631 1946 cunctanter
665 1897 905 1967 corrigo,
945 1897 1129 1948 Utrum
1163 1897 1325 1969 igitur
1397 1894 1664 1948 luvenalis
1691 1897 1796 1947 Sat.
1824 1897 1898 1960 X,
1919 1914 2048 1946 vers.
2077 1894 2171 1945 ult.
2198 1893 2404 1963 legebat

313 1971 654 2046 gladiatorem
673 1973 1029 2047 negatalt'qut's
1043 1975 1322 2045 infamem?
1400 1973 1503 2024 hoc
1539 1972 1771 2025 adducto
1804 1974 1957 2025 loco:
1995 1995 2016 2017 κ
2036 1975 2147 2024 Nos
2180 1985 2263 2038 te,
2291 1971 2403 2024 Nos

316 2071 388 2103 an
414 2070 496 2102 me
522 2062 675 2124 negat
698 2050 1078 2124 qladiatorem?
1112 2054 1322 2106 Utrum-

317 2152 419 2204 que
439 2134 769 2186 mendacium
794 2145 881 2187 est.
910 2136 1128 2189 Senum.
1156 2135 1323 2186 Rece-

314 2212 395 2281 pit
416 2210 839 2264 doctissimorum
860 2215 1090 2265 virorum
1114 2214 1319 2282 conjec-

318 2304 462 2343 turas
488 2292 807 2346 Obrechtus.

394 2388 412 2422 ι
426 2411 437 2421 .
454 2373 638 2442 Neque
653 2374 794 2423 euim
812 2368 1109 2426 conditione
1117 2371 1321 2444 qladia·

319 2454 477 2518 toria,
498 2465 599 2504 etc.
619 2454 850 2505 Pertinet
870 2451 937 2504 ad
959 2452 1068 2505 haec
1086 2452 1223 2505 Flor.
1243 2455 1316 2519 11,

324 2547 413 2600 193
440 2545 490 2582 et
514 2533 607 2598 111,
635 2548 701 2583 20
724 2534 835 2584 init.
863 2532 1082 2585 Senum.

389 2629 436 2663 2.
467 2611 743 2682 Quousque
757 2611 1036 2681 fortunam
1054 2612 1316 2684 facimus,

313 2701 414 2741 etc.
441 2689 651 2741 Sallust.
675 2692 898 2760 graviter
916 2688 984 2742 de
1006 2691 1088 2744 his
1108 2693 1162 2744 in
1183 2710 1315 2762 prae-

316 2771 515 2821 fatione
535 2769 658 2821 belli
676 2769 920 2841 Jugurth.
942 2772 1163 2824 senum.
1183 2772 1315 2826 Vide

318 2849 475 2898 etiam
507 2849 753 2898 nostratis
787 2849 860 2900 La
893 2850 1148 2902 Fontaine
1180 2870 1315 2922 apo-

315 2925 524 2998 logum,
548 2928 635 2979 cni
658 2925 838 2978 titulus
867 2926 919 2979 la
945 2929 1169 2980 Fon-tune
1191 2940 1242 2980 et
1266 2929 1315 2981 Ie

1406 2073 1428 2098 ι
1449 2052 1701 2118 facimus,
1718 2055 1968 2117 Fortuna,
1984 2069 2123 2102 ream
2136 2087 2152 2114 ‚
2169 2049 2402 2119 caeloque

1405 2156 1428 2179 ι
1449 2132 1702 2185 locamus.
1728 2157 1750 2180 ι
1779 2135 1860 2185 Sic
1886 2146 1937 2183 et
1962 2129 2105 2203 apud
2126 2128 2335 2201 Apulei.
2355 2129 2401 2177 V

1399 2214 1613 2266 Metam.
1637 2214 1872 2283 legebat,
1896 2238 1918 2259 a
1936 2214 2012 2263 En
2036 2231 2068 2262 o
2088 2229 2178 2261 rea
2198 2223 2248 2260 et
2269 2229 2401 2261 saeva

1405 2314 1427 2339 αι
1447 2305 1498 2343 et
1533 2294 1717 2363 iniqua
1754 2292 2002 2354 fortuna,
2024 2312 2046 2335 n
2087 2287 2177 2338 ubi
2206 2286 2366 2356 vulgo
2384 2326 2400 2354 ‚

1398 2391 1463 2425 ea
1486 2373 1622 2427 orba.

1468 2454 1518 2506 3.
1542 2454 1615 2504 Et
1632 2453 1692 2505 si.
1720 2452 1927 2517 Malim,
1947 2451 2055 2502 etsi
2075 2470 2121 2502 v.
2142 2470 2179 2503 s.
2201 2468 2257 2520 p.
2279 2471 2333 2523 p.
2358 2469 2396 2503 r.

1398 2531 1745 2605 triumphabo.
1768 2535 1910 2584 Pt‘ru.
1932 2530 2296 2583 Divellendum
2313 2533 2400 2584 Et·

1395 2613 1455 2665 εἰ.
1477 2613 1635 2663 Forte
1659 2625 1709 2662 et
1736 2610 2043 2662 mutandum
2073 2611 2125 2661 in
2150 2610 2225 2662 At
2250 2609 2323 2670 st‘,·
2348 2624 2398 2662 et

1397 2692 1811 2759 interrogatione
1830 2687 2080 2761 periodus
2107 2686 2394 2739 efferenda.

1397 2773 1699 2845 Exprimere
1711 2772 1847 2821 enim
1860 2770 1969 2821 vult
1983 2770 2254 2839 indignum
2265 2786 2396 2835 esse,

1396 2864 1454 2902 ut
1477 2848 1580 2918 illi,
1609 2851 1699 2921 qui
1722 2848 1982 2919 gladiator
2004 2851 2162 2901 fuerit
2186 2860 2239 2901 et
2261 2849 2397 2898 iufa-

1393 2931 1491 2982 mia
1508 2968 1523 2996 ,
1557 2927 1884 2981 concedatur
1922 2925 2234 2998 triumphus.
2274 2927 2390 2979 Seu.
