3200 5117
777 563 908 650 464
1277 562 1371 629 M.
1420 563 1672 628 rABn
1718 558 2363 646 QU1NT1L1AN1

768 715 995 763 unam
1027 712 1267 760 vocem
1303 687 1698 760 includere?
1729 687 1964 777 Qum
2001 707 2292 761 mamm
2331 707 2768 776 summu
2805 687 2882 760 id

777 823 912 892 est,
948 803 1137 901 quod
1175 830 1394 901 genus
1436 801 1764 902 supplicii
1800 801 2068 901 placere
2110 800 2242 872 sibi
2282 801 2875 900 pronunciaverit,

777 945 918 1014 qua
958 944 1160 1016 poena
1204 938 1573 990 nocentem
1620 916 1807 988 affici
1853 915 2166 989 voluerit.
2215 916 2352 988 Sed
2396 936 2730 1014 quatuor,
2777 915 2880 985 in·

780 1034 970 1132 quit,
1008 1033 1285 1133 judices
1334 1059 1447 1104 me
1495 1033 1875 1106 noluerunt
1923 1032 2101 1103 mori
2144 1061 2158 1103 :
2213 1053 2291 1104 tu
2334 1058 2524 1103 nunc
2574 1030 2873 1120 indicas,

780 1174 996 1247 quam
1045 1149 1323 1245 poenam
1374 1146 1810 1236 transierint,
1859 1173 2003 1218 non
2051 1172 2265 1244 quam
2315 1145 2724 1218 statuerint:
2771 1144 2878 1216 lex

779 1285 1015 1336 autem
1064 1284 1319 1334 certam
1370 1261 1654 1334 illorum
1703 1262 2113 1335 sententiam
2151 1261 2391 1361 exigit.
2433 1261 2632 1352 Quid
2687 1260 2877 1333 enim

781 1377 973 1450 aliud
1004 1376 1297 1467 diceres,
1318 1376 1390 1448 ·si
1420 1376 1742 1449 nondum
1779 1374 2392 1475 pronunciassent?
2424 1375 2481 1449 si
2517 1397 2879 1472 negassent

780 1493 1044 1591 liquere
1078 1492 1205 1563 sibi
1243 1492 1328 1564 de
1356 1492 1704 1591 supplicio
1733 1491 1894 1563 tuo?
1931 1490 2285 1588 numquid
2323 1491 2698 1563 sententias
2731 1490 2879 1561 illo·

780 1636 941 1680 rum
973 1608 1418 1680 numerares?
1447 1608 1771 1679 minime.
1804 1610 2080 1679 Horum
2116 1607 2309 1678 enim
2347 1607 2662 1706 primum
2685 1622 2700 1650 ¹
2725 1608 2876 1707 jam

782 1721 991 1795 verba
1029 1722 1288 1821 signavi
1315 1749 1329 1792 :
1368 1721 1651 1794 illorum
1683 1743 1981 1819 quatuor
2013 1747 2166 1819 quae
2195 1721 2529 1819 signabo?
2563 1720 2876 1792 dubitare

786 1834 986 1908 illos?
1020 1836 1317 1927 nescire,
1359 1835 1529 1934 quid
1570 1834 2075 1934 pronuncient?
2108 1835 2498 1907 etiamnum
2532 1862 2699 1934 ergo
2739 1862 2880 1907 sns-

783 1953 1071 2052 pensos?
1099 1979 1224 2025 cur
1245 1952 1503 2024 dimitti
1529 1951 1869 2051 postulas,
1897 1952 1952 2023 si
1976 1951 2192 2052 judex
2215 1951 2582 2023 deliberat?
2607 1952 2875 2041 Plures,

785 2066 1048 2165 inquit,
1076 2092 1189 2138 me
1213 2066 1388 2138 mori
1413 2066 1831 2138 noluerunt:
1865 2065 2038 2163 quid
2066 2066 2277 2164 igitur
2293 2066 2512 2138 velint
2531 2124 2548 2152 ,
2577 2094 2879 2166 pronun-

785 2181 921 2253 cies
950 2195 1303 2281 oportet²t
1351 2180 1634 2253 illorum
1675 2181 2087 2253 sententiam
2133 2180 2403 2279 signare
2431 2181 2639 2254 volo:
2690 2210 2880 2255 accu-

786 2316 966 2369 sator
1008 2297 1290 2369 recitare
1325 2297 1436 2369 his
1463 2297 1816 2398 judicibus
1843 2297 2030 2385 volo,
2067 2317 2144 2369 ut
2175 2296 2515 2388 habeant,
2549 2299 2742 2397 quod
2771 2324 2880 2370 se-

787 2434 1108 2509 quantur.
1151 2415 1342 2504 Duo,
1382 2412 1655 2510 inquit,
1690 2412 2008 2483 exsilium
2046 2411 2219 2483 mihi
2263 2412 2642 2513 injungunt
2674 2440 2690 2484 ε
2727 2413 2878 2512 jam

786 2528 998 2627 igitur
1021 2550 1248 2628 aperte
1274 2557 1416 2601 una
1442 2527 1718 2629 plures-⁹·
1742 2528 1949 2600 facis:
1970 2527 2120 2627 jam
2146 2527 2428 2601 turbam
2454 2529 2649 2599 istam
2669 2584 2689 2617 ,
2719 2555 2880 2624 quae

791 2642 1108 2714 universa
1141 2662 1451 2732 noceret,
1493 2641 1867 2713 dividendo
1898 2641 2314 2739 exstinguis:
2349 2642 2488 2713 duo
2512 2640 2823 2710 exsilium
2848 2696 2870 2728 ,

788 2755 931 2828 duo
975 2755 1434 2854 ignominiam
1482 2756 1950 2855 pronunciant
1985 2784 2000 2828 :
2037 2757 2135 2830 vis
2174 2784 2301 2856 ego
2346 2756 2488 2829 illos
2520 2754 2820 2853 jungam
2845 2809 2867 2842 ‚

789 2871 910 2969 qui
942 2899 1012 2943 se
1038 2872 1166 2970 ipsi
1195 2870 1559 2945 dividunt?
1584 2875 1947 2945 Revertere
1981 2898 2173 2945 nunc
2206 2874 2294 2946 ad
2325 2873 2528 2946 verba
2553 2869 2762 2969 legis,
2794 2891 2881 2943 ut

789 2988 1027 3087 paullo
1057 3009 1252 3060 ante:
1292 3009 1506 3077 QUAM
1545 3009 1870 3078 POENAM,
1908 2989 2170 3088 inquit,
2208 3010 2448 3062 Mesoa
2485 3008 2650 3062 mus
2681 3007 2884 3060 mm-

696 3095 708 3108 *
788 3124 943 3176 CUM
986 3123 1413 3178 STATUEMT.
1455 3108 1730 3176 Partem
1773 3105 2227 3205 intelligimus
2265 3104 2500 3179 eidem
2532 3104 2879 3177 4numero

787 3219 1194 3317 applicatam
1214 3276 1233 3308 ‚
1270 3220 1873 3317 quemadmodum
1898 3223 2236 3293 sententia
2261 3221 2711 3322 conjunctam
2729 3278 2749 3309 ‚
2783 3220 2880 3291 sic

791 3334 1026 3407 turba:
1052 3336 1313 3436 alioqui
1341 3336 1396 3407 si
1428 3336 1757 3408 miscere⁵
1784 3335 1908 3409 tibi
1936 3358 2002 3410 et
2031 3338 2100 3409 in
2128 3364 2378 3437 genere
2409 3337 2880 3409 dissentientes

798 3507 813 3517 “
877 3505 918 3538 ¹.
940 3489 1142 3538 Horum
1164 3490 1303 3540 enim
1322 3489 1574 3561 primum.
1596 3488 1796 3539 Horum
1876 3503 1927 3542 et
1952 3490 2152 3542 Schult.
2177 3490 2246 3542 ad
2270 3491 2455 3544 Senec.
2481 3490 2632 3544 Dect.
2655 3492 2848 3546 xxvu
2862 3530 2878 3557 ‚

788 3572 929 3625 enim
956 3568 1143 3632 trium,
1170 3568 1349 3621 AErod.
1874 3587 1929 3638 p.
1968 3585 2102 3638 279,
2130 3572 2254 3639 quia
2286 3588 2415 3621 vero
2451 3572 2718 3640 precessit
2749 3569 2876 3634 duo,

863 3670 912 3704 2.
946 3647 1261 3700 Pronuncces
1292 3656 1508 3719 oportet.
1542 3646 1796 3699 Enunties
1873 3646 2081 3699 mallem
2109 3646 2230 3713 hie,
2261 3666 2368 3700 uno
2396 3647 2606 3720 plures,
2637 3651 2740 3701 nisi
2766 3667 2878 3700 sen·

787 3729 998 3784 volebat
1022 3727 1292 3778 Francius.
1875 3730 2047 3779 tentioe
2070 3726 2552 3798 subintelligantur.
2577 3731 2749 3782 Bonus.

858 3812 908 3864 3.
936 3811 1020 3861 Ex
1041 3827 1146 3859 una
1165 3806 1355 3877 plures.
1380 3805 1573 3859 Nullos
1595 3806 1790 3877 plures.
1945 3809 1995 3875 4.
2022 3810 2208 3862 Eidem
2235 3829 2466 3863 numero.
2486 3812 2689 3864 Eodem
2711 3830 2877 3863 nume·

788 3896 1005 3947 Senum.
1048 3890 1240 3963 Aperte
1274 3909 1381 3941 mm
1417 3888 1592 3960 plures
1621 3888 1791 3960 facis,
1874 3909 1930 3942 ro
1948 3911 2069 3963 app.
2097 3892 2156 3961 Q.
2179 3895 2431 3945 sententia
2449 3894 2873 3965 conjuncta,AE1-.

791 3970 875 4023 ed.
922 3971 988 4023 al.
1035 3967 1178 4041 quod
1224 3969 1438 4020 minime
1485 3967 1798 4019 mutandum
1950 3971 1998 4021 5.
2023 3971 2085 4021 Si
2102 3971 2310 4022 miscere
2332 3972 2429 4023 tibi
2449 3973 2576 4023 etin
2595 3990 2794 4046 genere.
2819 3970 2876 4021 St

789 4062 925 4101 erut:
943 4050 1099 4100 trium
1116 4050 1256 4099 enim
1269 4046 1509 4116 judicum
1528 4049 1794 4098 sententia
1875 4052 2081 4103 miscere
2105 4052 2196 4104 tibi
2222 4065 2272 4105 et
2283 4055 2508 4127 junqere
2532 4053 2878 4106 dissentientes

790 4130 832 4180 si
867 4141 1208 4200 opponantur
1237 4127 1500 4193 duorum,
1532 4142 1655 4180 sunt
1688 4147 1794 4180 una
1875 4128 2025 4193 licet,
2050 4129 2178 4182 Ohr.
2203 4132 2508 4205 Injunqere,
2536 4131 2720 4184 AErod.
2752 4133 2881 4183 (Ἰοα-

785 4205 959 4279 plures
967 4230 986 4269 ‚-
1003 4221 1059 4258 ut
1080 4209 1288 4278 egregie
1306 4206 1447 4260 hanc
1466 4207 1794 4261 locutionem
1868 4225 2069 4280 gerere,
2091 4207 2172 4260 vel
2191 4208 2460 4283 injungere
2473 4246 2490 4274 ,
2509 4229 2609 4283 pro
2622 4248 2641 4277 ‚
2659 4214 2881 4281 conjun-

788 4285 1014 4360 explicat
1027 4285 1258 4339 Gronov.
1275 4284 1344 4338 ad
1356 4284 1543 4356 Liv-V,
1559 4287 1646 4341 30.
1661 4286 1795 4341 Vide
1873 4303 2025 4360 gere²
2049 4300 2110 4339 nt
2131 4304 2291 4363 supra
2304 4325 2322 4360 ,
2345 4305 2505 4359 marg.
