3200 5117
743 529 870 596 208
1248 528 1345 593 M.
1392 526 1643 590 FABII
1689 523 2320 607 QUINTILIANI

741 679 958 753 quam
992 651 1415 749 ingenuam:
1443 647 1742 746 ideoque
1775 672 2000 744 quum
2024 645 2435 720 educeretur
2464 644 2553 716 ad
2587 645 2842 744 magis-

742 790 993 860 tratus,
1022 766 1198 841 nihil
1232 764 1606 856 recusavit,
1645 763 1826 836 nihil
1852 763 1999 865 juri
2033 782 2266 836 nostro
2298 762 2660 861 opposuit:
2698 763 2837 836 nisi

739 887 915 958 forte
957 883 1089 955 hoc
1127 906 1410 980 quoque
1449 879 1524 951 in
1555 905 1760 951 causa
1792 897 1969 968 erat,
2000 876 2191 977 quod
2228 876 2617 949 ducebatur
2647 905 2844 951 secu-

742 1011 941 1072 rus¹:
978 995 1167 1068 unde
1205 994 1395 1066 enim
1434 993 1636 1065 nobis
1672 991 1998 1065 adversus
2025 991 2234 1064 istum
2258 1012 2488 1066 tantus
2524 993 2839 1084 animus,

744 1133 824 1186 ut
865 1109 1420 1184 vindicaremur?
1468 1107 1827 1208 quomodo
1882 1107 2068 1179 hanc
2124 1106 2461 1180 invidiam
2512 1108 2841 1208 potuisset

745 1230 919 1301 ferre
948 1247 1356 1328 paupertas,
1385 1225 1441 1298 si
1466 1224 1782 1298 occidere
1811 1223 1958 1296 filia
1985 1249 2143 1296 mea
2163 1224 2490 1297 voluisset
2510 1225 2838 1326 juvenem

748 1345 927 1417 inter
967 1342 1314 1443 principes
1356 1336 1693 1414 civitatis?
1746 1341 1921 1419 Non*
1953 1359 2190 1411 tamen
2235 1354 2497 1437 usque²
2542 1338 2616 1410 in
2664 1339 2837 1432 hoc,

736 1458 1044 1561 judices,
1078 1457 1291 1547 valet,
1339 1477 1420 1529 ut
1454 1482 1600 1529 non
1640 1454 1952 1527 dederim
1994 1454 2447 1528 beneficium.
2491 1454 2629 1527 Ubi
2676 1481 2838 1554 ergo

717 1578 720 1581 ’
748 1573 1291 1672 circumscriptio
1311 1572 1447 1645 est?
1459 1598 1677 1671 quam
1697 1570 1988 1668 quidem
2006 1569 2233 1669 legem
2253 1571 2544 1642 arbitror
2564 1593 2842 1671 propter

748 1717 862 1762 eos
895 1688 1198 1762 maxime
1232 1689 1443 1761 latam
1465 1744 1484 1776 ,
1520 1686 1643 1786 qui
1678 1685 1860 1758 circa
1885 1686 2190 1759 forenses
2217 1685 2501 1759 insidias
2530 1685 2836 1785 aliquem

745 1806 991 1906 scripto
1025 1803 1382 1879 callidiore
1415 1802 1775 1902 cepissent.
1812 1804 2160 1875 Caeterum
2198 1822 2276 1873 ut
2308 1800 2587 1900 longius
2620 1802 2839 1874 inter-

744 1920 1034 2020 pretatio
1054 1919 1307 2008 veniat,
1329 1945 1475 1991 non
1501 1938 1735 1990 tamen
1758 1916 1890 1990 erit
1909 1917 2236 2007 dubium,
2262 1917 2840 2016 circumscriptio·

742 2061 909 2108 nem
944 2060 1089 2107 esse
1120 2032 1591 2106 inevitabilem
1631 2032 1949 2105 fraudem
1969 2090 1988 2122 ‚
2021 2031 2092 2104 id
2127 2052 2262 2124 est,
2296 2032 2369 2104 in
2399 2059 2541 2131 qua
2572 2034 2838 2105 factum

742 2149 892 2251 ejus
936 2150 1228 2223 demum
1272 2149 1681 2242 aestimetur,
1725 2149 1848 2246 qui
1888 2169 2297 2221 accusatur:
2356 2148 2635 2248 singula
2676 2175 2837 2248 ergo

743 2267 1181 2339 aestimemus.
1240 2265 1527 2338 Invitavi
1582 2265 1672 2340 ad
1733 2291 2005 2338 coenam
2036 2263 2065 2311 3
2094 2295 2113 2354 ;
2169 2290 2323 2364 quae
2374 2264 2490 2336 hic
2540 2265 2841 2338 circum-

741 2380 1015 2482 scriptio
1050 2381 1187 2454 est?
1219 2409 1488 2482 pauper
1515 2381 1849 2454 divitem:
1890 2379 2178 2452 venisti:
2212 2407 2342 2479 ago
2380 2381 2665 2478 gratias:
2710 2380 2841 2454 ha-

740 2496 947 2569 buisti
976 2497 1356 2587 honorem3
1385 2518 1454 2570 et
1480 2495 1657 2567 illud
1686 2494 1954 2568 humile
1974 2493 2195 2567 limen
2216 2494 2520 2584 intrasti3
2549 2516 2614 2567 et
2631 2495 2837 2566 adisti

742 2641 1064 2686 mensam
1085 2672 1104 2704 ,
1134 2614 1223 2685 ad
1255 2640 1473 2713 quam
1514 2640 1741 2711 quum
1770 2612 2007 2685 venire
2048 2611 2415 2712 coepimus,
2451 2610 2612 2683 deos
2643 2610 2836 2681 invo-

741 2755 1005 2801 camus.
1024 2727 1307 2827 Alioqui
1324 2725 1441 2828 jus
1474 2726 1550 2798 in
1577 2725 1726 2799 mel*
1750 2725 2199 2798 humanitatis
2229 2746 2329 2799 est
2348 2743 2580 2797 nostra
2606 2725 2836 2822 fruga-

742 2845 932 2934 litas,
966 2871 1118 2944 quae
1146 2844 1342 2916 vobis
1376 2844 1619 2944 utique
1646 2844 1834 2916 velut
1869 2843 2323 2916 refectionem
2350 2839 2731 2942 quamdam
2769 2860 2839 2913 et

743 2961 1052 3058 quietem
1083 2959 1364 3059 praebet.
1402 2962 1590 3033 Inter
1617 2979 1867 3032 vestras
1896 2986 2179 3058 quoque
2208 2957 2446 3057 epulas
2475 2982 2621 3029 non
2655 2982 2839 3028 sem-

744 3102 866 3174 per
907 3075 1028 3147 illa
1064 3097 1425 3175 ponuntur
1465 3076 1848 3176 peregrinis
1885 3076 2100 3176 petita
2135 3075 2453 3147 litoribus
2497 3095 2563 3145 et
2602 3072 2832 3145 silvis:

743 3191 1122 3290 aliquando
1166 3192 1312 3265 haec
1347 3192 1544 3285 vilia,
1592 3220 1744 3291 quae
1793 3219 1951 3265 rure
1999 3192 2410 3280 mittuntur,
2457 3189 2833 3280 adhibetis,

750 3382 772 3404 n
792 3372 906 3412 tuta
920 3360 1172 3431 dignitate
1189 3362 1423 3414 conditio
1440 3363 1639 3415 servilis
1653 3365 1748 3416 eri-

749 3464 772 3486 ιι
791 3442 951 3511 pitur.
976 3464 998 3488 u
1028 3444 1195 3494 Bona.

821 3535 839 3569 ι
852 3559 864 3570 .
882 3520 1032 3590 Quod
1042 3520 1551 3574 ducebatursecurus.
1569 3523 1748 3575 Sciens

743 3617 853 3651 non
882 3611 1139 3665 mortem,
1169 3600 1263 3651 sed
1291 3602 1503 3671 nuptias
1527 3613 1750 3672 propter

742 3682 1026 3733 amicitiam
1048 3693 1289 3752 optatum
1312 3682 1395 3733 iri.
1422 3684 1603 3735 AEnon.

816 3778 865 3812 2.
886 3761 1011 3811 Non
1032 3770 1207 3811 tamen
1228 3778 1403 3832 usque.
1427 3762 1553 3813 Non
1574 3772 1748 3813 tamen

741 3862 898 3916 usque
925 3842 982 3893 id
988 3841 1192 3914 judices
1220 3839 1388 3909 valet,
1417 3851 1476 3892 ut
1496 3842 1641 3913 quod
1658 3845 1748 3892 de-

742 3917 907 3972 derim
924 3959 942 3986 ,
986 3916 1231 3991 beneficio
1271 3920 1339 3971 sit
1357 3941 1372 3968 .·
1410 3920 1497 3972 sed
1528 3921 1750 3970 circum-

742 3999 1031 4069 scriptionis
1055 3997 1165 4071 leqe
1186 4010 1406 4050 accusat.
1434 3998 1603 4067 Quam
1629 3998 1747 4069 qui-

745 4078 861 4129 dem
876 4117 894 4145 ,
923 4078 1103 4130 AErod.
1132 4108 1201 4118 —
1227 4080 1429 4151 Scripta
1460 4078 1745 4131 callidiore.

751 4155 1029 4208 callidiore
1052 4157 1296 4210 AErodius
1320 4177 1429 4210 non
1452 4157 1630 4210 habet.

818 4235 870 4288 3.
899 4238 1127 4292 Invitavi
1154 4240 1224 4292 ad
1250 4258 1465 4293 coenam.
1495 4242 1747 4294 Francius

1825 3365 1899 3415 ita
1916 3360 2300 3432 distinguebat,
2320 3362 2545 3413 invitavi
2553 3359 2624 3412 ad
2636 3376 2836 3412 coenam

1826 3444 1977 3517 (quoe
1998 3444 2081 3496 hic
2099 3443 2501 3516 circumscriptio
2522 3440 2624 3512 est)
2636 3456 2842 3513 pauper
2881 3439 2884 3440 ⁷

1826 3524 2058 3575 divitem.

1900 3605 1949 3670 4.
1980 3603 2201 3677 Alioqui
2216 3608 2313 3678 jus
2342 3607 2400 3657 in
2427 3623 2526 3656 me.
2555 3602 2835 3670 Rhodius,

1811 3688 1906 3757 jus
1922 3701 2067 3736 meoe.
2088 3687 2158 3736 At
2178 3697 2236 3735 tu
2254 3684 2400 3756 leget
2423 3681 2670 3753 Adeoque
2677 3684 2839 3754 justoe

1831 3766 2173 3818 humanitatis
2184 3778 2255 3820 est
2269 3776 2441 3819 nostra
2446 3761 2742 3836 frugalitas
2748 3801 2766 3829 ,
2781 3773 2843 3815 ut

1828 3843 2309 3916 vobisutiquevelut
2318 3842 2652 3915 refectionum
2662 3861 2838 3914 quam·

1827 3922 1950 3974 dam
1975 3934 2027 3975 et
2050 3924 2276 3995 quietem
2295 3922 2542 3995 proebeat.
2568 3922 2755 3986 Justoe‚
2779 3916 2838 3970 id

1829 4015 1934 4065 est,
1950 4000 2289 4065 sufficientis,
2308 4017 2413 4069 qua
2428 4000 2631 4068 justum
2646 3998 2836 4068 accipit

1828 4096 2034 4136 natura.
2074 4083 2242 4136 Giton.
2282 4080 2517 4154 Aliquod
2541 4082 2626 4151 jus
2661 4079 2715 4129 in
2751 4094 2835 4128 me

1829 4160 2148 4214 humanitati
2188 4170 2275 4212 est.
2323 4160 2515 4212 Nostra
2549 4153 2836 4230 fiuqalilas

1826 4260 2032 4315 quoque
2055 4242 2194 4296 vobis
2215 4241 2422 4313 utique,
2447 4253 2547 4295 etc.
2576 4239 2795 4293 Senum.
