3200 5117
707 559 843 640 324
1210 557 1304 620 M.
1353 555 1604 619 FABII
1651 554 2293 637 QUINTILIANI

709 680 948 746 cillima
965 695 1083 745 est.
1098 677 1292 760 Quod
1309 676 1391 743 ad
1410 678 1808 769 quaestiones
1828 678 2142 766 pertinet,
2161 678 2390 766 primae
2409 698 2797 744 communes
2902 673 2907 679 ’

695 801 866 850 -sunt
885 785 1024 849 fere
1045 782 1350 849 omnibus
1371 783 1853 863 controversiis,
1873 805 2021 872 quae
2040 781 2163 847 hac
2182 783 2330 872 lege
2351 783 2794 848 continentur.

709 888 1154 973 Quaerendum
1187 907 1286 955 est
1320 889 1532 970 enim,
1574 887 1739 979 quid
1776 890 1861 955 sit
1896 888 2138 954 laedere
2176 889 2686 977 rempublicam3
2731 907 2799 955 et

710 996 932 1084 paullo
967 998 1199 1062 fortius
1236 998 1306 1062 in
1339 996 1464 1063 hac
1496 997 1975 1076 controversia,
2011 998 2079 1062 in
2114 1020 2244 1088 qua
2276 1014 2624 1064 tractatum
2651 1021 2796 1066 esse

708 1100 1099 1187 pestilentiae
1121 1103 1364 1166 malum
1380 1150 1398 1181 ,
1423 1100 1553 1167 hoc
1575 1101 1822 1167 nuncio
1847 1100 2272 1166 manifestum
2297 1118 2413 1167 est.

1402 1295 2104 1362 DECLAMATIO.

807 1456 1047 1527 Postea
1067 1479 1228 1553 ergo
1250 1481 1531 1527 causam
1553 1455 1775 1555 ipsam
1797 1454 2278 1542 defendemus,
2294 1474 2522 1552 postea
2537 1454 2797 1527 factum

711 1570 1403 1646 commendabimus:
1445 1572 1727 1643 interim
1765 1572 1924 1643 satis
1960 1592 2094 1660 est,
2136 1597 2279 1642 non
2326 1596 2470 1642 esse
2512 1598 2624 1642 me
2666 1570 2795 1643 hac

711 1684 902 1783 lege,
948 1711 1086 1781 qua
1129 1684 1431 1775 deferor,
1481 1706 1873 1758 nocentem.
1924 1687 2103 1758 Sane
2141 1684 2432 1757 credatis
2468 1684 2797 1783 imputari

715 1796 889 1869 mihi
917 1824 1113 1896 posse
1143 1798 1396 1870 civium
1427 1797 1724 1870 mortes?
1756 1819 1918 1870 sunt
1932 1800 2134 1899 jura,
2160 1824 2311 1897 quae
2345 1798 2532 1872 istud
2562 1799 2801 1870 defen-

713 1914 903 1986 dant.
925 1916 990 1985 N
994 1942 1082 1986 on
1106 1940 1247 1987 esse
1269 1915 1657 2013 explicitam
1679 1913 2039 2013 legationis
2060 1915 2273 1988 fidem
2293 1915 2525 1988 dicitis
2547 1941 2561 1985 :
2587 1914 2802 1986 habet

713 2029 857 2101 haec
887 2056 1164 2128 quoque
1192 2030 1298 2102 lex
1321 2030 1666 2101 actionem
1693 2055 1915 2101 suam.
1947 2034 2188 2130 Neque
2222 2051 2318 2103 est
2345 2030 2801 2129 quaerendum

716 2143 902 2241 apud
930 2170 1086 2234 vos,
1117 2170 1209 2215 an
1236 2143 1372 2216 alio
1392 2139 1643 2245 judicii
1674 2169 1922 2243 genere
1952 2143 2272 2216 damnari
2308 2144 2560 2242 possim
2583 2202 2602 2234 ‚
2634 2143 2804 2216 inte-

717 2259 851 2329 rim
887 2259 1019 2330 hoc
1040 2260 1160 2359 jus
1181 2274 1198 2304 ¹
1230 2259 1318 2331 ad
1358 2286 1473 2332 me
1512 2286 1655 2331 non
1681 2260 2017 2358 pertinet:
2047 2279 2171 2332 aut
2197 2259 2254 2331 si
2283 2259 2673 2358 reipublicae
2697 2259 2805 2332 lex

717 2392 851 2460 est,
893 2371 1037 2444 haec
1078 2373 1252 2444 nihil
1294 2374 1381 2444 ad
1414 2373 1789 2446 hominum
1823 2394 2113 2464 morteS,
2147 2371 2326 2445 nihil
2364 2373 2452 2445 ad
2493 2400 2613 2464 ea,
2648 2398 2805 2472 quae

647 2485 654 2494 “
707 2487 1039 2585 privatim
1066 2515 1344 2587 quoque
1368 2488 1699 2561 vindicari
1725 2508 2026 2587 possent.
2061 2488 2372 2589 Objicias
2395 2509 2658 2588 oportet
2678 2488 2805 2558 ali-

718 2600 891 2700 quid
910 2658 928 2690 ,
954 2627 1095 2698 quo
1118 2602 1484 2700 publicum
1510 2602 1720 2674 fuerit
1747 2629 1870 2701 per
1901 2629 2017 2674 me
2044 2602 2325 2674 laesum:
2358 2603 2427 2672 in
2461 2601 2589 2671 hoc
2621 2599 2800 2673 nihil

721 2715 962 2815 objicis
987 2716 1201 2804 mihi,
1231 2737 1471 2813 praeter
1492 2738 1743 2789 mortes
1761 2714 2176 2790 hominum:
2215 2717 2397 2817 quod
2422 2716 2676 2786 crimen
2701 2741 2793 2786 an

718 2855 959 2901 verum
993 2827 1111 2915 sit,
1146 2849 1377 2925 postea
1409 2829 1829 2901 viderimus:
1872 2831 2187 2921 interim,
2224 2851 2304 2902 ut
2342 2829 2511 2919 dixi,
2549 2828 2687 2926 legi
2730 2850 2803 2901 et

711 2944 872 3046 juri·
889 2944 1040 3044 conj
1052 2964 1342 3016 unctum
1368 2970 1512 3015 non
1538 2958 1699 3017 est2.
1728 2947 1926 3018 Mora
1954 2967 2189 3018 tamen
2220 2973 2375 3019 mea
2400 2944 2658 3043 aliquid
2687 2945 2808 3017 de-

721 3131 839 3183 dius
858 3130 1270 3186 Declamationis
1289 3135 1465 3200 initio,
1484 3136 1726 3187 AEstima-
1802 3146 1903 3198 esu
1927 3135 2126 3189 dictum
2146 3150 2322 3189 autem
2340 3155 2442 3208 pro
2460 3136 2658 3207 reipub.
2680 3133 2806 3186 loesoe

725 3228 912 3263 veram.
929 3241 1000 3251 —
1011 3213 1079 3262 In
1093 3231 1197 3284 qua
1214 3224 1488 3266 tractatum
1507 3232 1607 3266 esse
1620 3232 1728 3284 pes-

725 3289 954 3343 tilentioe.
1008 3291 1254 3344 AErodius
1281 3314 1293 3343 ε
1350 3296 1689 3346 controversia
1707 3331 1726 3361 ‚

726 3370 848 3442 quia
867 3384 1204 3425 contractum.
1226 3375 1381 3427 Forte
1400 3396 1411 3425 :
1434 3375 1486 3425 in
1504 3393 1611 3446 qua
1626 3386 1727 3426 tra-

725 3461 868 3501 ctum
888 3468 987 3503 esse
1005 3451 1310 3520 pestilentiae
1328 3451 1526 3504 malum
1546 3453 1610 3504 ab
1632 3453 1729 3504 im'·

728 3534 826 3595 tio,
848 3530 1180 3600 manifestum
1200 3545 1289 3586 est.
1313 3532 1439 3598 Vel,
1465 3533 1561 3585 hoc
1577 3531 1729 3585 silen-

728 3612 817 3663 tio.
841 3610 1122 3675 Tractum‚
1151 3609 1207 3662 id
1233 3624 1343 3678 est,
1368 3610 1563 3663 diutius
1588 3609 1725 3662 dila-

726 3702 856 3741 tum.
883 3688 1050 3740 Grion.
1085 3688 1434 3741 Tractandum
1461 3707 1575 3741 esse.
1603 3689 1724 3740 Sca.

725 3771 795 3822 In
808 3789 911 3843 qua
927 3781 1142 3822 tractum
1159 3788 1257 3823 esse
1271 3789 1326 3841 p.
1344 3788 1414 3819 m.
1427 3807 1446 3835 ,
1465 3769 1560 3820 hoc
1577 3768 1726 3824 initio

727 3851 1064 3923 manifestum
1088 3862 1186 3918 est,
1210 3850 1339 3905 Obr.

807 3950 850 3984 1.
879 3933 1096 3984 Interim
1126 3933 1339 4004 hoc-jus.
1369 3933 1623 3983 Francius
1650 3930 1728 3983 le-

728 4012 910 4084 gebat,
929 4014 1052 4064 dum
1078 4014 1282 4066 interim
1306 4012 1415 4064 alio
1424 4011 1620 4083 judicii
1636 4030 1729 4084 qe-

727 4110 863 4143 nere.
891 4095 1164 4144 Actionem
1183 4093 1317 4146 male
1338 4091 1492 4144 obitae
1516 4092 1730 4164 legatio-

727 4170 808 4223 nis
826 4170 1068 4243 intelligit
1083 4172 1343 4224 AErodius.
1357 4199 1429 4211 -—
1445 4171 1554 4222 Aut
1570 4173 1614 4223 si
1634 4171 1729 4222 rei-

724 4246 943 4326 public-a
967 4248 1049 4301 lex
1071 4260 1157 4302 est.
1188 4252 1330 4303 Nam
1351 4251 1394 4302 si
1419 4248 1613 4320 reipub.
1646 4247 1729 4301 lex

1807 3216 1922 3282 lex,
1951 3228 2010 3266 ut
2040 3214 2122 3267 lex
2154 3215 2474 3286 majestatis,
2514 3213 2803 3284 pudicitiae,

1806 3309 1905 3349 etc.
1932 3298 1986 3347 in
2013 3295 2202 3369 quibus
2224 3295 2354 3349 loesoe
2378 3293 2803 3364 subintelligitur.

1805 3377 2023 3429 Senum.
2048 3376 2158 3426 Aut
2177 3375 2220 3428 si
2244 3376 2370 3448 reip.
2395 3374 2524 3427 loesoe
2543 3373 2653 3437 lex,
2673 3372 2805 3424 Obr.

1846 3471 1854 3483 ⁰
1880 3471 1927 3505 2.
1949 3453 2077 3528 Legi
2095 3465 2145 3505 et
2148 3454 2264 3526 juri
2283 3456 2637 3525 conjunctum.
2658 3452 2811 3502 AEro-

1805 3530 1952 3583 dius:
1978 3532 2084 3583 lex
2112 3531 2381 3602 huicjurt‘.
2417 3529 2628 3583 Scribe:
2663 3527 2814 3598 Quod

1804 3611 1999 3663 crimen
2020 3631 2092 3662 an
2121 3629 2292 3662 verum
2320 3611 2385 3662 sit
2409 3621 2586 3681 postea
2615 3610 2812 3661 videbi-

1804 3711 1948 3745 mus.-
1991 3693 2197 3744 interim
2234 3694 2331 3762 (ut
2361 3690 2511 3760 dixi)
2550 3690 2654 3766 leyi
2691 3690 2813 3742 huic

1805 3776 2139 3845 conjunctum
2178 3791 2284 3826 non
2322 3783 2409 3825 est.
2448 3772 2614 3823 Gnon.
2651 3771 2811 3843 Leqi:

1806 3854 1891 3906 isti
1923 3856 2057 3925 conj.
2094 3872 2146 3904 n.
2181 3865 2280 3920 est,
2313 3852 2445 3905 Obr.
2491 3853 2682 3904 Nescio
2716 3868 2810 3901 cur

1807 3931 2082 4004 displiceat
2121 3930 2224 4005 qut‘
2261 3943 2310 3983 et
2330 3930 2482 4003 juri:
2523 3949 2638 4001 quae
2674 3944 2807 3997 ωερε

1807 4013 2060 4082 conjungi
2091 4011 2396 4075 docuimus,
2427 4011 2492 4063 ad
2514 4009 2660 4062 Decl.
2690 4008 2804 4072 XV,

1808 4093 1869 4144 3:
1910 4094 1982 4145 ita
2022 4111 2181 4164 supra
2218 4092 2446 4144 dixerat:
2492 4091 2650 4142 «Non
2691 4104 2807 4139 esse

1813 4193 1836 4217 κ
1854 4191 1936 4225 me
1955 4173 2056 4225 hac
2075 4173 2190 4243 lege
2212 4186 2515 4233 nocentem;
2536 4194 2558 4219 n
2588 4184 2637 4221 et
2663 4168 2812 4219 dein·

1809 4249 1904 4304 dc:
1943 4275 1966 4299 ιι
1986 4251 2117 4305 Sunt
2143 4255 2266 4322 jura
2299 4272 2417 4325 quae
2450 4247 2590 4304 istud
2621 4247 2813 4300 defen-
