3200 5117
664 545 1495 612 DECLAMATIONES.
1544 547 2147 614 CCCXXXVIII.
2318 553 2441 641 387

361 673 538 742 Ante
568 668 814 746 omnia,
833 667 1242 766 intelligitis,
1258 667 1566 768 judices,
1593 667 1872 742 nullum
1905 696 2081 742 onus
2111 672 2450 770 probatio·

361 786 473 857 nis
515 785 603 857 ad
648 812 760 856 me
802 783 1166 882 pertinere.
1210 785 1592 876 Juvenem,
1638 785 1725 857 de
1760 800 1939 882 quo¹
1979 786 2235 883 agitur,
2281 816 2444 861 cum

359 903 492 974 hoc
522 901 804 974 homine
836 900 1200 972 inventum
1232 928 1355 998 per
1387 921 1486 973 tot
1512 927 1772 992 annos»,
1807 901 1930 1000 qui
1967 902 2056 973 ad
2092 903 2446 978 robustam

362 1041 582 1112 usque
616 1037 878 1088 aetatem
925 1014 1301 1114 perducere
1336 1042 1539 1104 eum,
1575 1014 1663 1086 de
1704 1041 1843 1113 quo
1887 1014 2273 1113 litigamuS,
2317 1047 2450 1118 po·—

362 1152 681 1220 tuerunt,
735 1156 1102 1228 nunquam
1150 1130 1528 1201 dubitatur.
1579 1129 1828 1201 Dicam
1873 1156 2064 1201 nunc
2113 1158 2239 1228 ego
2287 1134 2447 1224 illa,

361 1273 514 1345 quae
538 1244 787 1317 leviora
808 1266 994 1317 sunt.
1017 1243 1291 1341 Nupsit,
1318 1263 1386 1314 et
1409 1243 1769 1342 concipere
1790 1243 2012 1341 potuit
2035 1271 2049 1315 :
2074 1244 2294 1317 immo
2318 1249 2448 1320 nisi

362 1361 816 1460 concepisset,
857 1385 1002 1431 non
1045 1357 1448 1429 credidisset
1478 1357 1576 1427 illi
1611 1358 1896 1430 maritus
1929 1386 1943 1428 :
1979 1379 2201 1431 totum
2242 1361 2452 1458 igitur

362 1505 538 1550 onus
574 1475 917 1549 redundat
944 1473 1031 1545 ad
1061 1473 1402 1545 diversam
1434 1493 1725 1571 partem.
1749 1472 2193 1547 Adversarius
2228 1477 2452 1550 multa

360 1596 649 1691 probare
679 1617 953 1663 necesse
977 1590 1223 1678 habet3
1251 1588 1574 1661 habuisse
1599 1616 1671 1661 se
1700 1617 1985 1662 uxorem
2004 1648 2023 1681 ,
2054 1594 2449 1693 concepisse

360 1734 646 1780 uxorem
685 1732 883 1778 suam
908 1763 927 1796 ,
974 1703 1355 1804 peperisse,
1405 1731 1672 1777 marem
1714 1706 2057 1805 peperisse
2080 1737 2099 1796 ;
2151 1735 2230 1781 eo
2272 1730 2452 1781 tem-

362 1851 526 1922 pore
545 1837 597 1910 2,
644 1824 833 1921 quod
885 1822 972 1893 ad
1026 1843 1297 1894 aetatem
1341 1821 1489 1922 ejus
1537 1822 1621 1894 de
1660 1850 1800 1920 quo
1843 1823 2230 1922 litigamus,
2277 1853 2449 1898 con-

362 1959 591 2037 gruat,
619 1937 992 2036 peperisse,
1019 1936 1435 2035 exposuisse,
1458 1937 1697 2008 vixisse
1723 1939 2105 2036 expositum
2133 1965 2147 2007 :
2177 1939 2264 2008 ab
2290 1939 2446 2031 hoe,

361 2084 402 2126 a
449 2082 589 2154 quo
642 2055 916 2152 repetit,
959 2079 1101 2125 esse
1152 2053 1544 2142 sublatum,
1592 2074 1659 2124 et
1706 2075 1942 2125 contra
1996 2054 2385 2154 subjectum
2430 2083 2445 2127 :

360 2169 450 2240 ab
484 2171 609 2241 hac
637 2167 828 2266 quod
862 2166 1252 2266 praecedit3,
1286 2187 1407 2238 aut
1437 2167 1678 2238 sterilis
1714 2168 1956 2257 fuerit,
1995 2189 2114 2239 aut
2146 2168 2221 2238 id
2259 2169 2449 2266 quod

361 2307 747 2384 pepererat,
783 2285 1112 2356 amisisse.
1141 2282 1456 2356 Sterilem
1487 2284 1697 2355 fuisse
1733 2311 1875 2355 non
1907 2284 2124 2373 dices;
2161 2286 2451 2358 credidit

361 2401 647 2472 maritus
671 2399 1020 2472 amisisse:
1050 2425 1192 2469 non
1224 2419 1324 2470 est
1355 2398 1514 2469 satis
1546 2399 1771 2469 dicere
1790 2455 1809 2487 ,
1846 2397 2294 2496 probandum
2325 2420 2444 2471 est,

360 2518 527 2588 Haec
557 2515 983 2614 exigeremus
1014 2515 1084 2585 in
1122 2541 1362 2604 causa,
1393 2514 1699 2615 judices,
1733 2515 1789 2585 si
1825 2515 1909 2585 de
1945 2514 2357 2613 mancipio&
2389 2515 2446 2586 si

359 2631 444 2702 de
490 2631 790 2731 pecunia
827 2659 841 2702 :
890 2630 1116 2702 filium
1161 2629 1362 2702 matri
1406 2630 1671 2728 eripere
1712 2630 2017 2719 conaris,
2068 2652 2137 2702 et
2176 2652 2444 2728 partem

435 2851 477 2885 1.
507 2836 758 2887 Juvenem
789 2836 850 2886 cle
876 2853 997 2907 quo.
1027 2835 1278 2885 Juvenem
1309 2836 1358 2886 d.
1441 2833 2016 2907 conqruczt,peper1'sse‚
2032 2834 2330 2903 exposuisse.
2348 2835 2443 2886 Gn.

360 2931 409 2984 q.
436 2932 486 2962 α.
510 2932 552 2963 c.
582 2913 631 2964 h.
660 2914 709 2964 1ι.
738 2914 770 2964 ἰ.
800 2932 854 2983 p.
890 2925 922 2964 t.
955 2932 1147 2972 annos,
1179 2915 1363 2983 quibus
1512 2916 1561 2966 3.
1597 2915 1677 2964 Ab
1709 2914 1806 2964 hac
1837 2913 1975 2985 quod
2008 2913 2264 2985 praecedit.
2301 2911 2445 2964 Nihil

360 2991 432 3040 ad
453 3007 491 3039 r.
518 3010 569 3040 u.
594 3009 656 3042 ιε.
677 2991 1050 3060 perduceretur,
1077 2991 1278 3042 etiamsi
1299 2994 1361 3043 de

359 3086 419 3120 eo
437 3067 643 3141 litigare
654 3079 958 3140 potuerunt,
977 3087 1249 3139 nunquam
1268 3070 1362 3120 du-

358 3147 594 3198 bitatum.
635 3150 853 3200 Possunt
891 3163 1065 3199 tamen
1100 3162 1150 3198 et
1184 3151 1360 3200 omnia

359 3227 597 3289 retineri,
623 3228 666 3277 si
690 3226 941 3278 tollantur
964 3228 1027 3278 de
1048 3246 1152 3297 quo
1181 3226 1361 3298 litiqa-

359 3322 494 3370 mus,
517 3323 633 3376 quae
650 3304 916 3376 superflua
937 3318 989 3355 et
1008 3306 1278 3374 irrepsisse
1298 3324 1360 3356 ex

359 3404 503 3457 seqq.
530 3386 787 3439 videntur.
814 3388 1030 3439 Scnutr.
1059 3388 1155 3436 Pro
1179 3386 1360 3437 inven-

359 3476 466 3514 tum
485 3504 501 3530 ,
536 3466 671 3516 forte
707 3466 950 3535 scripsit,
985 3466 1258 3515 viventem.
1288 3494 1361 3504 —

356 3544 658 3615 Nunquam.
719 3544 1000 3617 Numquid
1057 3544 1361 3597 dubitatur?

358 3620 677 3674 Obrechtns.

432 3717 478 3750 2.
505 3701 767 3772 Peperisse
787 3720 1010 3763 mamm,
1029 3702 1277 3773 peperisse
1297 3720 1357 3753 eo

356 3788 601 3849 tempore.
633 3781 753 3831 Nou
784 3780 934 3832 aliter
964 3781 1232 3837 AErodius..
1259 3780 1359 3831 nisi

356 3854 507 3927 quod
521 3869 757 3908 matrem.
784 3858 884 3911 Sed
906 3858 1005 3909 hae
1023 3858 1359 3909 distinctione

353 3952 531 4003 vacat,
558 3938 702 4008 quod
726 3941 970 4010 sequenti
987 3957 1140 3990 versu
1166 3952 1244 3988 est
1263 3955 1358 4008 pe-

351 4019 555 4089 perisse.
580 4020 663 4072 Sic
686 4022 846 4090 igitur
864 4022 1207 4090 interpungo:
1230 4037 1357 4070 con-

354 4103 540 4172 cepisse
588 4120 798 4154 uxorem
840 4119 986 4153 suam
1012 4123 1032 4161 ‚·
1069 4099 1319 4171 peperisse
1338 4122 1358 4162 ‚-

352 4195 548 4232 murem
566 4182 850 4254 peperisse,·
868 4199 928 4231 eo
950 4193 1200 4250 tempore,
1220 4179 1360 4251 quod

354 4258 427 4308 ad
439 4272 642 4314 atatem
662 4261 843 4334 hujus,
863 4267 926 4312 de
943 4279 1047 4334 quo
1067 4260 1357 4333 litiqamus,

1438 2990 1525 3042 hic
1565 2993 1698 3042 sani.
1738 2994 1975 3043 Forsan:
2012 2994 2076 3042 ab
2112 2991 2240 3057 hoc,
2273 3012 2304 3040 η
2342 3010 2444 3064 quo

1440 3073 1653 3140 repetit,
1696 3090 1795 3122 esse
1833 3071 2091 3123 sublatum
2113 3091 2132 3130 ,·
2174 3082 2225 3121 et
2264 3083 2443 3122 contra

1438 3153 1708 3214 subjectum
1727 3153 1791 3201 ab
1809 3151 1905 3202 hac
1914 3191 1931 3217 ,
1948 3170 2065 3222 quae
2081 3152 2287 3216 retinet,
2305 3153 2447 3225 quod

1438 3240 1530 3280 aut
1551 3228 1734 3280 sterilis
1746 3230 1941 3299 fuerit,
1968 3241 2061 3279 aut
2088 3230 2169 3294 id,
2194 3234 2335 3302 quod
2350 3251 2443 3302 pe·-

1435 3318 1669 3377 perennc,
1685 3307 1946 3358 amisisset.
1965 3307 2047 3358 Sic
2062 3326 2181 3358 mox
2197 3330 2208 3358 :
2225 3310 2308 3359 Ne
2323 3311 2445 3363 huie

1438 3389 1645 3459 quidem
1665 3388 1936 3438 retinendi.
1953 3388 2117 3440 Grion.
2138 3388 2244 3440 Aut
2262 3403 2444 3443 contra

1437 3467 1715 3537 suly'ectum
1742 3468 1805 3516 ab
1829 3466 1951 3531 hac,
1973 3477 2024 3517 et
2044 3467 2181 3538 quod
2200 3470 2449 3538 proecedit

1438 3556 1528 3595 aut
1571 3543 1794 3595 sterilem
1834 3544 2017 3614 fuisse.
2071 3546 2286 3598 Senot-r.
2335 3547 2446 3599 Aut

1437 3633 1618 3672 contra
1645 3622 1854 3692 suly’ecu'
1880 3623 1945 3672 ab
1977 3622 2102 3689 hoc,
2136 3625 2278 3694 quod
2306 3641 2443 3695 proe-

1438 3720 1578 3772 ceps,
1626 3714 1719 3752 aut
1758 3702 1941 3753 sterilis
1966 3702 2133 3772 fuerit
2149 3742 2164 3766 ‚
2203 3702 2331 3754 Obr.
2371 3729 2443 3742 -·

1442 3784 1685 3836 Credidit.
1697 3785 1810 3834 Nec
1821 3784 2033 3835 credidit
2047 3786 2290 3836 maritus.-
2312 3786 2443 3836 ami·

1437 3862 1551 3913 sisse
1582 3879 1685 3911 non
1704 3897 1720 3924 ‚
1762 3875 1860 3912 etc.
1896 3861 2139 3913 AErodius
2176 3876 2350 3928 recte,
2382 3874 2444 3913 ut

1439 3958 1598 4012 puto,
1623 3941 1912 4012 distinguit.
2082 3941 2087 3944 ’

1508 4023 1557 4088 4.
1584 4024 1641 4075 Si
1665 4025 1728 4074 de
1747 4024 2027 4094 mancipio.
2054 4023 2113 4076 St'
2128 4025 2194 4076 sit
2211 4023 2274 4075 de
2296 4043 2442 4075 man—

1436 4103 1600 4172 cipio,
1615 4102 1659 4154 si
1674 4104 1740 4154 sit
1753 4104 1813 4153 de
1827 4104 2070 4173 pecunia.
2090 4103 2305 4155 Sunium.
2325 4106 2442 4157 Sive

1437 4182 1500 4232 de
1518 4200 1586 4234 m.
1608 4183 1715 4234 sive
1732 4183 1795 4232 de
1808 4182 2059 4255 pecunia,
2081 4181 2210 4234 Obr.
2227 4184 2287 4236 Si
2300 4184 2348 4235 d.
2367 4202 2437 4233 m.

1435 4279 1473 4314 ε.
1500 4263 1564 4313 de
1582 4281 1636 4334 p.
1665 4281 1957 4338 ageremus,
1985 4264 2160 4315 AErod.

2074 4355 2157 4406 25.
