<?xml version="1.0" encoding="UTF-8"?>
<!DOCTYPE html PUBLIC "-//W3C//DTD XHTML 1.0 Transitional//EN"
    "http://www.w3.org/TR/xhtml1/DTD/xhtml1-transitional.dtd">
<html xmlns="http://www.w3.org/1999/xhtml" xml:lang="en" lang="en">
 <head>
  <title>
</title>
<meta http-equiv="Content-Type" content="text/html;charset=utf-8" />
  <meta name='ocr-system' content='tesseract 3.04.00' />
  <meta name='ocr-capabilities' content='ocr_page ocr_carea ocr_par ocr_line ocrx_word'/>
</head>
<body>
  <div class='ocr_page' id='page_1' title='image "./deinstitutioneo00flacgoog_0367.png"; bbox 0 0 3200 5117; ppageno 0'>
   <div class='ocr_carea' id='block_1_1' title="bbox 365 554 2456 1586">
    <p class='ocr_par' dir='ltr' id='par_1_1' title="bbox 365 554 2456 1586">
     <span class='ocr_line' id='line_1_1' title="bbox 723 554 2446 647; baseline 0.003 -26"><span class='ocrx_word' id='word_1_1' title='bbox 723 554 1556 621; x_wconf 84' lang='lat' dir='ltr'><strong>DECLAMATIONES.</strong></span> <span class='ocrx_word' id='word_1_2' title='bbox 1605 557 2096 622; x_wconf 77' lang='lat' dir='ltr'>CCCXXXII.</span> <span class='ocrx_word' id='word_1_3' title='bbox 2326 561 2446 647; x_wconf 86' lang='lat'>357</span> 
     </span>
     <span class='ocr_line' id='line_1_2' title="bbox 367 678 2450 782; baseline 0.002 -32"><span class='ocrx_word' id='word_1_4' title='bbox 367 678 622 771; x_wconf 86' lang='lat' dir='ltr'>habui,</span> <span class='ocrx_word' id='word_1_5' title='bbox 663 679 1008 779; x_wconf 82' lang='lat' dir='ltr'>quidquid</span> <span class='ocrx_word' id='word_1_6' title='bbox 1052 680 1306 754; x_wconf 85' lang='lat' dir='ltr'>servavi</span> <span class='ocrx_word' id='word_1_7' title='bbox 1329 739 1351 772; x_wconf 82' lang='lat'>,</span> <span class='ocrx_word' id='word_1_8' title='bbox 1398 681 1743 781; x_wconf 89' lang='lat' dir='ltr'>quidquid</span> <span class='ocrx_word' id='word_1_9' title='bbox 1786 682 2006 782; x_wconf 80' lang='lat' dir='ltr'>longae</span> <span class='ocrx_word' id='word_1_10' title='bbox 2047 680 2450 782; x_wconf 75' lang='lat' dir='ltr'>frugalitatis</span> 
     </span>
     <span class='ocr_line' id='line_1_3' title="bbox 367 794 2452 898; baseline 0.001 -33"><span class='ocrx_word' id='word_1_11' title='bbox 367 794 746 893; x_wconf 84' lang='lat' dir='ltr'><strong>superfuit:</strong></span> <span class='ocrx_word' id='word_1_12' title='bbox 796 794 1237 868; x_wconf 85' lang='lat' dir='ltr'>accessissent</span> <span class='ocrx_word' id='word_1_13' title='bbox 1280 794 1447 868; x_wconf 88' lang='lat' dir='ltr'>huic</span> <span class='ocrx_word' id='word_1_14' title='bbox 1500 817 1910 868; x_wconf 89' lang='lat' dir='ltr'>testamento</span> <span class='ocrx_word' id='word_1_15' title='bbox 1955 795 2200 869; x_wconf 86' lang='lat' dir='ltr'>subitae</span> <span class='ocrx_word' id='word_1_16' title='bbox 2245 824 2452 898; x_wconf 71' lang='lat' dir='ltr'>opes»,</span> 
     </span>
     <span class='ocr_line' id='line_1_4' title="bbox 365 907 2455 1011; baseline 0.002 -31"><span class='ocrx_word' id='word_1_17' title='bbox 365 907 559 980; x_wconf 89' lang='lat' dir='ltr'>idem</span> <span class='ocrx_word' id='word_1_18' title='bbox 606 931 767 983; x_wconf 90' lang='lat' dir='ltr'>erat.</span> <span class='ocrx_word' id='word_1_19' title='bbox 811 912 1051 1010; x_wconf 84' lang='lat' dir='ltr'>Neque</span> <span class='ocrx_word' id='word_1_20' title='bbox 1099 937 1227 1010; x_wconf 79' lang='lat' dir='ltr'>ego</span> <span class='ocrx_word' id='word_1_21' title='bbox 1267 936 1460 983; x_wconf 91' lang='lat' dir='ltr'>nunc</span> <span class='ocrx_word' id='word_1_22' title='bbox 1504 910 1776 982; x_wconf 87' lang='lat' dir='ltr'>divitias</span> <span class='ocrx_word' id='word_1_23' title='bbox 1812 932 2008 1010; x_wconf 88' lang='lat' dir='ltr'>peto:</span> <span class='ocrx_word' id='word_1_24' title='bbox 2059 932 2455 1011; x_wconf 88' lang='lat' dir='ltr'>paupertate</span> 
     </span>
     <span class='ocr_line' id='line_1_5' title="bbox 368 1027 2453 1127; baseline 0.002 -31"><span class='ocrx_word' id='word_1_25' title='bbox 368 1027 690 1098; x_wconf 85' lang='lat' dir='ltr'>consuevi</span> <span class='ocrx_word' id='word_1_26' title='bbox 710 1042 757 1116; x_wconf 87' lang='lat'>¹,</span> <span class='ocrx_word' id='word_1_27' title='bbox 791 1027 1151 1127; x_wconf 80' lang='lat' dir='ltr'>frugaliter</span> <span class='ocrx_word' id='word_1_28' title='bbox 1180 1027 1406 1100; x_wconf 81' lang='lat' dir='ltr'>vivere</span> <span class='ocrx_word' id='word_1_29' title='bbox 1438 1028 1576 1099; x_wconf 89' lang='lat' dir='ltr'>scio</span> <span class='ocrx_word' id='word_1_30' title='bbox 1594 1086 1614 1116; x_wconf 84' lang='lat'>‚</span> <span class='ocrx_word' id='word_1_31' title='bbox 1644 1028 1845 1100; x_wconf 93' lang='lat' dir='ltr'>nulla</span> <span class='ocrx_word' id='word_1_32' title='bbox 1875 1027 2051 1099; x_wconf 85' lang='lat' dir='ltr'>mihi</span> <span class='ocrx_word' id='word_1_33' title='bbox 2079 1030 2297 1127; x_wconf 79' lang='lat' dir='ltr'>gravis</span> <span class='ocrx_word' id='word_1_34' title='bbox 2320 1056 2453 1101; x_wconf 92' lang='lat' dir='ltr'>ne-</span> 
     </span>
     <span class='ocr_line' id='line_1_6' title="bbox 367 1140 2456 1242; baseline 0.002 -31"><span class='ocrx_word' id='word_1_35' title='bbox 367 1141 629 1212; x_wconf 83' lang='lat' dir='ltr'>cessitas</span> <span class='ocrx_word' id='word_1_36' title='bbox 668 1161 804 1213; x_wconf 89' lang='lat' dir='ltr'>est:</span> <span class='ocrx_word' id='word_1_37' title='bbox 852 1141 1098 1234; x_wconf 85' lang='lat' dir='ltr'>illum,</span> <span class='ocrx_word' id='word_1_38' title='bbox 1141 1140 1345 1214; x_wconf 89' lang='lat' dir='ltr'>illum</span> <span class='ocrx_word' id='word_1_39' title='bbox 1391 1142 1681 1215; x_wconf 90' lang='lat' dir='ltr'>titulum</span> <span class='ocrx_word' id='word_1_40' title='bbox 1722 1142 2099 1242; x_wconf 89' lang='lat' dir='ltr'>amplector</span> <span class='ocrx_word' id='word_1_41' title='bbox 2129 1143 2456 1215; x_wconf 86' lang='lat' dir='ltr'>omnium</span> 
     </span>
     <span class='ocr_line' id='line_1_7' title="bbox 365 1257 2454 1357; baseline 0 -29"><span class='ocrx_word' id='word_1_42' title='bbox 365 1257 736 1329; x_wconf 86' lang='lat' dir='ltr'>bonorum.</span> <span class='ocrx_word' id='word_1_43' title='bbox 784 1258 855 1329; x_wconf 91' lang='lat' dir='ltr'>Si</span> <span class='ocrx_word' id='word_1_44' title='bbox 900 1258 1078 1357; x_wconf 80' lang='lat' dir='ltr'>quid</span> <span class='ocrx_word' id='word_1_45' title='bbox 1111 1257 1315 1330; x_wconf 89' lang='lat' dir='ltr'>inferi</span> <span class='ocrx_word' id='word_1_46' title='bbox 1359 1258 1707 1349; x_wconf 85' lang='lat' dir='ltr'>sentiunt,</span> <span class='ocrx_word' id='word_1_47' title='bbox 1747 1284 2079 1357; x_wconf 80' lang='lat' dir='ltr'>cognosce</span> <span class='ocrx_word' id='word_1_48' title='bbox 2126 1259 2454 1331; x_wconf 89' lang='lat' dir='ltr'>animum</span> 
     </span>
     <span class='ocr_line' id='line_1_8' title="bbox 367 1372 2455 1463; baseline -0.001 -17"><span class='ocrx_word' id='word_1_49' title='bbox 367 1400 609 1446; x_wconf 90' lang='lat' dir='ltr'>meum</span> <span class='ocrx_word' id='word_1_50' title='bbox 629 1430 648 1462; x_wconf 86' lang='lat'>‚</span> <span class='ocrx_word' id='word_1_51' title='bbox 678 1373 852 1445; x_wconf 89' lang='lat' dir='ltr'>sicut</span> <span class='ocrx_word' id='word_1_52' title='bbox 877 1373 1186 1463; x_wconf 89' lang='lat' dir='ltr'>voluisti;</span> <span class='ocrx_word' id='word_1_53' title='bbox 1211 1372 1336 1445; x_wconf 88' lang='lat' dir='ltr'>tibi</span> <span class='ocrx_word' id='word_1_54' title='bbox 1361 1372 1496 1443; x_wconf 84' lang='lat' dir='ltr'>vixi</span> <span class='ocrx_word' id='word_1_55' title='bbox 1516 1430 1535 1459; x_wconf 92' lang='lat'><strong>‚</strong></span> <span class='ocrx_word' id='word_1_56' title='bbox 1563 1372 1689 1445; x_wconf 89' lang='lat' dir='ltr'>tibi</span> <span class='ocrx_word' id='word_1_57' title='bbox 1714 1373 2087 1445; x_wconf 88' lang='lat' dir='ltr'>moriturus</span> <span class='ocrx_word' id='word_1_58' title='bbox 2109 1372 2246 1463; x_wconf 88' lang='lat' dir='ltr'>fui,</span> <span class='ocrx_word' id='word_1_59' title='bbox 2271 1372 2455 1443; x_wconf 91' lang='lat' dir='ltr'>nulli</span> 
     </span>
     <span class='ocr_line' id='line_1_9' title="bbox 367 1485 2454 1586; baseline 0.001 -28"><span class='ocrx_word' id='word_1_60' title='bbox 367 1486 483 1559; x_wconf 85' lang='lat' dir='ltr'>alii</span> <span class='ocrx_word' id='word_1_61' title='bbox 513 1488 588 1559; x_wconf 89' lang='lat' dir='ltr'>in</span> <span class='ocrx_word' id='word_1_62' title='bbox 616 1487 749 1559; x_wconf 92' lang='lat' dir='ltr'>hoc</span> <span class='ocrx_word' id='word_1_63' title='bbox 775 1507 1048 1586; x_wconf 89' lang='lat' dir='ltr'>pectore</span> <span class='ocrx_word' id='word_1_64' title='bbox 1077 1488 1272 1560; x_wconf 87' lang='lat' dir='ltr'>locus</span> <span class='ocrx_word' id='word_1_65' title='bbox 1297 1486 1470 1559; x_wconf 85' lang='lat' dir='ltr'>fuit:</span> <span class='ocrx_word' id='word_1_66' title='bbox 1505 1485 1640 1559; x_wconf 90' lang='lat' dir='ltr'>hoc</span> <span class='ocrx_word' id='word_1_67' title='bbox 1661 1508 1728 1560; x_wconf 91' lang='lat' dir='ltr'>te</span> <span class='ocrx_word' id='word_1_68' title='bbox 1759 1488 2081 1559; x_wconf 89' lang='lat' dir='ltr'>omnium</span> <span class='ocrx_word' id='word_1_69' title='bbox 2103 1490 2454 1561; x_wconf 89' lang='lat' dir='ltr'>bonorum</span> 
     </span>
    </p>
   </div>
   <div class='ocr_carea' id='block_1_2' title="bbox 363 1599 2457 1813">
    <p class='ocr_par' dir='ltr' id='par_1_2' title="bbox 363 1599 2457 1813">
     <span class='ocr_line' id='line_1_10' title="bbox 363 1599 2457 1700; baseline 0 -26"><span class='ocrx_word' id='word_1_70' title='bbox 363 1627 686 1674; x_wconf 88' lang='lat' dir='ltr'>meorum</span> <span class='ocrx_word' id='word_1_71' title='bbox 711 1599 1039 1673; x_wconf 89' lang='lat' dir='ltr'>heredem</span> <span class='ocrx_word' id='word_1_72' title='bbox 1059 1601 1393 1674; x_wconf 88' lang='lat' dir='ltr'>instituit:</span> <span class='ocrx_word' id='word_1_73' title='bbox 1427 1622 1579 1700; x_wconf 89' lang='lat' dir='ltr'>post</span> <span class='ocrx_word' id='word_1_74' title='bbox 1606 1600 1738 1674; x_wconf 91' lang='lat' dir='ltr'>hoc</span> <span class='ocrx_word' id='word_1_75' title='bbox 1764 1622 2254 1677; x_wconf 88' lang='lat' dir='ltr'>testamentum</span> <span class='ocrx_word' id='word_1_76' title='bbox 2278 1601 2457 1674; x_wconf 89' lang='lat' dir='ltr'>dicat</span> 
     </span>
     <span class='ocr_line' id='line_1_11' title="bbox 367 1713 1053 1813; baseline -0.001 -28"><span class='ocrx_word' id='word_1_77' title='bbox 367 1714 618 1813; x_wconf 89' lang='lat' dir='ltr'>aliquis</span> <span class='ocrx_word' id='word_1_78' title='bbox 635 1769 654 1803; x_wconf 86' lang='lat'>‚</span> <span class='ocrx_word' id='word_1_79' title='bbox 679 1740 751 1786; x_wconf 91' lang='lat' dir='ltr'>se</span> <span class='ocrx_word' id='word_1_80' title='bbox 780 1713 1053 1786; x_wconf 88' lang='lat' dir='ltr'>mereri.</span> 
     </span>
    </p>
   </div>
   <div class='ocr_carea' id='block_1_3' title="bbox 370 1982 2442 2006">
    <p class='ocr_par' dir='ltr' id='par_1_3' title="bbox 370 1982 2442 2006">
     <span class='ocr_line' id='line_1_12' title="bbox 370 1982 2442 2006; baseline 0 -2"><span class='ocrx_word' id='word_1_81' title='bbox 370 1982 2442 2006; x_wconf 44' lang='lat' dir='ltr'>mmmmm&amp;</span> 
     </span>
    </p>
   </div>
   <div class='ocr_carea' id='block_1_4' title="bbox 1062 2176 1758 2256">
    <p class='ocr_par' dir='ltr' id='par_1_4' title="bbox 1062 2176 1758 2256">
     <span class='ocr_line' id='line_1_13' title="bbox 1062 2176 1758 2256; baseline -0.001 -2"><span class='ocrx_word' id='word_1_82' title='bbox 1062 2176 1758 2256; x_wconf 90' lang='lat' dir='ltr'>CCCXXXIII.</span> 
     </span>
    </p>
   </div>
   <div class='ocr_carea' id='block_1_5' title="bbox 810 2383 1998 2505">
    <p class='ocr_par' dir='ltr' id='par_1_5' title="bbox 810 2383 1998 2505">
     <span class='ocr_line' id='line_1_14' title="bbox 810 2383 1998 2505; baseline 0.001 -30"><span class='ocrx_word' id='word_1_83' title='bbox 810 2407 1088 2504; x_wconf 82' lang='lat' dir='ltr'>Pauper</span> <span class='ocrx_word' id='word_1_84' title='bbox 1114 2411 1426 2505; x_wconf 79' lang='lat' dir='ltr'>impensis</span> <span class='ocrx_word' id='word_1_85' title='bbox 1451 2408 1677 2479; x_wconf 84' lang='lat' dir='ltr'>divitis</span> <span class='ocrx_word' id='word_1_86' title='bbox 1701 2383 1998 2479; x_wconf 78' lang='lat' dir='ltr'>disertus.</span> 
     </span>
    </p>
   </div>
   <div class='ocr_carea' id='block_1_6' title="bbox 365 2610 2455 3086">
    <p class='ocr_par' dir='ltr' id='par_1_6' title="bbox 365 2610 2455 3086">
     <span class='ocr_line' id='line_1_15' title="bbox 365 2610 2447 2673; baseline 0 -2"><span class='ocrx_word' id='word_1_87' title='bbox 365 2614 712 2673; x_wconf 55' lang='lat' dir='ltr'>Parnonum</span> <span class='ocrx_word' id='word_1_88' title='bbox 757 2630 991 2671; x_wconf 69' lang='lat' dir='ltr'>ornan</span> <span class='ocrx_word' id='word_1_89' title='bbox 1031 2630 1263 2672; x_wconf 69' lang='lat' dir='ltr'>nonu.</span> <span class='ocrx_word' id='word_1_90' title='bbox 1309 2612 1564 2673; x_wconf 65' lang='lat' dir='ltr'>luem-rr</span> <span class='ocrx_word' id='word_1_91' title='bbox 1613 2632 1707 2673; x_wconf 86' lang='lat' dir='ltr'>srr</span> <span class='ocrx_word' id='word_1_92' title='bbox 1746 2632 1945 2673; x_wconf 59' lang='lat' dir='ltr'>serto.</span> <span class='ocrx_word' id='word_1_93' title='bbox 1989 2610 2447 2673; x_wconf 86' lang='lat' dir='ltr'>Adolescentem</span> 
     </span>
     <span class='ocr_line' id='line_1_16' title="bbox 441 2707 2449 2791; baseline 0 -23"><span class='ocrx_word' id='word_1_94' title='bbox 441 2709 607 2768; x_wconf 85' lang='lat' dir='ltr'>dives</span> <span class='ocrx_word' id='word_1_95' title='bbox 638 2728 974 2791; x_wconf 87' lang='lat' dir='ltr'>pauperem</span> <span class='ocrx_word' id='word_1_96' title='bbox 1000 2707 1288 2791; x_wconf 82' lang='lat' dir='ltr'>impensis</span> <span class='ocrx_word' id='word_1_97' title='bbox 1320 2709 1442 2767; x_wconf 88' lang='lat' dir='ltr'>suis</span> <span class='ocrx_word' id='word_1_98' title='bbox 1475 2710 1541 2769; x_wconf 91' lang='lat' dir='ltr'>in</span> <span class='ocrx_word' id='word_1_99' title='bbox 1571 2708 1840 2769; x_wconf 87' lang='lat' dir='ltr'>Athenas</span> <span class='ocrx_word' id='word_1_100' title='bbox 1864 2708 2103 2768; x_wconf 78' lang='lat' dir='ltr'>misit²z</span> <span class='ocrx_word' id='word_1_101' title='bbox 2136 2708 2319 2769; x_wconf 88' lang='lat' dir='ltr'>rediit</span> <span class='ocrx_word' id='word_1_102' title='bbox 2345 2708 2449 2770; x_wconf 91' lang='lat' dir='ltr'>ille</span> 
     </span>
     <span class='ocr_line' id='line_1_17' title="bbox 443 2804 2452 2888; baseline 0.001 -23"><span class='ocrx_word' id='word_1_103' title='bbox 443 2806 722 2867; x_wconf 80' lang='lat' dir='ltr'>disertus,</span> <span class='ocrx_word' id='word_1_104' title='bbox 745 2805 978 2866; x_wconf 87' lang='lat' dir='ltr'>Detulit</span> <span class='ocrx_word' id='word_1_105' title='bbox 1001 2804 1255 2866; x_wconf 91' lang='lat' dir='ltr'>divitem</span> <span class='ocrx_word' id='word_1_106' title='bbox 1279 2805 1535 2887; x_wconf 90' lang='lat' dir='ltr'>quidam</span> <span class='ocrx_word' id='word_1_107' title='bbox 1559 2827 1743 2867; x_wconf 88' lang='lat' dir='ltr'>reum</span> <span class='ocrx_word' id='word_1_108' title='bbox 1759 2805 2160 2888; x_wconf 87' lang='lat' dir='ltr'>proditionis,</span> <span class='ocrx_word' id='word_1_109' title='bbox 2190 2818 2250 2866; x_wconf 89' lang='lat' dir='ltr'>et</span> <span class='ocrx_word' id='word_1_110' title='bbox 2279 2820 2452 2888; x_wconf 82' lang='lat' dir='ltr'>opta·</span> 
     </span>
     <span class='ocr_line' id='line_1_18' title="bbox 444 2903 2455 2987; baseline 0.001 -26"><span class='ocrx_word' id='word_1_111' title='bbox 444 2903 535 2961; x_wconf 84' lang='lat' dir='ltr'>vit</span> <span class='ocrx_word' id='word_1_112' title='bbox 555 2917 891 2985; x_wconf 90' lang='lat' dir='ltr'>patronum</span> <span class='ocrx_word' id='word_1_113' title='bbox 915 2924 1252 2986; x_wconf 87' lang='lat' dir='ltr'>pauperem</span> <span class='ocrx_word' id='word_1_114' title='bbox 1275 2903 1453 2963; x_wconf 89' lang='lat' dir='ltr'>illum</span> <span class='ocrx_word' id='word_1_115' title='bbox 1468 2949 1486 2979; x_wconf 87' lang='lat'>‚</span> <span class='ocrx_word' id='word_1_116' title='bbox 1517 2906 1627 2985; x_wconf 90' lang='lat' dir='ltr'>qui</span> <span class='ocrx_word' id='word_1_117' title='bbox 1650 2905 1856 2965; x_wconf 84' lang='lat' dir='ltr'>divitis</span> <span class='ocrx_word' id='word_1_118' title='bbox 1879 2905 2170 2986; x_wconf 88' lang='lat' dir='ltr'>impensis</span> <span class='ocrx_word' id='word_1_119' title='bbox 2191 2903 2455 2987; x_wconf 84' lang='lat' dir='ltr'>profece-</span> 
     </span>
     <span class='ocr_line' id='line_1_19' title="bbox 446 3002 2350 3086; baseline 0.001 -26"><span class='ocrx_word' id='word_1_120' title='bbox 446 3015 556 3061; x_wconf 88' lang='lat' dir='ltr'>rat.</span> <span class='ocrx_word' id='word_1_121' title='bbox 589 3003 729 3083; x_wconf 75' lang='lat' dir='ltr'>Egit</span> <span class='ocrx_word' id='word_1_122' title='bbox 755 3024 1026 3086; x_wconf 88' lang='lat' dir='ltr'>pauper:</span> <span class='ocrx_word' id='word_1_123' title='bbox 1054 3023 1181 3063; x_wconf 89' lang='lat' dir='ltr'>non</span> <span class='ocrx_word' id='word_1_124' title='bbox 1214 3004 1431 3066; x_wconf 88' lang='lat' dir='ltr'>tenuit.</span> <span class='ocrx_word' id='word_1_125' title='bbox 1465 3005 1800 3065; x_wconf 86' lang='lat' dir='ltr'>Accusatur</span> <span class='ocrx_word' id='word_1_126' title='bbox 1826 3024 1863 3061; x_wconf 89' lang='lat' dir='ltr'>a</span> <span class='ocrx_word' id='word_1_127' title='bbox 1891 3002 2079 3064; x_wconf 87' lang='lat' dir='ltr'>divite</span> <span class='ocrx_word' id='word_1_128' title='bbox 2105 3003 2350 3083; x_wconf 80' lang='lat' dir='ltr'>ingrati.</span> 
     </span>
    </p>
   </div>
   <div class='ocr_carea' id='block_1_7' title="bbox 1224 3194 1586 3260">
    <p class='ocr_par' dir='ltr' id='par_1_7' title="bbox 1224 3194 1586 3260">
     <span class='ocr_line' id='line_1_20' title="bbox 1224 3194 1586 3260; baseline 0 -1"><span class='ocrx_word' id='word_1_129' title='bbox 1224 3194 1586 3260; x_wconf 86' lang='lat' dir='ltr'><strong>SERMO.</strong></span> 
     </span>
    </p>
   </div>
   <div class='ocr_carea' id='block_1_8' title="bbox 363 3349 2447 3654">
    <p class='ocr_par' dir='ltr' id='par_1_8' title="bbox 363 3349 2447 3654">
     <span class='ocr_line' id='line_1_21' title="bbox 454 3349 2444 3440; baseline 0.001 -24"><span class='ocrx_word' id='word_1_130' title='bbox 454 3351 822 3440; x_wconf 79' lang='lat' dir='ltr'>Intelligitis</span> <span class='ocrx_word' id='word_1_131' title='bbox 839 3351 998 3416; x_wconf 91' lang='lat' dir='ltr'>huic</span> <span class='ocrx_word' id='word_1_132' title='bbox 1015 3349 1419 3416; x_wconf 88' lang='lat' dir='ltr'>adolescenti</span> <span class='ocrx_word' id='word_1_133' title='bbox 1438 3373 1591 3416; x_wconf 92' lang='lat' dir='ltr'>cum</span> <span class='ocrx_word' id='word_1_134' title='bbox 1616 3372 1875 3416; x_wconf 88' lang='lat' dir='ltr'>summo</span> <span class='ocrx_word' id='word_1_135' title='bbox 1898 3367 2201 3440; x_wconf 90' lang='lat' dir='ltr'>respectu</span> <span class='ocrx_word' id='word_1_136' title='bbox 2228 3350 2444 3418; x_wconf 81' lang='lat' dir='ltr'>divitis</span> 
     </span>
     <span class='ocr_line' id='line_1_22' title="bbox 363 3457 2446 3550; baseline -0 -25"><span class='ocrx_word' id='word_1_137' title='bbox 363 3460 732 3550; x_wconf 82' lang='lat' dir='ltr'>agendum:</span> <span class='ocrx_word' id='word_1_138' title='bbox 761 3460 851 3526; x_wconf 88' lang='lat' dir='ltr'>ita</span> <span class='ocrx_word' id='word_1_139' title='bbox 879 3458 1150 3523; x_wconf 90' lang='lat' dir='ltr'>demum</span> <span class='ocrx_word' id='word_1_140' title='bbox 1182 3460 1359 3523; x_wconf 91' lang='lat' dir='ltr'>enim</span> <span class='ocrx_word' id='word_1_141' title='bbox 1389 3457 1725 3524; x_wconf 81' lang='lat' dir='ltr'>videbitur</span> <span class='ocrx_word' id='word_1_142' title='bbox 1751 3457 1855 3539; x_wconf 84' lang='lat' dir='ltr'>id,</span> <span class='ocrx_word' id='word_1_143' title='bbox 1889 3458 2071 3548; x_wconf 90' lang='lat' dir='ltr'>quod</span> <span class='ocrx_word' id='word_1_144' title='bbox 2102 3458 2290 3540; x_wconf 86' lang='lat' dir='ltr'>fecit,</span> <span class='ocrx_word' id='word_1_145' title='bbox 2327 3482 2446 3524; x_wconf 90' lang='lat' dir='ltr'>ne·</span> 
     </span>
     <span class='ocr_line' id='line_1_23' title="bbox 364 3562 2447 3654; baseline -0.002 -24"><span class='ocrx_word' id='word_1_146' title='bbox 364 3567 664 3632; x_wconf 90' lang='lat' dir='ltr'>cessitate</span> <span class='ocrx_word' id='word_1_147' title='bbox 695 3565 960 3643; x_wconf 88' lang='lat' dir='ltr'>fecisse,</span> <span class='ocrx_word' id='word_1_148' title='bbox 992 3565 1044 3629; x_wconf 89' lang='lat' dir='ltr'>si</span> <span class='ocrx_word' id='word_1_149' title='bbox 1079 3562 1162 3629; x_wconf 89' lang='lat' dir='ltr'>de</span> <span class='ocrx_word' id='word_1_150' title='bbox 1194 3563 1304 3628; x_wconf 90' lang='lat' dir='ltr'>illa</span> <span class='ocrx_word' id='word_1_151' title='bbox 1335 3581 1673 3654; x_wconf 91' lang='lat' dir='ltr'>queretur.</span> <span class='ocrx_word' id='word_1_152' title='bbox 1708 3566 1792 3628; x_wconf 90' lang='lat' dir='ltr'>Et</span> <span class='ocrx_word' id='word_1_153' title='bbox 1819 3564 1887 3627; x_wconf 90' lang='lat' dir='ltr'>in</span> <span class='ocrx_word' id='word_1_154' title='bbox 1914 3579 2126 3628; x_wconf 90' lang='lat' dir='ltr'>totum</span> <span class='ocrx_word' id='word_1_155' title='bbox 2153 3563 2283 3628; x_wconf 89' lang='lat' dir='ltr'>hoc</span> <span class='ocrx_word' id='word_1_156' title='bbox 2311 3586 2447 3628; x_wconf 87' lang='lat' dir='ltr'>ser·</span> 
     </span>
    </p>
   </div>
   <div class='ocr_carea' id='block_1_9' title="bbox 359 3711 2448 4348">
    <p class='ocr_par' dir='ltr' id='par_1_9' title="bbox 359 3711 2448 4268">
     <span class='ocr_line' id='line_1_24' title="bbox 442 3711 2447 3786; baseline -0.002 -19"><span class='ocrx_word' id='word_1_157' title='bbox 442 3733 461 3768; x_wconf 80' lang='grc' dir='ltr'><strong>ι</strong></span> <span class='ocrx_word' id='word_1_158' title='bbox 474 3754 486 3766; x_wconf 91' lang='grc'><strong>.</strong></span> <span class='ocrx_word' id='word_1_159' title='bbox 520 3716 832 3786; x_wconf 79' lang='lat' dir='ltr'>Paupertate</span> <span class='ocrx_word' id='word_1_160' title='bbox 858 3716 1111 3769; x_wconf 78' lang='lat' dir='ltr'>consuevi.</span> <span class='ocrx_word' id='word_1_161' title='bbox 1151 3718 1362 3768; x_wconf 62' lang='lat' dir='ltr'>Conseru-</span> <span class='ocrx_word' id='word_1_162' title='bbox 1440 3713 1646 3768; x_wconf 84' lang='lat' dir='ltr'>Excidit</span> <span class='ocrx_word' id='word_1_163' title='bbox 1659 3734 1786 3767; x_wconf 77' lang='lat' dir='ltr'>vox:</span> <span class='ocrx_word' id='word_1_164' title='bbox 1805 3713 2004 3767; x_wconf 85' lang='lat' dir='ltr'>scribe:</span> <span class='ocrx_word' id='word_1_165' title='bbox 2028 3715 2083 3765; x_wconf 81' lang='lat' dir='ltr'>in</span> <span class='ocrx_word' id='word_1_166' title='bbox 2100 3713 2269 3766; x_wconf 74' lang='lat' dir='ltr'>studia</span> <span class='ocrx_word' id='word_1_167' title='bbox 2287 3711 2447 3763; x_wconf 75' lang='lat' dir='ltr'>Aehe-</span> 
     </span>
     <span class='ocr_line' id='line_1_25' title="bbox 361 3787 2448 3863; baseline -0.003 -17"><span class='ocrx_word' id='word_1_168' title='bbox 361 3795 510 3860; x_wconf 80' lang='lat' dir='ltr'>vavi,</span> <span class='ocrx_word' id='word_1_169' title='bbox 532 3792 708 3844; x_wconf 83' lang='lat' dir='ltr'>AErod.</span> <span class='ocrx_word' id='word_1_170' title='bbox 729 3794 880 3846; x_wconf 81' lang='lat' dir='ltr'>male.</span> <span class='ocrx_word' id='word_1_171' title='bbox 895 3793 1014 3845; x_wconf 84' lang='lat' dir='ltr'>Vid.</span> <span class='ocrx_word' id='word_1_172' title='bbox 1041 3792 1108 3845; x_wconf 86' lang='lat' dir='ltr'>ad</span> <span class='ocrx_word' id='word_1_173' title='bbox 1126 3793 1359 3846; x_wconf 85' lang='lat' dir='ltr'>Declam.</span> <span class='ocrx_word' id='word_1_174' title='bbox 1443 3792 1703 3846; x_wconf 72' lang='lat' dir='ltr'>ammisit.</span> <span class='ocrx_word' id='word_1_175' title='bbox 1721 3794 1791 3845; x_wconf 88' lang='lat' dir='ltr'>Ut</span> <span class='ocrx_word' id='word_1_176' title='bbox 1807 3792 1950 3863; x_wconf 85' lang='lat' dir='ltr'>apud</span> <span class='ocrx_word' id='word_1_177' title='bbox 1962 3790 2219 3844; x_wconf 81' lang='lat' dir='ltr'>Velleium</span> <span class='ocrx_word' id='word_1_178' title='bbox 2230 3829 2247 3856; x_wconf 92' lang='lat'>,</span> <span class='ocrx_word' id='word_1_179' title='bbox 2263 3787 2356 3840; x_wconf 82' lang='lat' dir='ltr'>lib.</span> <span class='ocrx_word' id='word_1_180' title='bbox 2373 3789 2421 3840; x_wconf 91' lang='grc' dir='ltr'><strong><em>Π</em></strong></span> <span class='ocrx_word' id='word_1_181' title='bbox 2431 3826 2448 3855; x_wconf 83' lang='grc'><em>,</em></span> 
     </span>
     <span class='ocr_line' id='line_1_26' title="bbox 361 3869 2448 3947; baseline -0 -25"><span class='ocrx_word' id='word_1_182' title='bbox 361 3873 576 3926; x_wconf 84' lang='lat' dir='ltr'>cccvl.</span> <span class='ocrx_word' id='word_1_183' title='bbox 597 3900 666 3910; x_wconf 90' lang='lat'>—</span> <span class='ocrx_word' id='word_1_184' title='bbox 685 3870 846 3923; x_wconf 81' lang='lat' dir='ltr'>Illum</span> <span class='ocrx_word' id='word_1_185' title='bbox 867 3871 1040 3924; x_wconf 78' lang='lat' dir='ltr'>illum.</span> <span class='ocrx_word' id='word_1_186' title='bbox 1063 3871 1230 3924; x_wconf 86' lang='lat' dir='ltr'>Semel</span> <span class='ocrx_word' id='word_1_187' title='bbox 1252 3885 1363 3923; x_wconf 81' lang='lat' dir='ltr'>tan·</span> <span class='ocrx_word' id='word_1_188' title='bbox 1445 3873 1540 3945; x_wconf 84' lang='lat'>59,</span> <span class='ocrx_word' id='word_1_189' title='bbox 1565 3896 1586 3920; x_wconf 81' lang='grc' dir='ltr'>ιι</span> <span class='ocrx_word' id='word_1_190' title='bbox 1603 3875 1793 3939; x_wconf 63' lang='lat' dir='ltr'>Caesar,</span> <span class='ocrx_word' id='word_1_191' title='bbox 1812 3873 2153 3947; x_wconf 81' lang='lat' dir='ltr'>Apolloniam</span> <span class='ocrx_word' id='word_1_192' title='bbox 2174 3888 2292 3922; x_wconf 86' lang='lat' dir='ltr'>eum</span> <span class='ocrx_word' id='word_1_193' title='bbox 2312 3869 2448 3940; x_wconf 87' lang='lat' dir='ltr'>(Oc-</span> 
     </span>
     <span class='ocr_line' id='line_1_27' title="bbox 361 3950 2444 4026; baseline -0.001 -22"><span class='ocrx_word' id='word_1_194' title='bbox 361 3965 474 4004; x_wconf 87' lang='lat' dir='ltr'>tum</span> <span class='ocrx_word' id='word_1_195' title='bbox 516 3950 670 4004; x_wconf 77' lang='lat' dir='ltr'>illum</span> <span class='ocrx_word' id='word_1_196' title='bbox 713 3953 875 4006; x_wconf 80' lang='lat' dir='ltr'>habet</span> <span class='ocrx_word' id='word_1_197' title='bbox 911 3952 1168 4005; x_wconf 81' lang='lat' dir='ltr'>AErodlus.</span> <span class='ocrx_word' id='word_1_198' title='bbox 1202 3982 1273 3991; x_wconf 90' lang='lat'>--</span> <span class='ocrx_word' id='word_1_199' title='bbox 1308 3953 1365 4005; x_wconf 77' lang='lat' dir='ltr'>Si</span> <span class='ocrx_word' id='word_1_200' title='bbox 1449 3979 1472 4002; x_wconf 68' lang='grc' dir='ltr'><strong><em>α</em></strong></span> <span class='ocrx_word' id='word_1_201' title='bbox 1498 3954 1719 4026; x_wconf 77' lang='lat' dir='ltr'>tavium)</span> <span class='ocrx_word' id='word_1_202' title='bbox 1736 3957 1790 4008; x_wconf 88' lang='lat' dir='ltr'>in</span> <span class='ocrx_word' id='word_1_203' title='bbox 1807 3954 1981 4008; x_wconf 80' lang='lat' dir='ltr'>studia</span> <span class='ocrx_word' id='word_1_204' title='bbox 1995 3954 2225 4004; x_wconf 80' lang='lat' dir='ltr'>miserat.</span> <span class='ocrx_word' id='word_1_205' title='bbox 2243 3951 2444 4003; x_wconf 68' lang='lat' dir='ltr'>»Gnm«.</span> 
     </span>
     <span class='ocr_line' id='line_1_28' title="bbox 360 4030 2445 4104; baseline -0.002 -20"><span class='ocrx_word' id='word_1_206' title='bbox 360 4032 489 4103; x_wconf 76' lang='lat' dir='ltr'>quid</span> <span class='ocrx_word' id='word_1_207' title='bbox 518 4032 678 4104; x_wconf 78' lang='lat' dir='ltr'>t&#39;nfen&#39;</span> <span class='ocrx_word' id='word_1_208' title='bbox 704 4033 948 4085; x_wconf 68' lang='lat' dir='ltr'>sentiunt.</span> <span class='ocrx_word' id='word_1_209' title='bbox 975 4030 1095 4082; x_wconf 84' lang='lat' dir='ltr'>vid.</span> <span class='ocrx_word' id='word_1_210' title='bbox 1129 4031 1359 4083; x_wconf 82' lang='lat' dir='ltr'>Brisson.</span> <span class='ocrx_word' id='word_1_211' title='bbox 1442 4035 1547 4089; x_wconf 70' lang='lat' dir='ltr'>Sed</span> <span class='ocrx_word' id='word_1_212' title='bbox 1587 4054 1687 4088; x_wconf 71' lang='lat' dir='ltr'>nos</span> <span class='ocrx_word' id='word_1_213' title='bbox 1728 4035 1798 4088; x_wconf 80' lang='lat' dir='ltr'>ad</span> <span class='ocrx_word' id='word_1_214' title='bbox 1844 4036 1992 4088; x_wconf 78' lang='lat' dir='ltr'>inum</span> <span class='ocrx_word' id='word_1_215' title='bbox 2037 4033 2223 4086; x_wconf 74' lang='lat' dir='ltr'>Velleii</span> <span class='ocrx_word' id='word_1_216' title='bbox 2268 4032 2445 4085; x_wconf 83' lang='lat' dir='ltr'>locum</span> 
     </span>
     <span class='ocr_line' id='line_1_29' title="bbox 359 4111 2444 4184; baseline -0 -20"><span class='ocrx_word' id='word_1_217' title='bbox 359 4114 536 4165; x_wconf 81' lang='lat' dir='ltr'>Form.</span> <span class='ocrx_word' id='word_1_218' title='bbox 561 4113 655 4166; x_wconf 87' lang='lat' dir='ltr'>lib.</span> <span class='ocrx_word' id='word_1_219' title='bbox 672 4117 822 4181; x_wconf 83' lang='lat' dir='ltr'>vm,</span> <span class='ocrx_word' id='word_1_220' title='bbox 851 4133 903 4184; x_wconf 91' lang='lat' dir='ltr'>p.</span> <span class='ocrx_word' id='word_1_221' title='bbox 934 4112 1062 4181; x_wconf 80' lang='lat'><strong>7373</strong></span> <span class='ocrx_word' id='word_1_222' title='bbox 1092 4111 1228 4164; x_wconf 82' lang='lat' dir='ltr'>adde</span> <span class='ocrx_word' id='word_1_223' title='bbox 1254 4114 1365 4165; x_wconf 87' lang='lat' dir='ltr'>Rit-</span> <span class='ocrx_word' id='word_1_224' title='bbox 1442 4115 1602 4168; x_wconf 80' lang='lat' dir='ltr'>verba</span> <span class='ocrx_word' id='word_1_225' title='bbox 1626 4114 1715 4167; x_wconf 79' lang='lat' dir='ltr'>illa</span> <span class='ocrx_word' id='word_1_226' title='bbox 1731 4154 1747 4181; x_wconf 90' lang='lat'>‚</span> <span class='ocrx_word' id='word_1_227' title='bbox 1776 4116 1833 4167; x_wconf 79' lang='lat' dir='ltr'>in</span> <span class='ocrx_word' id='word_1_228' title='bbox 1858 4113 2062 4180; x_wconf 76' lang='lat' dir='ltr'>studia,</span> <span class='ocrx_word' id='word_1_229' title='bbox 2087 4126 2145 4164; x_wconf 86' lang='lat' dir='ltr'>ut</span> <span class='ocrx_word' id='word_1_230' title='bbox 2170 4125 2411 4184; x_wconf 82' lang='lat' dir='ltr'>suspecta</span> <span class='ocrx_word' id='word_1_231' title='bbox 2427 4150 2444 4178; x_wconf 87' lang='lat'>‚</span> 
     </span>
     <span class='ocr_line' id='line_1_30' title="bbox 362 4192 2442 4268; baseline 0.001 -24"><span class='ocrx_word' id='word_1_232' title='bbox 362 4193 524 4246; x_wconf 84' lang='lat' dir='ltr'>tersh.</span> <span class='ocrx_word' id='word_1_233' title='bbox 550 4194 621 4248; x_wconf 83' lang='lat' dir='ltr'>ad</span> <span class='ocrx_word' id='word_1_234' title='bbox 643 4194 845 4248; x_wconf 74' lang='lat' dir='ltr'>phaedr.</span> <span class='ocrx_word' id='word_1_235' title='bbox 867 4193 1036 4260; x_wconf 79' lang='lat' dir='ltr'><strong>1V‚4‚</strong></span> <span class='ocrx_word' id='word_1_236' title='bbox 1058 4192 1144 4246; x_wconf 80' lang='lat'>30.</span> <span class='ocrx_word' id='word_1_237' title='bbox 1165 4193 1359 4246; x_wconf 69' lang='lat' dir='ltr'>Amat..</span> <span class='ocrx_word' id='word_1_238' title='bbox 1445 4195 1791 4268; x_wconf 71' lang='lat' dir='ltr'>expungenda</span> <span class='ocrx_word' id='word_1_239' title='bbox 1805 4215 1919 4250; x_wconf 82' lang='lat' dir='ltr'>esse</span> <span class='ocrx_word' id='word_1_240' title='bbox 1939 4195 2256 4248; x_wconf 82' lang='lat' dir='ltr'>censuimus.</span> <span class='ocrx_word' id='word_1_241' title='bbox 2273 4195 2442 4246; x_wconf 73' lang='lat' dir='ltr'>Bunu.</span> 
     </span>
    </p>

    <p class='ocr_par' dir='ltr' id='par_1_10' title="bbox 436 4273 2447 4348">
     <span class='ocr_line' id='line_1_31' title="bbox 436 4273 2447 4348; baseline -0.001 -23"><span class='ocrx_word' id='word_1_242' title='bbox 436 4291 482 4325; x_wconf 80' lang='lat'>2.</span> <span class='ocrx_word' id='word_1_243' title='bbox 499 4277 749 4347; x_wconf 73' lang='lat' dir='ltr'>Impensis</span> <span class='ocrx_word' id='word_1_244' title='bbox 765 4277 869 4331; x_wconf 78' lang='lat' dir='ltr'>suis</span> <span class='ocrx_word' id='word_1_245' title='bbox 888 4276 941 4329; x_wconf 74' lang='lat' dir='ltr'>in</span> <span class='ocrx_word' id='word_1_246' title='bbox 960 4273 1191 4331; x_wconf 78' lang='lat' dir='ltr'>Athenas</span> <span class='ocrx_word' id='word_1_247' title='bbox 1207 4277 1362 4331; x_wconf 75' lang='lat' dir='ltr'>misit.</span> <span class='ocrx_word' id='word_1_248' title='bbox 1443 4275 1560 4329; x_wconf 82' lang='lat' dir='ltr'>Vid.</span> <span class='ocrx_word' id='word_1_249' title='bbox 1571 4276 1986 4343; x_wconf 83' lang='lat' dir='ltr'>nost.Velleium‚</span> <span class='ocrx_word' id='word_1_250' title='bbox 1996 4273 2156 4348; x_wconf 83' lang='lat' dir='ltr'>p.160</span> <span class='ocrx_word' id='word_1_251' title='bbox 2166 4274 2261 4340; x_wconf 73' lang='lat' dir='ltr'>et4</span> <span class='ocrx_word' id='word_1_252' title='bbox 2272 4290 2289 4323; x_wconf 83' lang='lat' dir='ltr'>t</span> <span class='ocrx_word' id='word_1_253' title='bbox 2300 4273 2447 4326; x_wconf 55' lang='lat' dir='ltr'>&amp;En-</span> 
     </span>
    </p>
   </div>
  </div>
 </body>
</html>
