3200 5117
792 529 877 594 86
1250 532 1380 600 ,Μ.
1426 530 1679 600 EABII
1721 529 2359 612 QUINTILIANI

792 650 1001 722 latam
1017 707 1036 740 ‚
1064 652 1185 748 qui
1206 672 1398 724 erant
1415 650 1855 748 ignominiosi
1878 678 1893 721 :
1913 651 2051 724 illis
2070 652 2328 724 remisit
2345 652 2545 724 istam
2563 652 2858 725 veniam.

788 767 1101 840 Fortasse
1130 767 1241 839 isti
1268 764 1678 864 placebunt,
1709 765 1764 837 si
1792 763 2022 864 plures
2050 766 2515 839 inciderintin
2535 767 2862 839 eamdem

792 902 1043 954 sortem
1061 938 1081 972 ‚
1117 882 1191 954 in
1224 881 1544 954 eamdem
1576 882 2074 954 conditionem.

791 1155 2574 1182 “mmmmm-mmm
2579 1155 2862 1179 mm

1352 1365 1685 1455 PARS
1757 1363 2303 1453 ALTERA

1487 1589 2175 1654 DECLAMATIO.

890 1769 1085 1841 Idem
1122 1790 1398 1869 tempus
1427 1790 1526 1841 est
1551 1767 1950 1870 ignominiae
1986 1793 2194 1856 meae,
2234 1787 2301 1840 et
2339 1788 2620 1866 receptae
2660 1793 2863 1865 roga-

792 1885 1029 1958 tionis:
1057 1911 1224 1957 nam
1249 1904 1496 1956 natura
1520 1883 1714 1990 prius
1741 1904 1870 1975 est,
1895 1904 1973 1956 ut
1997 1910 2124 1984 ego
2155 1910 2297 1956 non
2315 1905 2621 1974 teneam,
2646 1909 2861 1981 quam

793 2020 869 2071 ut
903 1997 1177 2097 recepta
1210 1997 1318 2069 lex
1348 1997 1470 2085 sit;
1507 2023 1710 2087 nam,
1745 1997 1803 2069 si
1836 2023 1963 2096 ego
2001 1997 2414 2088 tenuissem,
2454 1995 2562 2069 lex
2597 2017 2866 2100 recepta

792 2117 935 2185 non
978 2134 1183 2202 esset3
1227 2112 1559 2212 quoniam
1597 2138 1741 2185 non
1771 2113 2001 2204 tenui,
2035 2133 2305 2212 recepta
2340 2113 2448 2185 lex
2483 2133 2620 2185 est:
2653 2112 2867 2212 igitur

733 2218 747 2232 ’
796 2230 1191 2329 ignominia
1218 2255 1375 2304 mea
1395 2229 1731 2330 praecessit
1755 2249 2025 2329 tempus
2044 2229 2440 2332 rogationis,
2461 2228 2660 2304 Prius
2681 2227 2865 2327 apud

793 2346 1066 2417 animos
1101 2370 1261 2417 suos
1297 2344 1806 2418 constituerunt
1840 2342 2195 2436 homines,
2235 2371 2378 2417 non
2407 2370 2652 2444 parere
2690 2369 2866 2415 con-

793 2459 1189 2533 tradictioni
1230 2485 1402 2531 meae
1425 2515 1443 2549 ‚
1477 2485 1691 2562 quam
1724 2456 2151 2557 rogationem
2187 2478 2609 2560 receperunt.
2648 2459 2866 2540 Ante-

793 2600 1008 2675 quam
1026 2575 1279 2647 tabella
1297 2575 1685 2666 referretur,
1704 2595 2076 2672 antequam
2094 2595 2516 2652 excuteretur
2533 2599 2866 2648 numerus

796 2690 1073 2792 populi,
1115 2717 1241 2789 ego
1260 2690 1415 2791 jam
1452 2717 1597 2764 non
1634 2711 2034 2766 tenueram:
2080 2690 2342 2790 rogatio
2375 2688 2693 2762 nondum
2727 2710 2869 2762 erat

795 2826 1099 2906 recepta,
1129 2805 1264 2876 nisi
1295 2826 1745 2906 posteaquam
1773 2806 2230 2880 dinumeratae
2258 2827 2421 2912 sunt
2437 2804 2680 2905 populi
2705 2831 2867 2878 sen-

792 2920 1037 2992 tentiae.
1059 2922 1210 2992 Hoc
1233 2945 1393 3018 ergo
1415 2921 1674 2994 tenuit:
1698 2942 1903 3018 atque
1927 2921 2132 3019 etiam
2160 2920 2216 2996 si
2242 2921 2371 2993 hoc
2399 2942 2671 3020 tempus
2693 2919 2867 2992 mihi
2926 2986 2930 2992 .

794 3061 938 3106 non
985 3033 1359 3105 remitteret
1406 3053 1625 3105 totam
1673 3033 2175 3133 ignominiam3
2227 3034 2332 3105 lex
2383 3054 2613 3105 tamen
2636 3089 2656 3122 ,
2709 3059 2866 3131 quae

792 3148 1292 3248 ignominiosos
1309 3173 1544 3220 vacare
1567 3148 1766 3221 omni
1785 3169 1947 3224 nota
1963 3149 2298 3239 voluerat,
2321 3146 2673 3222 remiserat
2690 3146 2866 3221 mihi

794 3262 966 3334 duas
993 3262 1144 3334 illas
1167 3261 1734 3336 contradictiones
1761 3291 1777 3335 ε
1815 3291 1959 3337 non
1993 3263 2180 3336 enim
2208 3262 2373 3338 facit
2400 3261 2863 3360 ignominiam

791 3377 992 3449 tertia
1030 3376 1509 3466 contradictio,
1556 3377 1673 3450 sed
1708 3399 1841 3449 tres
1878 3406 1893 3449 :
1938 3379 2126 3477 quod
2153 3379 2209 3452 si
2242 3379 2392 3451 duae
2424 3378 2557 3452 illae
2584 3404 2869 3478 praeces-

790 3513 1053 3584 serant,
1079 3518 1232 3591 quae
1252 3495 1589 3598 majorem
1621 3515 1891 3592 partem
1920 3495 2324 3594 ignominiae
2352 3495 2760 3584 conficiunt,
2790 3493 2864 3565 id

793 3608 981 3708 quod
1003 3608 1154 3709 jam
1181 3635 1298 3683 me
1325 3608 1722 3710 premebat,
1752 3607 2171 3683 remiserant.
