3200 5117
771 523 1616 615 DECLAMATloNES.
1661 547 2009 617 cccxn.
2307 561 2435 648 259

349 673 474 751 illa
507 676 799 749 dixisse:
834 673 1116 746 Itanon
1156 671 1491 774 deposui?
1523 673 1790 774 optime
1828 673 2223 754 mehercule
2256 683 2440 756 mihi

346 791 641 883 videtur,
678 817 758 862 ac
783 787 1072 861 militari
1104 786 1412 861 facinore
1436 786 1560 860 illa
1586 786 2002 864 exclamasse
2020 848 2041 882 ,
2063 795 2100 866 I
2123 822 2345 890 nunc,
2377 821 2445 876 et

348 936 528 1008 nega
562 931 579 979 ε
628 907 656 978 i
695 933 924 999 nunc,
967 925 1036 979 et
1073 904 1378 977 alienam
1409 905 1787 1004 pecuniam
1820 930 2134 982 converte
2175 913 2252 986 in
2292 936 2444 989 tuas

350 1021 766 1121 cupiditates
789 1049 805 1092 ε
837 1047 983 1094 non
1006 1020 1220 1093 uteris
1238 1041 1475 1093 tamen
1495 1034 1543 1091 ¹.
1567 1021 1736 1092 Erat
1756 1023 2260 1120 argumentum
2280 1057 2444 1130 ergo

350 1158 664 1228 tantum,
708 1135 901 1235 quod
942 1133 1238 1208 occidit:
1284 1160 1500 1232 quam
1536 1132 1719 1208 ultra
1751 1134 2148 1213 desideratis
2190 1143 2448 1240 proba-

351 1251 664 1329 tionem?
710 1251 964 1325 occidit
1002 1250 1239 1323 statim
1282 1249 1687 1328 moriturus.
1725 1253 2149 1352 Frequenter
2179 1257 2452 1360 judicia

354 1366 765 1471 hujusmodi
802 1387 1227 1458 exercentur,
1266 1386 1347 1439 ut
1387 1365 1444 1439 si
1486 1393 1589 1440 res
1630 1366 1708 1439 in
1749 1368 1997 1443 notitia
2031 1370 2283 1446 dicitur
2309 1402 2451 1448 esse

354 1483 829 1574 servulorum,
863 1481 1168 1582 torqueri
1203 1480 1557 1581 mancipia
1582 1480 1947 1556 videamus
1977 1511 1993 1556 ε
2025 1484 2083 1557 si
2112 1512 2267 1559 mos
2296 1489 2453 1563 civi—

356 1599 507 1672 tatis
536 1619 604 1672 et
630 1597 940 1672 conditio
966 1595 1240 1672 militiae
1271 1616 1645 1695 pateretur,
1679 1624 1748 1672 se
1768 1598 1853 1671 ,in
1880 1619 2229 1675 tormenta
2255 1604 2454 1678 obul·-

354 1713 575 1804 lissa,
610 1713 821 1786 illum
847 1711 1306 1812 poposcisset:
1339 1738 1484 1786 non
1510 1712 1638 1786 tihi
1659 1712 1933 1788 videtur
1962 1716 2335 1814 praebuisse
2362 1719 2451 1793 de

358 1831 599 1904 animo
631 1856 758 1903 suo
793 1827 1291 1929 quaestionem?

1707 2003 1724 2058 1

1718 2100 2451 2132 mmm

1148 2309 1663 2387 CCCXIII.

995 2536 1197 2611 Falso
1225 2539 1424 2610 coedis
1450 2541 1830 2612 damnatus.

367 2739 492 2816 Qui
519 2758 706 2799 cffims
728 2755 905 2800 mmm
929 2755 1377 2813 AccnsAvnmr,
1400 2756 1605 2811 τωρωι
1626 2757 2061 2818 manantur,
2089 2762 2220 2803 rrsn
2242 2761 2459 2806 runnu

444 2855 588 2897 run.
611 2836 1059 2896 Durus-ronuta
1082 2852 1397 2894 SUPPLICIA
1420 2854 1489 2894 m
1512 2855 1667 2895 num
1690 2850 2109 2898 rmctsmun’
2133 2861 2464 2903 murmur«-

446 2919 592 2993 ru'n.
628 2931 949 2996 Accusavit
988 2929 1246 3012 quidam
1279 2945 1342 2991 et
1379 2929 1739 2993 damnavit:
1778 2935 1848 2994 in
1881 2933 2049 2996 diem
2083 2936 2462 2999 tricesImnm

451 3027 643 3090 dilata
659 3029 976 3092 damnatio
988 3040 1103 3090 est:
1118 3030 1451 3091 intervenit
1463 3030 1513 3090 is
1523 3073 1542 3106 ,
1557 3031 1670 3112 qui
1686 3032 1922 3094 occisus
1940 3033 2287 3096 dicebatur:
2309 3037 2466 3118 petit

450 3145 588 3186 reus
614 3147 865 3210 poenam
888 3127 1276 3190 accusatoris.

1229 3303 1593 3381 SERMO.

456 3471 610 3543 Non
628 3478 754 3544 erit
770 3477 1089 3556 alienum,
1108 3471 1504 3542 advocatum
1524 3471 1684 3540 dare
1703 3473 1864 3539 huic
1883 3477 2278 3543 accusatori:
2301 3479 2464 3544 fecit

366 3595 651 3663 rem‚‘ut
675 3581 1063 3670 parcissime
1092 3579 1336 3662 dicam,
1367 3581 1756 3670 poenitentia
1787 3578 2087 3669 dignam:
2125 3598 2194 3647 et
2223 3583 2461 3649 fortius

371 3683 776 3753 defendetur
809 3687 894 3753 ab
929 3687 1094 3769 alio,
1131 3704 1200 3753 et
1233 3687 1484 3778 majore
1515 3708 1671 3750 cum
1703 3686 2108 3753 verecundia
2141 3704 2461 3775 patronus

449 3889 495 3924 1.
522 3874 653 3928 Non
671 3876 842 3929 uteris.
872 3876 1001 3929 Non
1023 3875 1178 3928 utert's
1204 3886 1379 3928 tamen
1531 3889 1578 3926 2.
1608 3873 1679 3923 In
1704 3874 1841 3926 diem
1866 3873 2195 3926 tricesimum.
2229 3874 2352 3925 Haec
2381 3870 2462 3926 lex

369 3974 460 4022 ea,
482 3954 664 4008 AErod.
679 3985 750 3997 —-
765 3955 999 4009 Tantum
1017 3953 1157 4029 quod
1174 3955 1375 4009 oceidit.
1457 3968 1645 4029 postea
1685 3954 1753 4007 ab
1799 3956 2118 4025 imperatore
2157 3952 2462 4007 Theodosio

369 4033 552 4092 Etiam
576 4051 629 4108 q.
654 4054 704 4089 o.
724 4035 783 4088 id
800 4049 905 4102 est,
925 4035 1126 4088 etiamsi
1148 4033 1246 4086 alia
1266 4052 1377 4085 non
1454 4049 1708 4089 renovata
1740 4049 1840 4090 est.
1865 4034 1900 4087 1.
1932 4035 1978 4088 si
2003 4033 2272 4088 vindicari.
2306 4037 2364 4090 C.
2395 4036 2461 4090 de

370 4110 705 4165 accederent.
731 4113 951 4167 Senum.
979 4111 1209 4166 Tantum
1232 4125 1303 4168 est
1324 4132 1375 4186 q.
1453 4116 1645 4189 poenis.
1674 4135 1796 4189 cap.
1820 4134 1988 4187 quum
2011 4113 2155 4185 apud
2175 4114 2464 4170 Thessalo-

372 4207 420 4242 ο.
448 4189 630 4243 AErod.
655 4223 730 4233 —-
755 4193 838 4244 De
866 4192 1046 4246 animo
1069 4209 1177 4247 suo.
1208 4193 1375 4264 Marg-
1454 4196 1631 4247 nicam
1648 4196 1724 4262 11,
1745 4207 1924 4269 quaest.
1946 4192 1997 4247 3.
2017 4194 2467 4250 hoa—Inter-

377 4270 556 4325 AErod.
581 4274 646 4326 de
661 4273 845 4326 animo
864 4283 967 4326 tuo.
1459 4273 1602 4327 venit
1623 4274 1676 4326 is.
1705 4274 1924 4327 Interim
1949 4273 2092 4326 venit
2112 4275 2182 4343 is,
2209 4276 2462 4328 Latinius.

2100 4379 2179 4433 ¹7·
