3200 5117
775 582 2053 653 DECLAMATIONES;CCCXIII.
2185 573 2193 580 ’
2333 589 2457 656 265

365 706 534 779 dicit
550 726 953 804 corruptum
974 732 1117 780 esse
1129 705 1510 807 judicium,
1531 731 1676 778 non
1695 728 2027 781 versatam
2046 708 2457 816 pecuniam:

362 820 460 894 ita
485 846 633 894 non
662 818 1051 892 erubescis?
1086 819 1443 893 homicida
1463 820 1652 893 visus
1686 848 1779 893 es.
1806 823 1920 897 Tu
1952 850 2154 930 porro
2184 845 2461 902 tanturn

369 933 749 1007 accusatori
782 932 1135 1005 irasceris?
1167 958 1313 1005 non
1343 933 1534 1005 idem
1562 933 1647 1006 de
1680 952 1746 1007 te
1759 931 2037 1039 judices
2062 936 2462 1017 senserunt?

368 1076 515 1123 non
548 1048 878 1121 omnium
908 1047 1307 1124 sententiae?

371 1328 558 1349 m

1162 1523 1694 1612 CCCXIV,¹

986 1753 1167 1852 'qu
1201 1766 1290 1839 te,
1319 1766 1541 1852 pater,
1570 1755 1813 1834 occidi.

368 1955 691 2020 Parricidii
722 1977 860 2017 reus
896 1954 1154 2038 paribus
1187 1957 1497 2017 sententiis
1525 1931 1890 2035 absolutusj
1914 1958 2120 2020 furere
2149 1962 2365 2043 coepit,
2403 1975 2464 2023 et

447 2051 649 2112 dicere
673 2074 784 2135 per
805 2051 1084 2112 furorem
1117 2052 1503 2134 frequenter,
1529 2056 1661 2115 Eoo
1685 2075 1793 2131 τε,
1825 2077 2014 2117 urta
2029 2102 2047 2133 ,
2072 2077 2295 2119 occini.
2327 2057 2461 2118 Ma·

449 2152 742 2232 gistratus
761 2163 1081 2232 tamquam
1100 2150 1176 2216 de
1198 2151 1481 2213 confesso
1506 2152 1883 2236 supplicium
1905 2158 2192 2237 sumpsit:
2220 2177 2357 2222 reus
2375 2171 2464 2220 est

450 2247 650 2309 caedis.
1227 2242 1242 2276 '·

1146 2367 1595 2462 ‚SERM0.

453 2532 520 2597 Si
545 2553 678 2621 qua
702 2548 926 2612 erunt,
953 2553 1101 2622 quae
1124 2553 1165 2596 a
1186 2533 1383 2597 mein
1404 2531 1840 2598 divisionibus
1860 2534 2461 2599 controversiarum

369 2635 677 2704 dicantur
722 2638 1010 2720 eadem5
1044 2639 1460 2728 frequentius
1506 2639 1854 2729 intelligite
1899 2639 2085 2704 fieri:
2133 2640 2461 2728 primum,

366 2764 644 2837 propter
679 2749 1127 2816 interventum
1164 2758 1528 2815 novorum¹
1556 2774 1570 2815 :
1614 2747 1889 2831 deinde,
1926 2765 2202 2839 propter
2233 2747 2462 2815 condi·

367 2856 621 2921 tionem
662 2855 1085 2923 divisionum.
1135 2857 1305 2924 Nam
1344 2856 1453 2938 hi,
1494 2858 1609 2946 qui
1652 2847 1848 2924 antea
1894 2879 2031 2926 non
2071 2854 2460 2937 audierunt,

368 2962 767 3047 pertinentia
789 2960 874 3028 ad
902 2963 1129 3049 plures
1152 2963 1634 3028 controversias
1657 2960 1910 3034 debent
1936 2984 2370 3052 cognoscere:
2398 2976 2465 3026 et

370 3064 455 3130 ad
501 3068 841 3155 praesentis
887 3070 1181 3134 materiae
1223 3069 1705 3136 controversias
1747 3069 1913 3136 nihil
1950 3070 2254 3148 interest,
2296 3089 2464 3158 quo-

369 3168 575 3236 modo
600 3195 724 3262 ego
748 3172 1108 3239 diviserim.
1140 3175 1258 3240 Est
1283 3189 1511 3242 autem
1538 3175 1911 3239 communis
1944 3165 2101 3240 cura
2131 3174 2274 3242 aliis
2307 3195 2463 3240 con-

367 3278 700 3343 troversiis
725 3278 923 3370 hujus
943 3280 1270 3346 materiae:
1302 3279 1496 3360 illud,
1520 3279 1702 3369 quod
1728 3303 1879 3344 reus
1904 3280 2345 3367 magistratus,
2377 3276 2461 3344 de

365 3384 554 3476 cujus
599 3408 909 3484 personae.
952 3386 1270 3479 dignitate
1315 3386 1459 3451 haec
1506 3387 1647 3475 ipsa
1692 3409 1797 3450 res
1834 3385 1988 3450 satis
2029 3386 2460 3476 pronunciat:

362 3488 645 3568 videtur,
672 3492 872 3555 etiam
900 3491 1004 3557 'de
1045 3507 1345 3566 anteacta
1391 3493 1523 3558 vita
1564 3490 1871 3581 probari,
1917 3514 1998 3557 eo
2037 3489 2296 3571 modo„
2326 3513 2461 3580 quo

365 3615 622 3664 creatus
653 3613 771 3663 est.
802 3581 1183 3665 Secundum
1208 3599 1372 3666 illud
1404 3623 1594 3689 aeque
1625 3622 2007 3678 commune,
2038 3595 2221 3689 quod
2247 3597 2462 3661 nullas

365 3704 729 3771 simultates
756 3724 1099 3773 exsecutus
1125 3724 1254 3787 est,
1280 3707 1527 3773 nullam
1554 3729 1740 3794 spem
1767 3729 1847 3770 ex
1865 3703 2046 3772 caede
2067 3706 2239 3796 ejus,
2263 3725 2461 3792 quem

365 3810 659 3875 occisum
698 3828 1041 3879 accusator
1079 3815 1418 3903 quaeritur,
1448 3813 1802 3900 concipere
1839 3813 2094 3918 potuit:
2137 3824 2204 3873 et
2241 3805 2463 3872 officio

362 3916 717 4005 impulsus,
749 3919 1004 3984 etiamsi
1027 3920 1250 4006 lapsus
1276 3936 1402 3999 est,
1427 3934 1683 3998 tamen,
1710 3917 1919 3981 veluti
1943 3916 2120 4004 leges
2138 3961 2154 3993 ,
2186 3911 2463 3978 consilio

440 4061 860 4117 nlntemenwm
880 4080 1147 4117 novorum.
1165 4060 1371 4116 Scilicet
1451 4062 1602 4114 detur
1619 4043 1779 4113 etiam
1803 4059 1913 4111 hoec
1940 4068 2061 4109 ante
2089 4068 2209 4109 acta
2239 4055 2350 4108 vita
2377 4075 2459 4128 pr.

359 4137 765 4213 discipulorum.
780 4139 1377 4214 Sonum.-Illudquod
1451 4152 1502 4192 et
1523 4158 1609 4204 eo,
1637 4136 1817 4191 AErod.
1839 4165 1912 4178 -
1944 4134 2126 4191 Veluti
2145 4134 2310 4208 loyes,
2325 4152 2462 4190 mn-

362 4240 489 4276 reus.
519 4222 591 4275 Ut
612 4222 754 4277 illud
772 4241 824 4295 q.
852 4244 893 4275 r.
922 4223 1139 4276 Senum.
1156 4252 1227 4262 —
1244 4223 1372 4276 Hoec
1449 4219 1584 4272 silio.
1603 4221 1713 4286 An,
1735 4239 1782 4271 v.
1800 4217 1926 4292 legis
1942 4216 2190 4285 consilio,
2207 4234 2323 4289 que
2339 4234 2464 4269 con-

366 4300 474 4370 t'psa
497 4320 588 4355 res.
619 4302 717 4356 Res
743 4301 922 4369 deest,
948 4299 1166 4367 deinde,
1194 4302 1265 4353 At
1292 4301 1370 4352 m‘-
1450 4300 1620 4353 fessos
1640 4299 1752 4352 vult
1768 4300 2065 4371 punire,ut
2079 4316 2216 4358 reos.
2233 4296 2352 4351 Vid.
2370 4297 2463 4349 ini-

2404 1325 2463 1348 ν,
2531 1319 2550 1331 ,
