3200 5117
756 553 875 616 132
1252 547 1346 611 u„
1392 544 1642 610 FABH
1686 543 2328 626 Qum‘rtmml

747 668 932 770 pacis
975 668 1273 759 videtur,
1322 669 1397 739 in
1448 692 1590 765 quo
1631 666 1795 767 jura
1845 688 2274 756 exercentur,
2326 687 2605 767 propter
2643 668 2836 766 quod

746 785 928 884 leges
966 783 1235 873 valent,
1282 782 1506 854 bustis
1552 781 2088 880 occupabimus,
2131 781 2444 855 infaustis
2485 783 2835 855 cineribus

743 899 1184 1000 polluemus?
1214 919 1439 973 totum
1478 897 1757 970 hercule
1789 900 2018 997 potius
2048 899 2526 997 relinquamus
2557 900 2830 999 tyranni

739 1015 1095 1114 sepulcro:
1133 1034 1489 1088 mutemus
1517 1011 1755 1084 locum
1779 1012 2231 1113 judiciorum.
2347 1099 2354 1106 ‚

1334 1258 1661 1348 PARS
1723 1258 2245 1348 ALTERA

1599 1396 1964 1540 samo.

830 1638 920 1700 Ut
959 1635 1354 1723 sepeliatur,
1402 1630 1871 1720 superstitione
1923 1630 2061 1696 sola
2106 1630 2283 1698 effici
2332 1650 2588 1722 potest,
2636 1651 2712 1700 ut
2755 1637 2826 1702 in

738 1741 1231 1829 comparatione
1271 1739 1493 1827 legum
1538 1734 1704 1802 illud
1755 1736 2211 1827 potentissime
2235 1759 2251 1788 ¹
2296 1736 2630 1821 dicamus,
2678 1765 2825 1807 eam

734 1850 953 1939 legem
976 1850 1185 1937 magis
1219 1868 1362 1912 esse
1399 1842 1824 1924 servandam,
1860 1866 2008 1933 quae
2036 1841 2315 1910 deorum
2343 1848 2548 1935 gratia
2582 1851 2824 1937 scripta

736 1957 847 2036 sit,
873 1978 1071 2045 quam
1101 1975 1251 2043 quae
1277 1951 1647 2016 hominum.
1675 1948 2008 2016 Adversus
2036 1953 2295 2042 tyranni
2322 1951 2643 2019 ultionem
2660 2006 2678 2034 ‚
2706 1955 2822 2022 ho-

733 2061 1024 2127 minibus
1070 2074 1326 2124 tantum
1373 2078 1515 2122 esse
1561 2057 1907 2143 scriptam,
1955 2071 2025 2120 et
2073 2057 2383 2144 scriptam
2427 2059 2826 2127 levissimam

734 2183 991 2256 partem
1019 2164 1322 2230 ultionis:
1358 2160 1488 2228 hoc
1518 2184 1714 2243 vero,
1745 2159 1929 2251 quod
1961 2163 2392 2229 constitutum
2426 2182 2554 2244 est,
2587 2184 2660 2232 ut
2689 2192 2822 2257 quo

734 2273 1017 2364 quisque
1049 2270 1197 2337 loco
1231 2268 1507 2338 fulmine
1542 2269 1712 2335 ictus
1745 2285 1950 2349 esset,
1986 2266 2225 2335 eodem
2256 2270 2679 2359 sepeliretur,
2720 2297 2821 2341 re-

732 2376 996 2466 ligionis
1021 2398 1184 2442 esse.

1422 2519 2123 2586 DECLAMATIO.

828 2681 1072 2779 Neque
1095 2678 1228 2751 hoc
1260 2700 1538 2777 propter
1565 2705 1966 2777 personam,
1991 2706 2220 2780 neque
2243 2678 2315 2751 in
2340 2670 2676 2752 honorem
2698 2680 2818 2753 ali-

734 2796 930 2896 cujus
948 2794 1289 2893 scripsisse
1321 2814 1537 2893 potest
1558 2793 1972 2893 legumlator
1989 2795 2236 2887 videri3
2267 2794 2388 2868 sed
2416 2795 2485 2867 in
2510 2822 2818 2868 reveren-

733 2913 899 2985 tiam
923 2912 1252 2983 deorum:
1284 2901 1385 2980 fas
1410 2936 1551 2982 non
1577 2931 1682 2982 est
1707 2910 1870 2983 inde
1895 2911 2316 2983 summoveri
2335 2911 2549 2983 ictum
2574 2911 2812 2983 illum:

735 3023 1090 3127 quomodo
1121 3023 1480 3095 sederant²
1517 3022 1858 3113 flammae,
1902 3024 1992 3096 ita
2030 3025 2617 3097 concremandum
2663 3052 2818 3099 cor-

735 3166 865 3239 pus
911 3138 1312 3211 universum
1359 3157 1772 3235 putaverunt
1807 3167 1821 3208 :
1878 3138 2281 3210 existimatis
2331 3139 2562 3211 locum
2611 3139 2813 3213 illum

731 3254 996 3352 corpori
1026 3251 1314 3325 datum?
1335 3252 1625 3324 fulmini
1653 3253 1847 3327 datus
1877 3275 1998 3326 est.
2037 3256 2125 3325 At
2155 3275 2488 3352 tyrannus
2517 3256 2816 3328 fulmine

731 3394 1090 3470 percussus
1122 3388 1265 3439 est:
1303 3365 1435 3438 hoc
1464 3369 1683 3465 magis
1717 3369 1953 3440 omnia
1986 3368 2331 3467 religiose,
2366 3391 2432 3441 et
2460 3397 2622 3442 cum
2651 3398 2813 3443 cura

730 3482 1021 3554 deorum
1050 3481 1270 3552 facere
1308 3479 1670 3552 debemus.
1704 3481 1842 3553 Sed
1880 3481 1954 3553 in
1994 3482 2143 3554 foro
2177 3482 2548 3582 sepelietur
2575 3505 2816 3583 tyran·
2927 3545 2946 3554 s

729 3597 905 3671 nus?
936 3623 1150 3697 quam
1182 3597 1404 3696 magis
1439 3595 1619 3668 mihi
1650 3596 1827 3669 inter
1855 3594 2095 3669 caetera
2125 3598 2336 3672 etiam
2370 3600 2501 3672 hoc
2531 3627 2810 3697 quoque

729 3777 939 3829 munive
952 3772 1249 3839 loco,nunc
1264 3772 1457 3825 nullius
1472 3774 1589 3838 erit,
1607 3776 1731 3845 quia
1888 3790 1929 3826 ι.
1949 3771 2102 3827 Illud
2111 3776 2473 3847 potentissime.
2493 3772 2646 3827 Illud
2655 3779 2813 3847 potis-

728 3856 818 3908 fiet
839 3847 1076 3908 illatione
1098 3852 1294 3904 mortui
1312 3851 1603 3922 religiosus.
1624 3855 1730 3906 ce-
1807 3857 1933 3908 sime
1948 3876 1963 3905 .·
1999 3869 2056 3907 ut
2081 3876 2219 3928 sepe
2244 3858 2298 3909 in
2325 3855 2809 3912 Declamationibus

728 3945 902 3986 terum
919 3944 1063 3985 totus
1075 3929 1162 3982 hic
1178 3930 1330 3983 locus
1342 3933 1416 3984 ita
1428 3931 1727 4003 legebatur:
1809 3930 1919 3985 hoec
1944 3948 2255 4005 permutata.
2281 3934 2501 3986 Senum.

730 4016 941 4084 manni
966 4011 1196 4085 sepulcro
1227 4013 1487 4066 mittemus
1516 4012 1724 4065 heum.-
1878 4032 1926 4067 2.
1965 4016 2231 4085 Quomodo
2265 4013 2514 4067 sederant.
2552 4016 2670 4083 An,
2704 4035 2809 4089 quo

731 4106 790 4148 tu
811 4097 1037 4147 deomm.
1063 4096 1185 4146 Pars
1209 4094 1390 4148 altera.
1425 4094 1496 4148 Ue
1513 4093 1726 4165 sepelia-
1803 4095 1959 4147 modo
1981 4115 2033 4148 se
2053 4097 2297 4149 dederant
2301 4096 2576 4173 flamm,
2601 4096 2674 4149 iba·
2692 4115 2810 4150 con·

730 4185 835 4237 tur,
859 4184 959 4224 ete.
980 4174 1157 4225 AEnou.
1176 4176 1269 4244 qui
1289 4193 1583 4228 sermonem
1602 4175 1727 4227 inci-
1803 4191 1902 4224 cre.
1941 4173 2160 4227 Scnutr.
2199 4176 2309 4244 Ego
2347 4174 2478 4227 nihil
2516 4187 2663 4226 muto
2679 4193 2694 4224 t
2732 4177 2807 4225 ita

726 4250 808 4325 pit
834 4249 901 4302 ab
920 4246 1064 4322 effici
1078 4260 1261 4321 potest.
1802 4253 1972 4307 sedem
1991 4269 2199 4310 catenas
2219 4255 2350 4310 dixit
2373 4261 2557 4310 auctor
2575 4254 2721 4309 Decl.
2739 4255 2799 4307 V.
