<?xml version="1.0" encoding="UTF-8"?>
<!DOCTYPE html PUBLIC "-//W3C//DTD XHTML 1.0 Transitional//EN"
    "http://www.w3.org/TR/xhtml1/DTD/xhtml1-transitional.dtd">
<html xmlns="http://www.w3.org/1999/xhtml" xml:lang="en" lang="en">
 <head>
  <title>
</title>
<meta http-equiv="Content-Type" content="text/html;charset=utf-8" />
  <meta name='ocr-system' content='tesseract 3.04.00' />
  <meta name='ocr-capabilities' content='ocr_page ocr_carea ocr_par ocr_line ocrx_word'/>
</head>
<body>
  <div class='ocr_page' id='page_1' title='image "./deinstitutioneo00flacgoog_0459.png"; bbox 0 0 3200 5117; ppageno 0'>
   <div class='ocr_carea' id='block_1_1' title="bbox 763 585 2406 670">
    <p class='ocr_par' dir='ltr' id='par_1_1' title="bbox 763 585 2406 670">
     <span class='ocr_line' id='line_1_1' title="bbox 763 585 2406 670; baseline -0.002 -11"><span class='ocrx_word' id='word_1_1' title='bbox 763 585 1608 662; x_wconf 73' lang='lat' dir='ltr'><strong>DECLAMATIONES.</strong></span> <span class='ocrx_word' id='word_1_2' title='bbox 1654 585 1974 652; x_wconf 77' lang='lat' dir='ltr'>cchV.</span> <span class='ocrx_word' id='word_1_3' title='bbox 2288 593 2406 670; x_wconf 75' lang='lat'>451</span> 
     </span>
    </p>
   </div>
   <div class='ocr_carea' id='block_1_2' title="bbox 306 713 2444 3144">
    <p class='ocr_par' dir='ltr' id='par_1_2' title="bbox 306 713 2444 3144">
     <span class='ocr_line' id='line_1_2' title="bbox 306 713 2420 800; baseline -0.007 -8"><span class='ocrx_word' id='word_1_4' title='bbox 306 725 655 800; x_wconf 74' lang='lat' dir='ltr'>dicerent,</span> <span class='ocrx_word' id='word_1_5' title='bbox 679 719 851 787; x_wconf 86' lang='lat' dir='ltr'>male</span> <span class='ocrx_word' id='word_1_6' title='bbox 872 732 1173 786; x_wconf 69' lang='lat' dir='ltr'>tractatas</span> <span class='ocrx_word' id='word_1_7' title='bbox 1191 738 1228 781; x_wconf 88' lang='lat' dir='ltr'>a</span> <span class='ocrx_word' id='word_1_8' title='bbox 1250 729 1468 780; x_wconf 84' lang='lat' dir='ltr'>tutore</span> <span class='ocrx_word' id='word_1_9' title='bbox 1484 713 1805 780; x_wconf 77' lang='lat' dir='ltr'>rationes:</span> <span class='ocrx_word' id='word_1_10' title='bbox 1831 734 1964 775; x_wconf 90' lang='lat' dir='ltr'>non</span> <span class='ocrx_word' id='word_1_11' title='bbox 1984 714 2203 777; x_wconf 79' lang='lat' dir='ltr'>omnia</span> <span class='ocrx_word' id='word_1_12' title='bbox 2217 736 2420 778; x_wconf 81' lang='lat' dir='ltr'>nosse</span> 
     </span>
     <span class='ocr_line' id='line_1_3' title="bbox 328 816 2423 919; baseline -0.006 -24"><span class='ocrx_word' id='word_1_13' title='bbox 328 829 693 919; x_wconf 88' lang='lat' dir='ltr'>pupillum,</span> <span class='ocrx_word' id='word_1_14' title='bbox 728 825 844 915; x_wconf 87' lang='lat' dir='ltr'>qui</span> <span class='ocrx_word' id='word_1_15' title='bbox 883 837 1127 890; x_wconf 78' lang='lat' dir='ltr'>taceat¹</span> <span class='ocrx_word' id='word_1_16' title='bbox 1157 844 1171 883; x_wconf 74' lang='grc' dir='ltr'>ε</span> <span class='ocrx_word' id='word_1_17' title='bbox 1213 820 1266 886; x_wconf 88' lang='lat' dir='ltr'>si</span> <span class='ocrx_word' id='word_1_18' title='bbox 1302 817 1557 906; x_wconf 70' lang='lat' dir='ltr'>litigare</span> <span class='ocrx_word' id='word_1_19' title='bbox 1590 817 1785 896; x_wconf 80' lang='lat' dir='ltr'>velit,</span> <span class='ocrx_word' id='word_1_20' title='bbox 1822 816 2155 895; x_wconf 86' lang='lat' dir='ltr'>futurum,</span> <span class='ocrx_word' id='word_1_21' title='bbox 2195 835 2270 883; x_wconf 94' lang='lat' dir='ltr'>ut</span> <span class='ocrx_word' id='word_1_22' title='bbox 2307 841 2423 884; x_wconf 89' lang='lat' dir='ltr'>sua</span> 
     </span>
     <span class='ocr_line' id='line_1_4' title="bbox 330 924 2429 1026; baseline -0.005 -24"><span class='ocrx_word' id='word_1_23' title='bbox 330 939 622 1026; x_wconf 73' lang='lat' dir='ltr'>recipiat.</span> <span class='ocrx_word' id='word_1_24' title='bbox 662 939 786 999; x_wconf 86' lang='lat' dir='ltr'>Per</span> <span class='ocrx_word' id='word_1_25' title='bbox 820 933 982 998; x_wconf 87' lang='lat' dir='ltr'>alios</span> <span class='ocrx_word' id='word_1_26' title='bbox 1022 928 1178 996; x_wconf 86' lang='lat' dir='ltr'>inde</span> <span class='ocrx_word' id='word_1_27' title='bbox 1222 928 1675 993; x_wconf 80' lang='lat' dir='ltr'><strong>internuncios</strong></span> <span class='ocrx_word' id='word_1_28' title='bbox 1714 924 2134 991; x_wconf 87' lang='lat' dir='ltr'>sollicitatum</span> <span class='ocrx_word' id='word_1_29' title='bbox 2171 929 2429 993; x_wconf 87' lang='lat' dir='ltr'>marita·-</span> 
     </span>
     <span class='ocr_line' id='line_1_5' title="bbox 332 1029 2430 1127; baseline -0.004 -20"><span class='ocrx_word' id='word_1_30' title='bbox 332 1044 462 1109; x_wconf 86' lang='lat' dir='ltr'>lem</span> <span class='ocrx_word' id='word_1_31' title='bbox 501 1043 828 1116; x_wconf 88' lang='lat' dir='ltr'>animum,</span> <span class='ocrx_word' id='word_1_32' title='bbox 857 1040 971 1127; x_wconf 91' lang='lat' dir='ltr'>qui</span> <span class='ocrx_word' id='word_1_33' title='bbox 1010 1035 1335 1127; x_wconf 81' lang='lat' dir='ltr'>pupillum</span> <span class='ocrx_word' id='word_1_34' title='bbox 1370 1034 1538 1098; x_wconf 85' lang='lat' dir='ltr'>falso</span> <span class='ocrx_word' id='word_1_35' title='bbox 1573 1031 1849 1098; x_wconf 85' lang='lat' dir='ltr'>crimine</span> <span class='ocrx_word' id='word_1_36' title='bbox 1882 1029 2184 1096; x_wconf 86' lang='lat' dir='ltr'>adulterii</span> <span class='ocrx_word' id='word_1_37' title='bbox 2217 1035 2430 1124; x_wconf 91' lang='lat' dir='ltr'>inqui-</span> 
     </span>
     <span class='ocr_line' id='line_1_6' title="bbox 334 1135 2427 1235; baseline -0.005 -20"><span class='ocrx_word' id='word_1_38' title='bbox 334 1165 585 1215; x_wconf 87' lang='lat' dir='ltr'>narent.</span> <span class='ocrx_word' id='word_1_39' title='bbox 612 1148 723 1226; x_wconf 91' lang='lat' dir='ltr'>Se,</span> <span class='ocrx_word' id='word_1_40' title='bbox 758 1147 990 1235; x_wconf 88' lang='lat' dir='ltr'>utique</span> <span class='ocrx_word' id='word_1_41' title='bbox 1022 1142 1327 1208; x_wconf 87' lang='lat' dir='ltr'>maritum</span> <span class='ocrx_word' id='word_1_42' title='bbox 1353 1139 1728 1219; x_wconf 87' lang='lat' dir='ltr'>credulum,</span> <span class='ocrx_word' id='word_1_43' title='bbox 1756 1135 1918 1201; x_wconf 86' lang='lat' dir='ltr'>nihil</span> <span class='ocrx_word' id='word_1_44' title='bbox 1946 1140 2106 1202; x_wconf 90' lang='lat' dir='ltr'>tanti</span> <span class='ocrx_word' id='word_1_45' title='bbox 2134 1155 2427 1227; x_wconf 88' lang='lat' dir='ltr'>putasse,</span> 
     </span>
     <span class='ocr_line' id='line_1_7' title="bbox 334 1244 2432 1343; baseline -0.004 -22"><span class='ocrx_word' id='word_1_46' title='bbox 334 1275 408 1323; x_wconf 91' lang='lat' dir='ltr'>ut</span> <span class='ocrx_word' id='word_1_47' title='bbox 447 1256 803 1343; x_wconf 88' lang='lat' dir='ltr'>suspicioni</span> <span class='ocrx_word' id='word_1_48' title='bbox 849 1275 982 1317; x_wconf 83' lang='lat' dir='ltr'>suae</span> <span class='ocrx_word' id='word_1_49' title='bbox 1022 1247 1426 1314; x_wconf 76' lang='lat' dir='ltr'>satisfaceret</span> <span class='ocrx_word' id='word_1_50' title='bbox 1443 1254 1487 1308; x_wconf 83' lang='lat'>².</span> <span class='ocrx_word' id='word_1_51' title='bbox 1532 1245 1663 1310; x_wconf 91' lang='lat' dir='ltr'>Diu</span> <span class='ocrx_word' id='word_1_52' title='bbox 1700 1244 1825 1309; x_wconf 89' lang='lat' dir='ltr'>hac</span> <span class='ocrx_word' id='word_1_53' title='bbox 1857 1244 2087 1309; x_wconf 84' lang='lat' dir='ltr'>fraude</span> <span class='ocrx_word' id='word_1_54' title='bbox 2131 1246 2432 1312; x_wconf 89' lang='lat' dir='ltr'>inimico-</span> 
     </span>
     <span class='ocr_line' id='line_1_8' title="bbox 334 1351 2431 1452; baseline -0.006 -23"><span class='ocrx_word' id='word_1_55' title='bbox 334 1388 522 1444; x_wconf 88' lang='lat' dir='ltr'>rum,</span> <span class='ocrx_word' id='word_1_56' title='bbox 572 1361 899 1452; x_wconf 87' lang='lat' dir='ltr'>pupillum</span> <span class='ocrx_word' id='word_1_57' title='bbox 944 1372 1368 1443; x_wconf 90' lang='lat' dir='ltr'>tutoremque</span> <span class='ocrx_word' id='word_1_58' title='bbox 1417 1351 1780 1440; x_wconf 87' lang='lat' dir='ltr'>deceptos:</span> <span class='ocrx_word' id='word_1_59' title='bbox 1832 1351 1948 1416; x_wconf 90' lang='lat' dir='ltr'>sed</span> <span class='ocrx_word' id='word_1_60' title='bbox 2000 1369 2431 1443; x_wconf 78' lang='lat' dir='ltr'>posteaquam</span> 
     </span>
     <span class='ocr_line' id='line_1_9' title="bbox 336 1459 2434 1548; baseline -0.006 -12"><span class='ocrx_word' id='word_1_61' title='bbox 336 1474 628 1536; x_wconf 77' lang='lat' dir='ltr'>veriores</span> <span class='ocrx_word' id='word_1_62' title='bbox 651 1466 840 1533; x_wconf 90' lang='lat' dir='ltr'>amici</span> <span class='ocrx_word' id='word_1_63' title='bbox 878 1461 1388 1539; x_wconf 81' lang='lat' dir='ltr'><strong>intervenerint,</strong></span> <span class='ocrx_word' id='word_1_64' title='bbox 1426 1476 1492 1523; x_wconf 90' lang='lat' dir='ltr'>et</span> <span class='ocrx_word' id='word_1_65' title='bbox 1518 1482 1587 1524; x_wconf 87' lang='lat' dir='ltr'>se</span> <span class='ocrx_word' id='word_1_66' title='bbox 1615 1459 2194 1545; x_wconf 76' lang='lat' dir='ltr'>interrogaverint,</span> <span class='ocrx_word' id='word_1_67' title='bbox 2235 1483 2434 1548; x_wconf 89' lang='lat' dir='ltr'>quam</span> 
     </span>
     <span class='ocr_line' id='line_1_10' title="bbox 336 1561 2439 1654; baseline -0.006 -12"><span class='ocrx_word' id='word_1_68' title='bbox 336 1576 611 1642; x_wconf 89' lang='lat' dir='ltr'>actionis</span> <span class='ocrx_word' id='word_1_69' title='bbox 648 1572 925 1636; x_wconf 89' lang='lat' dir='ltr'>haberet</span> <span class='ocrx_word' id='word_1_70' title='bbox 963 1567 1305 1642; x_wconf 77' lang='lat' dir='ltr'>fiduciam3</span> <span class='ocrx_word' id='word_1_71' title='bbox 1344 1564 1674 1654; x_wconf 90' lang='lat' dir='ltr'>pupillum</span> <span class='ocrx_word' id='word_1_72' title='bbox 1714 1563 1870 1628; x_wconf 90' lang='lat' dir='ltr'>item</span> <span class='ocrx_word' id='word_1_73' title='bbox 1912 1561 2330 1645; x_wconf 83' lang='lat' dir='ltr'>seduxerint,</span> <span class='ocrx_word' id='word_1_74' title='bbox 2373 1582 2439 1631; x_wconf 91' lang='lat' dir='ltr'>et</span> 
     </span>
     <span class='ocr_line' id='line_1_11' title="bbox 341 1670 2437 1772; baseline -0.006 -27"><span class='ocrx_word' id='word_1_75' title='bbox 341 1681 628 1772; x_wconf 87' lang='lat' dir='ltr'>querelae</span> <span class='ocrx_word' id='word_1_76' title='bbox 669 1697 894 1742; x_wconf 87' lang='lat' dir='ltr'>causas</span> <span class='ocrx_word' id='word_1_77' title='bbox 933 1671 1350 1764; x_wconf 71' lang='lat' dir='ltr'>quaesierint:</span> <span class='ocrx_word' id='word_1_78' title='bbox 1392 1686 1531 1734; x_wconf 89' lang='lat' dir='ltr'>tum</span> <span class='ocrx_word' id='word_1_79' title='bbox 1572 1670 1843 1734; x_wconf 89' lang='lat' dir='ltr'>demum</span> <span class='ocrx_word' id='word_1_80' title='bbox 1879 1670 2258 1756; x_wconf 82' lang='lat' dir='ltr'>apparuisse</span> <span class='ocrx_word' id='word_1_81' title='bbox 2290 1694 2437 1734; x_wconf 89' lang='lat' dir='ltr'>mu·</span> 
     </span>
     <span class='ocr_line' id='line_1_12' title="bbox 343 1776 2440 1868; baseline -0.005 -16"><span class='ocrx_word' id='word_1_82' title='bbox 343 1806 531 1852; x_wconf 90' lang='lat' dir='ltr'>tuum</span> <span class='ocrx_word' id='word_1_83' title='bbox 560 1805 885 1850; x_wconf 87' lang='lat' dir='ltr'>errorem:</span> <span class='ocrx_word' id='word_1_84' title='bbox 921 1799 985 1844; x_wconf 92' lang='lat' dir='ltr'>et</span> <span class='ocrx_word' id='word_1_85' title='bbox 1009 1804 1078 1844; x_wconf 87' lang='lat' dir='ltr'>se</span> <span class='ocrx_word' id='word_1_86' title='bbox 1105 1778 1410 1868; x_wconf 84' lang='lat' dir='ltr'>quaedam</span> <span class='ocrx_word' id='word_1_87' title='bbox 1435 1779 1678 1843; x_wconf 88' lang='lat' dir='ltr'>certius</span> <span class='ocrx_word' id='word_1_88' title='bbox 1705 1778 1900 1842; x_wconf 90' lang='lat' dir='ltr'>etiam</span> <span class='ocrx_word' id='word_1_89' title='bbox 1924 1776 2007 1841; x_wconf 89' lang='lat' dir='ltr'>ab</span> <span class='ocrx_word' id='word_1_90' title='bbox 2033 1800 2234 1842; x_wconf 86' lang='lat' dir='ltr'>uxore</span> <span class='ocrx_word' id='word_1_91' title='bbox 2262 1802 2440 1866; x_wconf 86' lang='lat' dir='ltr'>quae-</span> 
     </span>
     <span class='ocr_line' id='line_1_13' title="bbox 344 1882 2439 1974; baseline -0.003 -16"><span class='ocrx_word' id='word_1_92' title='bbox 344 1895 523 1958; x_wconf 88' lang='lat' dir='ltr'>sisse.</span> <span class='ocrx_word' id='word_1_93' title='bbox 566 1894 836 1955; x_wconf 90' lang='lat' dir='ltr'>Detecta</span> <span class='ocrx_word' id='word_1_94' title='bbox 875 1887 1076 1974; x_wconf 76' lang='lat' dir='ltr'>igitur</span> <span class='ocrx_word' id='word_1_95' title='bbox 1113 1883 1343 1950; x_wconf 79' lang='lat' dir='ltr'>fraude</span> <span class='ocrx_word' id='word_1_96' title='bbox 1383 1885 1804 1964; x_wconf 79' lang='lat' dir='ltr'>inimicorum</span> <span class='ocrx_word' id='word_1_97' title='bbox 1843 1883 2035 1949; x_wconf 84' lang='lat' dir='ltr'>facile</span> <span class='ocrx_word' id='word_1_98' title='bbox 2071 1882 2439 1969; x_wconf 75' lang='lat' dir='ltr'>deposita5‚</span> 
     </span>
     <span class='ocr_line' id='line_1_14' title="bbox 346 1987 2438 2089; baseline -0.004 -26"><span class='ocrx_word' id='word_1_99' title='bbox 346 2020 492 2089; x_wconf 83' lang='lat' dir='ltr'>quae</span> <span class='ocrx_word' id='word_1_100' title='bbox 517 1996 712 2060; x_wconf 87' lang='lat' dir='ltr'>nullis</span> <span class='ocrx_word' id='word_1_101' title='bbox 734 1992 1182 2066; x_wconf 81' lang='lat' dir='ltr'>fundamentis</span> <span class='ocrx_word' id='word_1_102' title='bbox 1204 1992 1595 2069; x_wconf 83' lang='lat' dir='ltr'>niterentur,</span> <span class='ocrx_word' id='word_1_103' title='bbox 1620 1991 1942 2068; x_wconf 72' lang='lat' dir='ltr'>actiones,</span> <span class='ocrx_word' id='word_1_104' title='bbox 1970 2007 2037 2053; x_wconf 90' lang='lat' dir='ltr'>et</span> <span class='ocrx_word' id='word_1_105' title='bbox 2057 1987 2344 2055; x_wconf 91' lang='lat' dir='ltr'>reditum</span> <span class='ocrx_word' id='word_1_106' title='bbox 2369 1992 2438 2055; x_wconf 90' lang='lat' dir='ltr'>in</span> 
     </span>
     <span class='ocr_line' id='line_1_15' title="bbox 346 2097 2440 2198; baseline -0.002 -31"><span class='ocrx_word' id='word_1_107' title='bbox 346 2105 657 2193; x_wconf 80' lang='lat' dir='ltr'>gratiam:</span> <span class='ocrx_word' id='word_1_108' title='bbox 694 2099 809 2166; x_wconf 91' lang='lat' dir='ltr'>sed</span> <span class='ocrx_word' id='word_1_109' title='bbox 838 2116 1057 2164; x_wconf 89' lang='lat' dir='ltr'>tamen</span> <span class='ocrx_word' id='word_1_110' title='bbox 1091 2097 1394 2162; x_wconf 88' lang='lat' dir='ltr'>nondum</span> <span class='ocrx_word' id='word_1_111' title='bbox 1428 2098 1729 2198; x_wconf 70' lang='lat' dir='ltr'>inimicos</span> <span class='ocrx_word' id='word_1_112' title='bbox 1758 2097 2104 2186; x_wconf 75' lang='lat' dir='ltr'>effugisse,</span> <span class='ocrx_word' id='word_1_113' title='bbox 2138 2121 2172 2160; x_wconf 93' lang='lat' dir='ltr'>a</span> <span class='ocrx_word' id='word_1_114' title='bbox 2200 2097 2440 2186; x_wconf 89' lang='lat' dir='ltr'>quibus</span> 
     </span>
     <span class='ocr_line' id='line_1_16' title="bbox 347 2201 2441 2282; baseline -0.003 -8"><span class='ocrx_word' id='word_1_115' title='bbox 347 2233 497 2274; x_wconf 89' lang='lat' dir='ltr'>reus</span> <span class='ocrx_word' id='word_1_116' title='bbox 546 2210 755 2273; x_wconf 87' lang='lat' dir='ltr'>factus</span> <span class='ocrx_word' id='word_1_117' title='bbox 803 2207 903 2270; x_wconf 88' lang='lat' dir='ltr'>sit.</span> <span class='ocrx_word' id='word_1_118' title='bbox 948 2211 1305 2269; x_wconf 79' lang='lat' dir='ltr'>Accusator</span> <span class='ocrx_word' id='word_1_119' title='bbox 1344 2221 1567 2266; x_wconf 88' lang='lat' dir='ltr'>autem</span> <span class='ocrx_word' id='word_1_120' title='bbox 1617 2227 1749 2268; x_wconf 90' lang='lat' dir='ltr'>non</span> <span class='ocrx_word' id='word_1_121' title='bbox 1793 2201 2222 2282; x_wconf 80' lang='lat' dir='ltr'>committet3,</span> <span class='ocrx_word' id='word_1_122' title='bbox 2273 2205 2321 2268; x_wconf 87' lang='lat' dir='ltr'>si</span> <span class='ocrx_word' id='word_1_123' title='bbox 2372 2205 2441 2268; x_wconf 90' lang='lat' dir='ltr'>in</span> 
     </span>
     <span class='ocr_line' id='line_1_17' title="bbox 349 2308 2441 2404; baseline -0.002 -25"><span class='ocrx_word' id='word_1_124' title='bbox 349 2314 672 2404; x_wconf 88' lang='lat' dir='ltr'>pupillum</span> <span class='ocrx_word' id='word_1_125' title='bbox 713 2311 984 2376; x_wconf 86' lang='lat' dir='ltr'>dixerit:</span> <span class='ocrx_word' id='word_1_126' title='bbox 1028 2308 1095 2374; x_wconf 92' lang='lat' dir='ltr'>id</span> <span class='ocrx_word' id='word_1_127' title='bbox 1136 2311 1313 2373; x_wconf 88' lang='lat' dir='ltr'>enim</span> <span class='ocrx_word' id='word_1_128' title='bbox 1351 2311 1600 2373; x_wconf 86' lang='lat' dir='ltr'>crimen</span> <span class='ocrx_word' id='word_1_129' title='bbox 1643 2309 1734 2374; x_wconf 91' lang='lat' dir='ltr'>illi</span> <span class='ocrx_word' id='word_1_130' title='bbox 1774 2309 2071 2399; x_wconf 88' lang='lat' dir='ltr'>objiciet,</span> <span class='ocrx_word' id='word_1_131' title='bbox 2112 2308 2293 2398; x_wconf 90' lang='lat' dir='ltr'>quod</span> <span class='ocrx_word' id='word_1_132' title='bbox 2331 2309 2441 2375; x_wconf 91' lang='lat' dir='ltr'>ille</span> 
     </span>
     <span class='ocr_line' id='line_1_18' title="bbox 349 2406 2442 2504; baseline -0.001 -20"><span class='ocrx_word' id='word_1_133' title='bbox 349 2419 638 2484; x_wconf 86' lang='lat' dir='ltr'>noluerit</span> <span class='ocrx_word' id='word_1_134' title='bbox 666 2414 982 2482; x_wconf 67' lang='lat' dir='ltr'>diluerels.</span> <span class='ocrx_word' id='word_1_135' title='bbox 1026 2406 1216 2482; x_wconf 78' lang='lat' dir='ltr'>Di‘oet</span> <span class='ocrx_word' id='word_1_136' title='bbox 1254 2438 1445 2502; x_wconf 78' lang='lat' dir='ltr'>ergo,</span> <span class='ocrx_word' id='word_1_137' title='bbox 1482 2431 1756 2504; x_wconf 84' lang='lat' dir='ltr'>propter</span> <span class='ocrx_word' id='word_1_138' title='bbox 1793 2437 2087 2479; x_wconf 87' lang='lat' dir='ltr'>amorem</span> <span class='ocrx_word' id='word_1_139' title='bbox 2125 2414 2442 2481; x_wconf 75' lang='lat' dir='ltr'>adulterae</span> 
     </span>
     <span class='ocr_line' id='line_1_19' title="bbox 350 2520 2443 2611; baseline -0.001 -22"><span class='ocrx_word' id='word_1_140' title='bbox 350 2525 535 2589; x_wconf 86' lang='lat' dir='ltr'>illum</span> <span class='ocrx_word' id='word_1_141' title='bbox 563 2524 628 2588; x_wconf 92' lang='lat' dir='ltr'>in</span> <span class='ocrx_word' id='word_1_142' title='bbox 656 2520 860 2588; x_wconf 89' lang='lat' dir='ltr'>domo</span> <span class='ocrx_word' id='word_1_143' title='bbox 885 2521 1116 2587; x_wconf 84' lang='lat' dir='ltr'>tutoris</span> <span class='ocrx_word' id='word_1_144' title='bbox 1142 2523 1567 2587; x_wconf 85' lang='lat' dir='ltr'>remansisse:</span> <span class='ocrx_word' id='word_1_145' title='bbox 1594 2545 1745 2585; x_wconf 88' lang='lat' dir='ltr'>nam</span> <span class='ocrx_word' id='word_1_146' title='bbox 1766 2540 1917 2586; x_wconf 89' lang='lat' dir='ltr'>ante</span> <span class='ocrx_word' id='word_1_147' title='bbox 1939 2521 2443 2611; x_wconf 88' lang='lat' dir='ltr'>quatuordecim</span> 
     </span>
     <span class='ocr_line' id='line_1_20' title="bbox 348 2629 2441 2717; baseline -0.001 -20"><span class='ocrx_word' id='word_1_148' title='bbox 348 2655 556 2698; x_wconf 85' lang='lat' dir='ltr'>annos</span> <span class='ocrx_word' id='word_1_149' title='bbox 573 2680 590 2708; x_wconf 88' lang='lat'>‚</span> <span class='ocrx_word' id='word_1_150' title='bbox 616 2629 1008 2698; x_wconf 84' lang='lat' dir='ltr'>incredibile</span> <span class='ocrx_word' id='word_1_151' title='bbox 1033 2646 1134 2693; x_wconf 89' lang='lat' dir='ltr'>est</span> <span class='ocrx_word' id='word_1_152' title='bbox 1154 2630 1439 2711; x_wconf 66' lang='lat' dir='ltr'>crimem</span> <span class='ocrx_word' id='word_1_153' title='bbox 1469 2631 1861 2695; x_wconf 86' lang='lat' dir='ltr'>remansisse</span> <span class='ocrx_word' id='word_1_154' title='bbox 1890 2654 2049 2717; x_wconf 74' lang='lat' dir='ltr'>ergo</span> <span class='ocrx_word' id='word_1_155' title='bbox 2075 2630 2404 2696; x_wconf 84' lang='lat' dir='ltr'>5amorem</span> <span class='ocrx_word' id='word_1_156' title='bbox 2425 2682 2441 2711; x_wconf 92' lang='lat'>,</span> 
     </span>
     <span class='ocr_line' id='line_1_21' title="bbox 350 2733 2441 2827; baseline 0 -25"><span class='ocrx_word' id='word_1_157' title='bbox 350 2762 473 2804; x_wconf 89' lang='lat' dir='ltr'>nec</span> <span class='ocrx_word' id='word_1_158' title='bbox 494 2736 671 2801; x_wconf 88' lang='lat' dir='ltr'>illam</span> <span class='ocrx_word' id='word_1_159' title='bbox 696 2733 1171 2824; x_wconf 65' lang='lat' dir='ltr'>indulgentiam</span> <span class='ocrx_word' id='word_1_160' title='bbox 1199 2736 1266 2800; x_wconf 91' lang='lat' dir='ltr'>in</span> <span class='ocrx_word' id='word_1_161' title='bbox 1290 2735 1643 2802; x_wconf 89' lang='lat' dir='ltr'>retinendo</span> <span class='ocrx_word' id='word_1_162' title='bbox 1668 2737 1921 2827; x_wconf 88' lang='lat' dir='ltr'>pupillo</span> <span class='ocrx_word' id='word_1_163' title='bbox 1947 2737 2150 2801; x_wconf 90' lang='lat' dir='ltr'>fuisse</span> <span class='ocrx_word' id='word_1_164' title='bbox 2178 2738 2441 2815; x_wconf 89' lang='lat' dir='ltr'>tutoris,</span> 
     </span>
     <span class='ocr_line' id='line_1_22' title="bbox 355 2841 2441 2930; baseline 0.002 -24"><span class='ocrx_word' id='word_1_165' title='bbox 355 2842 470 2907; x_wconf 86' lang='lat' dir='ltr'>sed</span> <span class='ocrx_word' id='word_1_166' title='bbox 505 2843 1004 2919; x_wconf 86' lang='lat' dir='ltr'>conscientiam,</span> <span class='ocrx_word' id='word_1_167' title='bbox 1041 2843 1250 2930; x_wconf 87' lang='lat' dir='ltr'>quum</span> <span class='ocrx_word' id='word_1_168' title='bbox 1287 2843 1485 2908; x_wconf 89' lang='lat' dir='ltr'>sciret</span> <span class='ocrx_word' id='word_1_169' title='bbox 1518 2844 1687 2907; x_wconf 90' lang='lat' dir='ltr'>male</span> <span class='ocrx_word' id='word_1_170' title='bbox 1727 2841 2003 2908; x_wconf 87' lang='lat' dir='ltr'>redditis</span> <span class='ocrx_word' id='word_1_171' title='bbox 2043 2843 2441 2924; x_wconf 84' lang='lat' dir='ltr'>rationibus,</span> 
     </span>
     <span class='ocr_line' id='line_1_23' title="bbox 354 2948 2444 3038; baseline 0.001 -26"><span class='ocrx_word' id='word_1_172' title='bbox 354 2972 489 3013; x_wconf 92' lang='lat' dir='ltr'>non</span> <span class='ocrx_word' id='word_1_173' title='bbox 538 2973 680 3015; x_wconf 87' lang='lat' dir='ltr'>esse</span> <span class='ocrx_word' id='word_1_174' title='bbox 708 2948 1208 3014; x_wconf 76' lang='lat' dir='ltr'>¹offendendum</span> <span class='ocrx_word' id='word_1_175' title='bbox 1244 2951 1617 3038; x_wconf 80' lang='lat' dir='ltr'>pupillum:</span> <span class='ocrx_word' id='word_1_176' title='bbox 1667 2951 1927 3015; x_wconf 88' lang='lat' dir='ltr'>mulieri</span> <span class='ocrx_word' id='word_1_177' title='bbox 1969 2968 2189 3014; x_wconf 90' lang='lat' dir='ltr'>autem</span> <span class='ocrx_word' id='word_1_178' title='bbox 2239 2951 2444 3016; x_wconf 88' lang='lat' dir='ltr'>multa</span> 
     </span>
     <span class='ocr_line' id='line_1_24' title="bbox 357 3051 2443 3144; baseline 0 -25"><span class='ocrx_word' id='word_1_179' title='bbox 357 3054 633 3135; x_wconf 88' lang='lat' dir='ltr'>donata;</span> <span class='ocrx_word' id='word_1_180' title='bbox 659 3051 1074 3144; x_wconf 69' lang='lat' dir='ltr'>q&#39;uaecunque</span> <span class='ocrx_word' id='word_1_181' title='bbox 1109 3054 1614 3136; x_wconf 87' lang='lat' dir='ltr'>desideraverit,</span> <span class='ocrx_word' id='word_1_182' title='bbox 1655 3079 1982 3120; x_wconf 87' lang='lat' dir='ltr'>concessa.</span> <span class='ocrx_word' id='word_1_183' title='bbox 2026 3057 2144 3121; x_wconf 89' lang='lat' dir='ltr'>His</span> <span class='ocrx_word' id='word_1_184' title='bbox 2178 3057 2443 3121; x_wconf 88' lang='lat' dir='ltr'>sceleri-</span> 
     </span>
    </p>
   </div>
   <div class='ocr_carea' id='block_1_3' title="bbox 427 3196 1356 3348">
    <p class='ocr_par' dir='ltr' id='par_1_3' title="bbox 427 3196 1356 3348">
     <span class='ocr_line' id='line_1_25' title="bbox 434 3196 1355 3269; baseline 0.002 -22"><span class='ocrx_word' id='word_1_185' title='bbox 434 3212 476 3247; x_wconf 84' lang='lat'>1.</span> <span class='ocrx_word' id='word_1_186' title='bbox 511 3197 615 3266; x_wconf 78' lang='lat' dir='ltr'>Qui</span> <span class='ocrx_word' id='word_1_187' title='bbox 642 3209 820 3249; x_wconf 77' lang='lat' dir='ltr'>taceat.</span> <span class='ocrx_word' id='word_1_188' title='bbox 857 3198 962 3269; x_wconf 76' lang='lat' dir='ltr'>Qui</span> <span class='ocrx_word' id='word_1_189' title='bbox 988 3208 1152 3264; x_wconf 79' lang='lat' dir='ltr'>tacet,</span> <span class='ocrx_word' id='word_1_190' title='bbox 1178 3196 1355 3249; x_wconf 68' lang='lat' dir='ltr'>AEwd.</span> 
     </span>
     <span class='ocr_line' id='line_1_26' title="bbox 427 3274 1356 3348; baseline 0 -21"><span class='ocrx_word' id='word_1_191' title='bbox 427 3292 474 3327; x_wconf 67' lang='grc' dir='ltr'>α.</span> <span class='ocrx_word' id='word_1_192' title='bbox 508 3274 665 3327; x_wconf 75' lang='lat' dir='ltr'>Nihil</span> <span class='ocrx_word' id='word_1_193' title='bbox 697 3276 831 3330; x_wconf 78' lang='lat' dir='ltr'>tanti</span> <span class='ocrx_word' id='word_1_194' title='bbox 857 3289 1086 3348; x_wconf 75' lang='lat' dir='ltr'>putasse,</span> <span class='ocrx_word' id='word_1_195' title='bbox 1108 3289 1166 3329; x_wconf 76' lang='lat' dir='ltr'>ut</span> <span class='ocrx_word' id='word_1_196' title='bbox 1195 3277 1356 3343; x_wconf 79' lang='lat' dir='ltr'>suspi-</span> 
     </span>
    </p>
   </div>
   <div class='ocr_carea' id='block_1_4' title="bbox 1439 3198 2446 3348">
    <p class='ocr_par' dir='ltr' id='par_1_4' title="bbox 1439 3198 2446 3348">
     <span class='ocr_line' id='line_1_27' title="bbox 1439 3198 2443 3271; baseline 0.003 -23"><span class='ocrx_word' id='word_1_197' title='bbox 1439 3199 1685 3267; x_wconf 74' lang='lat' dir='ltr'>gnificat,</span> <span class='ocrx_word' id='word_1_198' title='bbox 1723 3217 1913 3268; x_wconf 87' lang='lat' dir='ltr'>nempe</span> <span class='ocrx_word' id='word_1_199' title='bbox 1947 3198 2090 3249; x_wconf 85' lang='lat' dir='ltr'>nulla</span> <span class='ocrx_word' id='word_1_200' title='bbox 2131 3218 2187 3249; x_wconf 82' lang='lat' dir='ltr'>re</span> <span class='ocrx_word' id='word_1_201' title='bbox 2219 3199 2443 3271; x_wconf 85' lang='lat' dir='ltr'>perpelli</span> 
     </span>
     <span class='ocr_line' id='line_1_28' title="bbox 1440 3276 2446 3348; baseline 0.003 -20"><span class='ocrx_word' id='word_1_202' title='bbox 1440 3278 1709 3348; x_wconf 82' lang='lat' dir='ltr'>potuisse,</span> <span class='ocrx_word' id='word_1_203' title='bbox 1751 3291 1810 3328; x_wconf 87' lang='lat' dir='ltr'>ut</span> <span class='ocrx_word' id='word_1_204' title='bbox 1846 3276 1917 3327; x_wconf 90' lang='lat' dir='ltr'>ob</span> <span class='ocrx_word' id='word_1_205' title='bbox 1957 3278 2311 3348; x_wconf 84' lang='lat' dir='ltr'>suspicionem</span> <span class='ocrx_word' id='word_1_206' title='bbox 2348 3279 2446 3331; x_wconf 87' lang='lat' dir='ltr'>ali-</span> 
     </span>
    </p>
   </div>
   <div class='ocr_carea' id='block_1_5' title="bbox 3149 792 3164 1550">
    <p class='ocr_par' dir='ltr' id='par_1_5' title="bbox 3149 792 3164 1550">
     <span class='ocr_line' id='line_1_29' title="bbox 3149 792 3164 1550; baseline 0 0"><span class='ocrx_word' id='word_1_207' title='bbox 3149 792 3164 1550; x_wconf 95' lang='lat' dir='ltr'> </span> 
     </span>
    </p>
   </div>
   <div class='ocr_carea' id='block_1_6' title="bbox 357 3343 1372 4299">
    <p class='ocr_par' dir='ltr' id='par_1_6' title="bbox 357 3343 1372 4299">
     <span class='ocr_line' id='line_1_30' title="bbox 357 3343 1361 3428; baseline 0.003 -23"><span class='ocrx_word' id='word_1_208' title='bbox 357 3354 496 3408; x_wconf 79' lang='lat' dir='ltr'>ciani</span> <span class='ocrx_word' id='word_1_209' title='bbox 525 3374 630 3412; x_wconf 78' lang='lat' dir='ltr'>suoe</span> <span class='ocrx_word' id='word_1_210' title='bbox 661 3357 988 3428; x_wconf 59' lang='lat' dir='ltr'>suabsna-eret.</span> <span class='ocrx_word' id='word_1_211' title='bbox 1018 3357 1069 3410; x_wconf 80' lang='lat' dir='ltr'>si</span> <span class='ocrx_word' id='word_1_212' title='bbox 1097 3343 1151 3408; x_wconf 62' lang='lat' dir='ltr'>eri</span> <span class='ocrx_word' id='word_1_213' title='bbox 1181 3374 1284 3408; x_wconf 70' lang='grc' dir='ltr'><em>,τιατ</em></span> <span class='ocrx_word' id='word_1_214' title='bbox 1306 3358 1361 3408; x_wconf 90' lang='lat' dir='ltr'>in</span> 
     </span>
     <span class='ocr_line' id='line_1_31' title="bbox 359 3431 1360 3506; baseline 0.004 -24"><span class='ocrx_word' id='word_1_215' title='bbox 359 3431 542 3484; x_wconf 86' lang='lat' dir='ltr'>codice</span> <span class='ocrx_word' id='word_1_216' title='bbox 561 3452 657 3485; x_wconf 85' lang='lat' dir='ltr'>suo</span> <span class='ocrx_word' id='word_1_217' title='bbox 678 3436 873 3506; x_wconf 81' lang='lat' dir='ltr'>reperit</span> <span class='ocrx_word' id='word_1_218' title='bbox 896 3434 1153 3500; x_wconf 76' lang='lat' dir='ltr'>Pithoeus,</span> <span class='ocrx_word' id='word_1_219' title='bbox 1174 3435 1360 3488; x_wconf 81' lang='lat' dir='ltr'>admit·</span> 
     </span>
     <span class='ocr_line' id='line_1_32' title="bbox 360 3513 1357 3585; baseline 0.003 -23"><span class='ocrx_word' id='word_1_220' title='bbox 360 3513 548 3562; x_wconf 81' lang='lat' dir='ltr'>timus:</span> <span class='ocrx_word' id='word_1_221' title='bbox 599 3531 721 3564; x_wconf 88' lang='lat' dir='ltr'>nam</span> <span class='ocrx_word' id='word_1_222' title='bbox 765 3513 1062 3565; x_wconf 80' lang='lat' dir='ltr'>Thaddaeus</span> <span class='ocrx_word' id='word_1_223' title='bbox 1106 3517 1319 3585; x_wconf 77' lang='lat' dir='ltr'>ignorat</span> <span class='ocrx_word' id='word_1_224' title='bbox 1345 3537 1357 3565; x_wconf 88' lang='lat'>:</span> 
     </span>
     <span class='ocr_line' id='line_1_33' title="bbox 360 3590 1362 3666; baseline 0.002 -22"><span class='ocrx_word' id='word_1_225' title='bbox 360 3590 607 3644; x_wconf 72' lang='lat' dir='ltr'>AErodins</span> <span class='ocrx_word' id='word_1_226' title='bbox 626 3596 779 3664; x_wconf 82' lang='lat' dir='ltr'>qnasi</span> <span class='ocrx_word' id='word_1_227' title='bbox 798 3593 865 3646; x_wconf 75' lang='lat' dir='ltr'>ab</span> <span class='ocrx_word' id='word_1_228' title='bbox 886 3611 998 3646; x_wconf 79' lang='lat' dir='ltr'>sese</span> <span class='ocrx_word' id='word_1_229' title='bbox 1018 3596 1362 3666; x_wconf 73' lang='lat' dir='ltr'>interposuit,</span> 
     </span>
     <span class='ocr_line' id='line_1_34' title="bbox 360 3668 1363 3744; baseline 0.003 -22"><span class='ocrx_word' id='word_1_230' title='bbox 360 3671 434 3722; x_wconf 78' lang='lat' dir='ltr'>sic</span> <span class='ocrx_word' id='word_1_231' title='bbox 458 3683 661 3724; x_wconf 84' lang='lat' dir='ltr'>tamen:</span> <span class='ocrx_word' id='word_1_232' title='bbox 700 3682 756 3722; x_wconf 78' lang='lat' dir='ltr'>ut</span> <span class='ocrx_word' id='word_1_233' title='bbox 786 3668 956 3744; x_wconf 63' lang='grc' dir='ltr'>[πω]</span> <span class='ocrx_word' id='word_1_234' title='bbox 981 3673 1258 3743; x_wconf 74' lang='lat' dir='ltr'>suspicioni</span> <span class='ocrx_word' id='word_1_235' title='bbox 1278 3691 1363 3725; x_wconf 78' lang='lat' dir='ltr'>sa-</span> 
     </span>
     <span class='ocr_line' id='line_1_35' title="bbox 362 3748 1363 3819; baseline 0 -19"><span class='ocrx_word' id='word_1_236' title='bbox 362 3748 632 3819; x_wconf 77' lang='lat' dir='ltr'>tisfaceret.</span> <span class='ocrx_word' id='word_1_237' title='bbox 646 3750 746 3802; x_wconf 87' lang='lat' dir='ltr'>Sed</span> <span class='ocrx_word' id='word_1_238' title='bbox 760 3751 860 3803; x_wconf 80' lang='lat' dir='ltr'>alia</span> <span class='ocrx_word' id='word_1_239' title='bbox 877 3752 961 3803; x_wconf 89' lang='lat' dir='ltr'>hic</span> <span class='ocrx_word' id='word_1_240' title='bbox 978 3752 1139 3803; x_wconf 83' lang='lat' dir='ltr'>fraus.</span> <span class='ocrx_word' id='word_1_241' title='bbox 1154 3753 1363 3803; x_wconf 81' lang='lat' dir='ltr'>sienim</span> 
     </span>
     <span class='ocr_line' id='line_1_36' title="bbox 360 3827 1367 3901; baseline 0 -22"><span class='ocrx_word' id='word_1_242' title='bbox 360 3827 737 3881; x_wconf 79' lang='lat' dir='ltr'>intellexissent</span> <span class='ocrx_word' id='word_1_243' title='bbox 755 3829 1025 3896; x_wconf 72' lang='lat' dir='ltr'>fflud,Est</span> <span class='ocrx_word' id='word_1_244' title='bbox 1045 3829 1204 3894; x_wconf 79' lang='lat' dir='ltr'>tanti,</span> <span class='ocrx_word' id='word_1_245' title='bbox 1222 3827 1367 3901; x_wconf 88' lang='lat' dir='ltr'>quod</span> 
     </span>
     <span class='ocr_line' id='line_1_37' title="bbox 362 3910 1367 3982; baseline -0.001 -21"><span class='ocrx_word' id='word_1_246' title='bbox 362 3910 489 3962; x_wconf 86' lang='lat' dir='ltr'>alibi</span> <span class='ocrx_word' id='word_1_247' title='bbox 513 3929 727 3981; x_wconf 82' lang='lat' dir='ltr'>quoqne</span> <span class='ocrx_word' id='word_1_248' title='bbox 748 3911 887 3963; x_wconf 75' lang='lat' dir='ltr'>male</span> <span class='ocrx_word' id='word_1_249' title='bbox 912 3923 1222 3982; x_wconf 83' lang='lat' dir='ltr'>perceptum</span> <span class='ocrx_word' id='word_1_250' title='bbox 1249 3927 1367 3960; x_wconf 87' lang='lat' dir='ltr'>mo-</span> 
     </span>
     <span class='ocr_line' id='line_1_38' title="bbox 362 3990 1370 4063; baseline -0.001 -21"><span class='ocrx_word' id='word_1_251' title='bbox 362 3993 601 4052; x_wconf 81' lang='lat' dir='ltr'>nuimus;</span> <span class='ocrx_word' id='word_1_252' title='bbox 624 3991 879 4045; x_wconf 80' lang='lat' dir='ltr'>vidissent</span> <span class='ocrx_word' id='word_1_253' title='bbox 902 3993 1114 4063; x_wconf 85' lang='lat' dir='ltr'>utique,</span> <span class='ocrx_word' id='word_1_254' title='bbox 1139 3990 1370 4042; x_wconf 81' lang='lat' dir='ltr'>scriben-</span> 
     </span>
     <span class='ocr_line' id='line_1_39' title="bbox 363 4068 1370 4141; baseline -0.003 -20"><span class='ocrx_word' id='word_1_255' title='bbox 363 4068 522 4132; x_wconf 80' lang='lat' dir='ltr'>dum,</span> <span class='ocrx_word' id='word_1_256' title='bbox 559 4070 696 4121; x_wconf 76' lang='lat' dir='ltr'>nihil</span> <span class='ocrx_word' id='word_1_257' title='bbox 733 4071 869 4123; x_wconf 77' lang='lat' dir='ltr'>tanti</span> <span class='ocrx_word' id='word_1_258' title='bbox 900 4081 1135 4141; x_wconf 57' lang='lat' dir='ltr'>putasse,</span> <span class='ocrx_word' id='word_1_259' title='bbox 1169 4079 1226 4120; x_wconf 81' lang='lat' dir='ltr'>ut</span> <span class='ocrx_word' id='word_1_260' title='bbox 1262 4086 1370 4119; x_wconf 77' lang='lat' dir='ltr'>non</span> 
     </span>
     <span class='ocr_line' id='line_1_40' title="bbox 362 4147 1372 4221; baseline 0 -21"><span class='ocrx_word' id='word_1_261' title='bbox 362 4149 643 4221; x_wconf 72' lang='lat' dir='ltr'>suspicioni</span> <span class='ocrx_word' id='word_1_262' title='bbox 669 4167 775 4204; x_wconf 72' lang='lat' dir='ltr'>suoe</span> <span class='ocrx_word' id='word_1_263' title='bbox 803 4149 1147 4220; x_wconf 73' lang='lat' dir='ltr'>satisfaceret:</span> <span class='ocrx_word' id='word_1_264' title='bbox 1184 4147 1239 4199; x_wconf 90' lang='lat' dir='ltr'>id</span> <span class='ocrx_word' id='word_1_265' title='bbox 1260 4162 1372 4213; x_wconf 84' lang='lat' dir='ltr'>est,</span> 
     </span>
     <span class='ocr_line' id='line_1_41' title="bbox 366 4226 1372 4299; baseline 0.001 -22"><span class='ocrx_word' id='word_1_266' title='bbox 366 4227 510 4279; x_wconf 85' lang='lat' dir='ltr'>nulla</span> <span class='ocrx_word' id='word_1_267' title='bbox 545 4246 598 4280; x_wconf 84' lang='lat' dir='ltr'>re</span> <span class='ocrx_word' id='word_1_268' title='bbox 631 4228 887 4281; x_wconf 82' lang='lat' dir='ltr'>deterreri</span> <span class='ocrx_word' id='word_1_269' title='bbox 914 4229 1151 4299; x_wconf 81' lang='lat' dir='ltr'>potuisse</span> <span class='ocrx_word' id='word_1_270' title='bbox 1185 4226 1252 4280; x_wconf 79' lang='lat' dir='ltr'>ab</span> <span class='ocrx_word' id='word_1_271' title='bbox 1290 4229 1372 4278; x_wconf 91' lang='lat' dir='ltr'>in-</span> 
     </span>
    </p>
   </div>
   <div class='ocr_carea' id='block_1_7' title="bbox 370 4308 1376 4384">
    <p class='ocr_par' dir='ltr' id='par_1_7' title="bbox 370 4308 1376 4384">
     <span class='ocr_line' id='line_1_42' title="bbox 370 4308 1376 4384; baseline -0.001 -22"><span class='ocrx_word' id='word_1_272' title='bbox 370 4308 647 4376; x_wconf 65' lang='lat' dir='ltr'>quitando.</span> <span class='ocrx_word' id='word_1_273' title='bbox 680 4311 909 4384; x_wconf 67' lang='lat' dir='ltr'>Vulgata</span> <span class='ocrx_word' id='word_1_274' title='bbox 942 4312 1269 4382; x_wconf 71' lang='lat' dir='ltr'>eontrarium</span> <span class='ocrx_word' id='word_1_275' title='bbox 1305 4310 1376 4362; x_wconf 79' lang='lat' dir='ltr'>si-</span> 
     </span>
    </p>
   </div>
   <div class='ocr_carea' id='block_1_8' title="bbox 1440 3357 2444 3669">
    <p class='ocr_par' dir='ltr' id='par_1_8' title="bbox 1441 3357 2440 3427">
     <span class='ocr_line' id='line_1_43' title="bbox 1441 3357 2440 3427; baseline 0.001 -20"><span class='ocrx_word' id='word_1_276' title='bbox 1441 3357 1567 3427; x_wconf 90' lang='lat' dir='ltr'>quid</span> <span class='ocrx_word' id='word_1_277' title='bbox 1591 3359 1788 3410; x_wconf 85' lang='lat' dir='ltr'>faeeret</span> <span class='ocrx_word' id='word_1_278' title='bbox 1802 3396 1819 3422; x_wconf 90' lang='lat'>,</span> <span class='ocrx_word' id='word_1_279' title='bbox 1839 3371 1929 3408; x_wconf 87' lang='lat' dir='ltr'>aut</span> <span class='ocrx_word' id='word_1_280' title='bbox 1956 3359 2256 3426; x_wconf 84' lang='lat' dir='ltr'>inquireret.</span> <span class='ocrx_word' id='word_1_281' title='bbox 2274 3358 2440 3412; x_wconf 68' lang='lat' dir='ltr'>Gnou.</span> 
     </span>
    </p>

    <p class='ocr_par' dir='ltr' id='par_1_9' title="bbox 1440 3438 2444 3669">
     <span class='ocr_line' id='line_1_44' title="bbox 1512 3438 2443 3492; baseline 0.003 -3"><span class='ocrx_word' id='word_1_282' title='bbox 1512 3440 1562 3490; x_wconf 86' lang='lat'>3.</span> <span class='ocrx_word' id='word_1_283' title='bbox 1603 3439 1726 3489; x_wconf 84' lang='lat' dir='ltr'>Non</span> <span class='ocrx_word' id='word_1_284' title='bbox 1764 3438 2065 3489; x_wconf 75' lang='lat' dir='ltr'>committet.</span> <span class='ocrx_word' id='word_1_285' title='bbox 2105 3438 2264 3491; x_wconf 76' lang='lat' dir='ltr'>Nihil</span> <span class='ocrx_word' id='word_1_286' title='bbox 2299 3458 2443 3492; x_wconf 83' lang='lat' dir='ltr'>com-</span> 
     </span>
     <span class='ocr_line' id='line_1_45' title="bbox 1441 3515 2444 3585; baseline 0.001 -20"><span class='ocrx_word' id='word_1_287' title='bbox 1441 3515 1641 3580; x_wconf 77' lang='lat' dir='ltr'>mittet,</span> <span class='ocrx_word' id='word_1_288' title='bbox 1664 3515 1714 3566; x_wconf 87' lang='lat' dir='ltr'>id</span> <span class='ocrx_word' id='word_1_289' title='bbox 1736 3530 1840 3577; x_wconf 85' lang='lat' dir='ltr'>est,</span> <span class='ocrx_word' id='word_1_290' title='bbox 1866 3515 2120 3585; x_wconf 85' lang='lat' dir='ltr'>peccabit.</span> <span class='ocrx_word' id='word_1_291' title='bbox 2139 3515 2355 3568; x_wconf 68' lang='lat' dir='ltr'>Senum.</span> <span class='ocrx_word' id='word_1_292' title='bbox 2373 3546 2444 3556; x_wconf 92' lang='lat'>--</span> 
     </span>
     <span class='ocr_line' id='line_1_46' title="bbox 1440 3595 2443 3669; baseline 0.001 -21"><span class='ocrx_word' id='word_1_293' title='bbox 1440 3598 1499 3649; x_wconf 76' lang='lat' dir='ltr'>Si</span> <span class='ocrx_word' id='word_1_294' title='bbox 1541 3598 1596 3646; x_wconf 78' lang='lat' dir='ltr'>in</span> <span class='ocrx_word' id='word_1_295' title='bbox 1635 3595 1899 3669; x_wconf 80' lang='lat' dir='ltr'>pupillum</span> <span class='ocrx_word' id='word_1_296' title='bbox 1942 3597 2144 3648; x_wconf 67' lang='lat' dir='ltr'>dfxerit.</span> <span class='ocrx_word' id='word_1_297' title='bbox 2189 3599 2292 3650; x_wconf 85' lang='lat' dir='ltr'>Aut</span> <span class='ocrx_word' id='word_1_298' title='bbox 2331 3598 2443 3649; x_wconf 73' lang='lat' dir='ltr'>hzec</span> 
     </span>
    </p>
   </div>
   <div class='ocr_carea' id='block_1_9' title="bbox 1442 3674 2446 3804">
    <p class='ocr_par' dir='ltr' id='par_1_10' title="bbox 1442 3674 2446 3804">
     <span class='ocr_line' id='line_1_47' title="bbox 1442 3674 2446 3745; baseline 0 -20"><span class='ocrx_word' id='word_1_299' title='bbox 1442 3688 1724 3743; x_wconf 80' lang='lat' dir='ltr'>corrupta,</span> <span class='ocrx_word' id='word_1_300' title='bbox 1756 3686 1847 3728; x_wconf 79' lang='lat' dir='ltr'>aut</span> <span class='ocrx_word' id='word_1_301' title='bbox 1883 3675 2086 3745; x_wconf 81' lang='lat' dir='ltr'>aliquot</span> <span class='ocrx_word' id='word_1_302' title='bbox 2113 3674 2271 3728; x_wconf 80' lang='lat' dir='ltr'>verba</span> <span class='ocrx_word' id='word_1_303' title='bbox 2305 3677 2446 3726; x_wconf 80' lang='lat' dir='ltr'>exci-</span> 
     </span>
     <span class='ocr_line' id='line_1_48' title="bbox 1443 3753 1844 3804; baseline -0.005 0"><span class='ocrx_word' id='word_1_304' title='bbox 1443 3753 1652 3804; x_wconf 86' lang='lat' dir='ltr'>derunt.</span> <span class='ocrx_word' id='word_1_305' title='bbox 1681 3753 1844 3802; x_wconf 71' lang='lat' dir='ltr'>Gnou.</span> 
     </span>
    </p>
   </div>
   <div class='ocr_carea' id='block_1_10' title="bbox 1445 3829 2456 4380">
    <p class='ocr_par' dir='ltr' id='par_1_11' title="bbox 1445 3829 2451 4064">
     <span class='ocr_line' id='line_1_49' title="bbox 1516 3829 2451 3896; baseline 0.002 -15"><span class='ocrx_word' id='word_1_306' title='bbox 1516 3831 1565 3896; x_wconf 75' lang='grc'>4.</span> <span class='ocrx_word' id='word_1_307' title='bbox 1591 3830 1834 3883; x_wconf 78' lang='lat' dir='ltr'>Noluerit</span> <span class='ocrx_word' id='word_1_308' title='bbox 1853 3829 2067 3882; x_wconf 68' lang='lat' dir='ltr'>diluere.</span> <span class='ocrx_word' id='word_1_309' title='bbox 2093 3829 2332 3883; x_wconf 77' lang='lat' dir='ltr'>Noluerit</span> <span class='ocrx_word' id='word_1_310' title='bbox 2357 3832 2451 3883; x_wconf 83' lang='lat' dir='ltr'>cn·-</span> 
     </span>
     <span class='ocr_line' id='line_1_50' title="bbox 1445 3907 2450 3973; baseline -0.001 -12"><span class='ocrx_word' id='word_1_311' title='bbox 1445 3929 1566 3961; x_wconf 82' lang='lat' dir='ltr'>men</span> <span class='ocrx_word' id='word_1_312' title='bbox 1598 3908 1844 3961; x_wconf 74' lang='lat' dir='ltr'>adulterii</span> <span class='ocrx_word' id='word_1_313' title='bbox 1875 3908 2105 3973; x_wconf 76' lang='lat' dir='ltr'>diluere,</span> <span class='ocrx_word' id='word_1_314' title='bbox 2143 3907 2323 3959; x_wconf 81' lang='lat' dir='ltr'>AErod.</span> <span class='ocrx_word' id='word_1_315' title='bbox 2363 3927 2450 3960; x_wconf 82' lang='lat' dir='ltr'>ex-</span> 
     </span>
     <span class='ocr_line' id='line_1_51' title="bbox 1446 3991 2026 4064; baseline 0 -22"><span class='ocrx_word' id='word_1_316' title='bbox 1446 3991 1709 4064; x_wconf 83' lang='lat' dir='ltr'>plicatiori</span> <span class='ocrx_word' id='word_1_317' title='bbox 1735 3993 2026 4042; x_wconf 80' lang='lat' dir='ltr'>sensu..En.</span> 
     </span>
    </p>

    <p class='ocr_par' dir='ltr' id='par_1_12' title="bbox 1452 4070 2456 4380">
     <span class='ocr_line' id='line_1_52' title="bbox 1521 4070 2453 4144; baseline -0.001 -21"><span class='ocrx_word' id='word_1_318' title='bbox 1521 4072 1569 4123; x_wconf 86' lang='lat'>5.</span> <span class='ocrx_word' id='word_1_319' title='bbox 1595 4070 1911 4122; x_wconf 76' lang='lat' dir='ltr'>Remansisse</span> <span class='ocrx_word' id='word_1_320' title='bbox 1932 4089 2052 4144; x_wconf 77' lang='lat' dir='ltr'>erqo</span> <span class='ocrx_word' id='word_1_321' title='bbox 2074 4088 2321 4121; x_wconf 80' lang='lat' dir='ltr'>amorem.</span> <span class='ocrx_word' id='word_1_322' title='bbox 2351 4073 2453 4122; x_wconf 72' lang='lat' dir='ltr'>Po-</span> 
     </span>
     <span class='ocr_line' id='line_1_53' title="bbox 1452 4151 2454 4220; baseline 0.003 -21"><span class='ocrx_word' id='word_1_323' title='bbox 1452 4151 1581 4213; x_wconf 85' lang='lat' dir='ltr'>tius,</span> <span class='ocrx_word' id='word_1_324' title='bbox 1600 4160 1818 4220; x_wconf 81' lang='lat' dir='ltr'>pmpter</span> <span class='ocrx_word' id='word_1_325' title='bbox 1831 4168 2055 4202; x_wconf 79' lang='lat' dir='ltr'>amorem</span> <span class='ocrx_word' id='word_1_326' title='bbox 2073 4189 2089 4214; x_wconf 93' lang='lat'>,</span> <span class='ocrx_word' id='word_1_327' title='bbox 2114 4162 2206 4200; x_wconf 83' lang='lat' dir='ltr'>aut</span> <span class='ocrx_word' id='word_1_328' title='bbox 2225 4151 2287 4200; x_wconf 79' lang='lat' dir='ltr'>ob</span> <span class='ocrx_word' id='word_1_329' title='bbox 2306 4169 2454 4202; x_wconf 86' lang='lat' dir='ltr'>amo-</span> 
     </span>
     <span class='ocr_line' id='line_1_54' title="bbox 1452 4227 2456 4282; baseline 0 -3"><span class='ocrx_word' id='word_1_330' title='bbox 1452 4246 1577 4279; x_wconf 80' lang='lat' dir='ltr'>rem.</span> <span class='ocrx_word' id='word_1_331' title='bbox 1597 4229 1762 4280; x_wconf 68' lang='lat' dir='ltr'>Giton.</span> <span class='ocrx_word' id='word_1_332' title='bbox 1786 4229 1990 4281; x_wconf 80' lang='lat' dir='ltr'>Amore.</span> <span class='ocrx_word' id='word_1_333' title='bbox 2012 4229 2229 4282; x_wconf 70' lang='lat' dir='ltr'>Senum.</span> <span class='ocrx_word' id='word_1_334' title='bbox 2249 4228 2363 4282; x_wconf 83' lang='lat' dir='ltr'>vid.</span> <span class='ocrx_word' id='word_1_335' title='bbox 2388 4227 2456 4280; x_wconf 83' lang='lat' dir='ltr'>ad</span> 
     </span>
     <span class='ocr_line' id='line_1_55' title="bbox 1453 4306 1893 4380; baseline 0.007 -22"><span class='ocrx_word' id='word_1_336' title='bbox 1453 4306 1744 4361; x_wconf 86' lang='lat' dir='ltr'>Declamat.</span> <span class='ocrx_word' id='word_1_337' title='bbox 1767 4309 1817 4374; x_wconf 86' lang='lat'>1,</span> <span class='ocrx_word' id='word_1_338' title='bbox 1842 4327 1893 4380; x_wconf 89' lang='lat'>7.</span> 
     </span>
    </p>
   </div>
   <div class='ocr_carea' id='block_1_11' title="bbox 2128 4414 2208 4467">
    <p class='ocr_par' dir='ltr' id='par_1_13' title="bbox 2128 4414 2208 4467">
     <span class='ocr_line' id='line_1_56' title="bbox 2128 4414 2208 4467; baseline 0 -20"><span class='ocrx_word' id='word_1_339' title='bbox 2128 4414 2208 4467; x_wconf 77' lang='lat'>29.</span> 
     </span>
    </p>
   </div>
  </div>
 </body>
</html>
