3200 5117
373 553 1162 576 mmmmmmm
1173 553 1352 575 mm
1361 555 1840 578 mmuaewt
1848 559 2358 582 ἏὶννὶνᾺΜἏὶἭ
2369 564 2390 580 ι
2401 565 2420 578 ι

654 787 777 880 Μ.
845 783 1196 877 FABII
1260 731 2119 900 QUINTILIANI

364 1072 2433 1270 DECLAMATIONESZ

1282 1457 1511 1496 -Χ-’Χ--Ιῆ

452 1743 469 1758 .
492 1743 507 1759 .
531 1745 546 1760 .
584 1688 1040 1761 manifestum
1061 1704 1078 1733 ¹
1129 1709 1263 1777 εει,
1310 1710 1380 1760 ct
1411 1688 1485 1759 in
1519 1687 1649 1761 hac
1687 1709 1924 1760 tamen
1960 1690 2220 1762 civitate
2255 1712 2444 1762 extra

360 1805 897 1878 controversiam
923 1806 1267 1903 praecipue
1289 1857 1307 1875 .
1333 1861 1348 1874 .
1371 1860 1385 1875 .
1422 1804 1720 1904 positum
1741 1861 1757 1875 .
1784 1860 1800 1874 .
1825 1861 1839 1876 .
1877 1831 1993 1877 eos
2018 1805 2139 1903 qui
2164 1831 2204 1876 a
2229 1833 2300 1877 se
2330 1805 2448 1876 ho-

360 1919 583 1993 mines
611 1921 877 1994 occisos
901 1946 1045 1991 esse
1067 1920 1434 2008 fateantur,
1460 1921 1674 1994 teneri
1697 1920 1871 2019 lege,
1898 1921 2020 2018 qui
2040 1920 2449 2024 ²distingues

356 2032 469 2131 igit
493 2092 508 2105 .
537 2092 550 2106 .
577 2092 594 2106 .
636 2061 713 2105 sa
732 2089 748 2106 .
776 2088 791 2105 .
820 2090 833 2104 .
862 2060 994 2106 ere.
1015 2033 1344 2106 Occidisti
1364 2034 1732 2105 adulteros.
1751 2034 1930 2124 Quis
1947 2034 2160 2131 igitur
2178 2033 2451 2105 dubitat

356 2146 475 2220 hoc
498 2150 579 2221 in
603 2148 885 2220 civitate
903 2148 1226 2247 alegibus
1245 2149 2127 2247 permissum?Adulteru1n
2148 2207 2167 2240 ,
2188 2150 2447 2246 inquit,

356 2289 512 2336 cum
529 2262 858 2337 adultera
880 2261 1117 2336 liceat³
1134 2262 1668 2352 occidere.Quid
1687 2263 1879 2333 aliud
1895 2263 2026 2333 feci
2043 2263 2069 2332 Ρ
2084 2264 2202 2333 sed
2219 2290 2358 2342 non
2377 2264 2452 2334 li-

360 2380 493 2450 cuit
528 2379 856 2453 occidere
888 2379 1049 2450 tibi:
1094 2399 1162 2450 et
1193 2379 1265 2449 in
1300 2377 1429 2449 hoc
1468 2404 1756 2452 omnem
1800 2376 2224 2448 calumniam
2257 2404 2451 2448 suam

428 2579 449 2602 “
469 2585 531 2635 ln
562 2583 675 2636 hac
712 2582 948 2635 editione
975 2584 1168 2634 veteris
1200 2600 1373 2634 exem-

363 2657 519 2728 plaris
558 2660 727 2714 fidem
756 2665 970 2733 sequuti
1002 2679 1214 2713 sumus:
1241 2660 1373 2712 nihil

366 2737 498 2792 adeo
535 2741 865 2810 conjecturis
913 2738 1096 2791 datum
1140 2751 1246 2806 est,
1284 2751 1376 2791 aut

366 2814 550 2872 alienis
566 2857 587 2885 .,
637 2833 728 2870 aut
772 2820 1001 2870 nostris:
1047 2816 1238 2889 quibus
1287 2814 1376 2867 hic

367 2912 519 2947 suum
558 2899 742 2969 potius
766 2895 945 2947 locum
974 2897 1376 2966 assignavimus,

367 2976 524 3028 simul
557 2992 612 3030 et
649 2974 1110 3029 emendationibus
1142 2993 1377 3032 errorum

368 3053 730 3125 quorumdam
753 3075 814 3108 ex
835 3056 947 3121 his,
972 3057 1065 3126 qui
1088 3058 1225 3107 inter
1248 3053 1379 3110 rele-

372 3135 606 3205 gendum
629 3149 1003 3201 occurrerunt,
1024 3138 1284 3207 praecipue
1300 3155 1382 3187 ve·

377 3231 442 3263 ro
467 3232 533 3265 ex
554 3216 974 3271 distinctionibus
990 3255 1006 3282 ‚
1033 3236 1162 3288 quas
1188 3220 1243 3268 in
1281 3218 1379 3269 hu-

368 3293 615 3360 jusmodi
634 3299 845 3366 argutiis
866 3310 987 3368 apte
1003 3309 1054 3347 et
1070 3297 1383 3347 convenien-

376 3381 469 3420 ter
480 3382 670 3423 notare
684 3390 791 3424 non
807 3374 1033 3445 cujusvis
1046 3390 1123 3427 est
1135 3374 1383 3439 hominis,

372 3464 436 3503 ut
462 3451 626 3503 facile
645 3454 818 3523 operis
843 3472 954 3506 eam
978 3454 1189 3526 culpam
1207 3455 1384 3525 ignos-

371 3548 527 3599 cam,
554 3532 606 3583 in
643 3551 777 3604 qua,
816 3546 872 3584 ut
899 3551 1080 3585 verum
1107 3535 1293 3598 fatear,
1315 3552 1383 3584 ne

372 3612 509 3664 mihi
539 3612 752 3685 quidem
777 3615 892 3685 ipse
914 3616 1174 3666 satisfeci:
1209 3615 1385 3665 omnia

374 3708 573 3748 notare
591 3714 689 3747 nec
709 3699 943 3760 animus,
957 3715 1057 3749 nec
1079 3699 1245 3749 otium
1262 3698 1383 3751 fuit.

374 3776 595 3830 Dabunt
608 3780 814 3831 veniam
823 3780 960 3851 aequi
969 3778 1213 3841 lectores,
1226 3780 1385 3830 immo

373 3869 429 3907 et
456 3858 682 3926 gratiam
712 3856 778 3909 de
800 3857 1061 3909 beneficio
1085 3856 1383 3910 habebunt:

375 3951 601 3990 ceteros
631 3938 762 3990 nihil
786 3955 1074 3991 moramur.
1102 3939 1235 3991 mud
1264 3957 1388 3991 vero

372 4015 672 4067 admonere
726 4019 893 4069 visum
941 4031 1019 4069 est
1036 4057 1053 4078 .,
1108 4019 1159 4069 in
1206 4019 1395 4069 veteris

375 4094 699 4165 exemplaris
738 4098 890 4148 initio
942 4115 1101 4147 unam
1155 4110 1357 4147 tantum
1379 4133 1396 4162 ‚

374 4188 478 4225 aut
497 4173 715 4226 alteram
734 4177 987 4248 paginam
1014 4172 1362 4226 desideratum
1378 4212 1395 4240 ‚

1452 2582 1824 2636 clamationum
1865 2581 1934 2638 ad
1968 2582 2124 2634 finem
2156 2579 2454 2653 adscriptus

1452 2683 1701 2716 numerus
1730 2667 1855 2716 satis
1876 2677 2118 2732 arguunt.
2147 2664 2351 2714 Novem
2371 2677 2452 2714 ta-

1454 2760 1572 2794 men
1615 2742 1854 2793 nondum
1895 2741 2152 2793 hactenus
2195 2740 2454 2792 editarum

1458 2838 1597 2871 nova
1621 2822 1857 2873 accessio
1879 2818 1944 2871 tle
1963 2817 2209 2890 reliquis,
2227 2838 2360 2890 quas
2374 2823 2456 2870 iu-

1456 2895 1727 2955 tercidissc
1751 2897 2021 2960 dolemu8‚
2047 2917 2195 2968 spem
2219 2899 2458 2950 fortassis

1459 2997 1567 3030 non
1603 2997 1796 3031 vanam
1832 2978 2039 3050 cupidis
2077 2997 2258 3031 earnm
2295 2976 2455 3029 dabit.

1461 3060 1602 3110 I‘rm.

1540 3154 1580 3186 1.
1650 3134 2007 3205 Manifestum.
2079 3138 2461 3205 Argumentum

1463 3217 1598 3267 forte
1628 3214 1898 3266 habuerit:
1925 3213 2281 3285 Imprudentis
2309 3216 2463 3268 caedis

1461 3295 1741 3348 damnatus
1784 3295 2203 3366 quinquennium
2247 3295 2465 3347 exsulet.

1463 3374 1776 3426 Adulterum
1803 3393 1924 3430 cnm
1948 3371 2188 3425 adultera
2206 3373 2363 3426 liceat
2383 3393 2468 3425 oc·

1465 3454 1660 3507 cidere.
1677 3455 1783 3520 Qui
1796 3452 2141 3526 imprudenti-s
2156 3452 2312 3506 cadis
2328 3453 2470 3505 dam-

1464 3547 1620 3584 natus
1637 3546 1768 3596 erat,
1779 3533 1832 3582 in
1844 3531 2026 3587 exsilio
2038 3531 2234 3584 audivit
2252 3550 2470 3584 uxorem

1466 3631 1613 3665 suam
1649 3611 1958 3663 adulterari:
1990 3611 2205 3662 domum
2231 3631 2472 3665 reversus

1464 3689 1822 3762 deprehensos
1849 3688 2046 3742 occidit
2071 3712 2081 3739 :
2117 3705 2239 3742 reus
2264 3703 2342 3741 est
2376 3707 2470 3741 cffi—

1467 3770 1563 3823 dis.
1591 3773 1810 3824 Senon.

1544 3869 1589 3902 2.
1616 3851 1716 3921 Qui
1738 3850 2033 3923 distingues.
2057 3851 2241 3915 Forte,
2265 3851 2359 3922 qui
2379 3851 2474 3903 ‹lis-

1470 3933 1672 4003 tinques
1709 3931 1882 4002 ἐρίων,
1922 3929 2018 4000 qui
2032 3927 2204 3998 fatere
2240 3929 2473 3983 occidisse

1473 4009 1744 4063 adulteros.
1761 4008 2263 4078 Senum.-Bip0nt.
2287 4009 2367 4062 ed.
2394 4012 2477 4061 in-

1475 4091 1738 4159 teu-pungit
1770 4088 1893 4160 leqe.
1922 4086 2028 4158 qui.
2052 4088 2140 4138 En.

1547 4170 1596 4221 3.
1629 4171 1802 4220 Liceat
1837 4168 2078 4220 occidere.
2105 4168 2289 4233 Forte,
2323 4169 2473 4221 licet.-

378 4251 538 4323 quod
559 4265 610 4306 ct
631 4255 1043 4323 quaternionum
1065 4254 1210 4326 signa
1227 4266 1278 4305 et
1298 4255 1399 4305 Dc-
1474 4248 1585 4303 haec
1612 4269 1638 4302 a
1666 4264 1815 4324 parte
1836 4250 2015 4304 altera.
2044 4251 2274 4302 Senum:
