3200 5117
750 559 835 648 96
1252 553 1342 620 Μ.
1392 555 1640 619 ΡΑΒΙι
1687 557 2324 640 QUINTlLlAM

748 703 1177 754 remanerem
1199 734 1218 767 ‚
1256 700 1333 750 ut
1363 703 1579 750 essem
1608 676 2008 750 vobiscum:
2047 678 2167 750 scd
2203 700 2278 751 ut
2315 679 2684 779 probarem
2719 710 2834 755 me

744 799 1188 870 innocentem
1207 850 1226 882 ‚
1254 792 1427 863 nihil
1451 814 1688 865 contra
1711 794 2006 892 patriam
2038 821 2272 865 meam
2296 822 2440 868 esse
2466 795 2831 869 molitum:

745 934 812 984 et
852 936 1041 982 nunc
1081 935 1222 981 non
1263 927 1362 979 est
1393 907 1587 998 satiS,
1625 907 1678 980 si
1718 908 1897 980 mihi
1938 908 2333 1007 ignovistis‚
2369 911 2426 982 si
2464 937 2576 982 me
2615 911 2833 982 civem

744 1049 1043 1100 vestrum
1090 1022 1370 1124 publica
1421 1024 1785 1095 necessitas
1830 1023 2017 1095 fecit.
2075 1026 2224 1122 Ego
2272 1052 2427 1097 vero
2478 1026 2535 1098 si
2587 1025 2832 1098 merito

745 1144 1114 1215 damnatus
1140 1166 1298 1211 sum
1320 1195 1338 1226 ‚
1374 1138 1428 1211 si
1457 1138 1629 1237 quid
1661 1139 1796 1210 tale
1816 1196 1834 1229 ,
1870 1139 2075 1235 quale
2109 1161 2349 1212 contra
2375 1169 2488 1213 mc
2519 1169 2837 1241 pronun-

744 1259 998 1331 ciatum
1027 1275 1163 1344 est,
1197 1252 1369 1339 feci;
1412 1279 1555 1324 non
1596 1272 1754 1323 utor
1794 1252 1919 1323 isto
1953 1252 2342 1325 beneficio:
2387 1282 2530 1326 non
2572 1279 2672 1328 est
2703 1283 2830 1355 pro

747 1399 900 1462 me,
934 1369 1054 1443 sed
1086 1389 1186 1440 est
1211 1393 1337 1466 pro
1368 1366 1666 1439 civitate.
1701 1365 2085 1439 Homicidii
2119 1367 2524 1462 damnatus,
2560 1369 2832 1444 etiamsi

743 1490 989 1564 merito
1029 1485 1412 1574 exsulabat,
1456 1484 1513 1556 si
1558 1504 1913 1558 revocatus
1951 1505 2093 1575 est,
2141 1507 2366 1584 potest
2404 1487 2491 1558 de
2533 1514 2615 1559 eo
2653 1487 2827 1571 dici,

744 1606 907 1680 satis
945 1602 1137 1678 dedit
1173 1625 1535 1700 poenarum
1574 1627 1590 1671 z
1633 1599 1767 1671 alia
1793 1599 2046 1672 scelera
2076 1601 2292 1673 finem
2325 1601 2829 1701 suppliciorum

740 1719 1298 1819 acceperint.Vos
1312 1714 1733 1815 proditorem
1752 1713 1822 1786 in
1841 1714 2105 1788 civitate
2123 1714 2358 1788 sinetis
2373 1714 2552 1788 esse?
2579 1717 2827 1807 Quum

741 1839 938 1911 toties
965 1835 1150 1907 bella
1185 1831 1648 1904 interveniant
1684 1833 1854 1927 (non
1890 1832 2048 1904 dico
2082 1831 2168 1904 de
2192 1852 2492 1904 extremo
2522 1831 2643 1904 illo
2678 1833 2826 1904 dis-

740 1951 1062 2046 crimine)
1102 1947 1368 2021 tantine
1401 1967 1505 2019 est
1536 1967 1762 2018 metus
1798 1947 2221 2045 quisquam?
2249 1968 2391 2019 toto
2424 1946 2660 2019 animo
2698 1947 2828 2019 ad·
2886 2003 2890 2008 .

741 2095 970 2141 versus
1003 2066 1271 2138 hostem
1313 2062 1485 2150 nisi,
1520 2089 1667 2134 non
1697 2063 2114 2161 respicietis?
2150 2091 2293 2137 non
2334 2064 2829 2164 expavescens?

743 2204 844 2258 est
895 2207 1018 2282 pro
1070 2177 1445 2278 republica.
1500 2177 1637 2250 Sed
1683 2179 2094 2251 accusatoris
2135 2179 2306 2278 quid
2352 2179 2670 2252 interest?
2711 2201 2828 2251 aut

741 2296 916 2398 quid
941 2316 1074 2384 est,
1113 2321 1237 2365 cur
1272 2292 1615 2391 iniquiore
1654 2292 2053 2364 conditione
2089 2292 2395 2368 dicturus
2424 2320 2581 2365 sum
2616 2293 2825 2365 hodie

740 2438 1053 2499 causam,
1081 2435 1295 2507 quam
1321 2429 1519 2478 antea
1542 2406 1723 2478 dixi?
1750 2428 1902 2479 tum
1929 2407 2266 2479 detulerat
2290 2434 2486 2495 eum,
2515 2407 2626 2479 cui
2648 2406 2824 2478 nihil

742 2528 948 2629 objici
985 2546 1256 2624 posset:
1300 2522 1509 2595 hodie
1549 2522 1771 2594 defert
1814 2522 2246 2595 damnatum.
2283 2526 2432 2594 Hoc
2470 2523 2544 2594 in
2581 2523 2824 2621 primis

741 2644 918 2715 mihi
953 2642 1267 2744 objiciet,
1305 2638 1495 2738 quod
1525 2660 1766 2712 contra
1799 2666 1913 2711 me
1941 2640 2312 2711 sententias
2347 2638 2626 2711 tulerint
2658 2664 2824 2709 san-

739 2758 1023 2830 ctissimi
1046 2755 1352 2857 judices,
1383 2756 1572 2854 quod
1605 2756 2034 2855 proditorem
2071 2784 2185 2832 me
2222 2783 2364 2830 esse
2397 2758 2823 2857 pronuncia-

737 2875 991 2948 verint:
1016 2873 1324 2977 objiciat,
1348 2894 1415 2944 et
1428 2873 1524 2945 sic
1542 2872 1941 2946 defendam.
1968 2875 2055 2946 Et
2073 2901 2163 2954 ne
2183 2875 2341 2973 quis
2362 2901 2508 2964 me,
2520 2873 2821 2975 judices,

738 2990 831 3063 sic
855 2988 1127 3076 audiat,
1150 3004 1507 3087 tamquam
1535 3014 1663 3088 ego
1689 2989 1774 3060 de
1804 2988 1912 3068 his
1942 3015 2210 3088 querar,
2237 2989 2356 3086 qui
2394 2988 2818 3087 pronuncia-

622 3191 629 3196 ·
739 3125 1026 3176 verunt:
1063 3102 1119 3173 si
1151 3102 1332 3174 istud
1359 3101 1777 3175 invidiosum
1803 3101 2163 3202 judicibus
2192 3123 2399 3190 esset,
2424 3122 2691 3200 poterat
2715 3101 2820 3173 vi—

739 3220 884 3290 deri
932 3244 1075 3290 non
1125 3216 1473 3288 immerito
1514 3218 1801 3317 proemio
1844 3244 2004 3291 meo
2049 3217 2296 3315 aliquis
2335 3219 2600 3291 obstare
2639 3245 2653 3288 :
2699 3216 2821 3290 sed

738 3360 881 3406 non
907 3360 1177 3432 semper
1188 3332 1515 3434 judicum
1541 3332 1747 3431 culpa
1766 3354 1900 3421 est,
1928 3359 2150 3432 quum
2177 3331 2510 3405 innocens
2534 3334 2823 3406 damna-

735 3470 845 3520 tus
866 3448 1028 3519 erit:
1050 3447 1425 3545 aliquando
1446 3445 1632 3518 testis
1652 3448 2151 3546 corrumpitur:
2176 3448 2555 3547 aliquando
2571 3474 2817 3547 parum
2907 3501 2914 3508 -

737 3563 1102 3661 diligenter
1121 3587 1326 3633 causa
1346 3560 1781 3633 defenditur:
1811 3560 2193 3657 aliquando
2214 3590 2330 3635 reo
2355 3584 2557 3637 nocet
2580 3583 2644 3633 et
2668 3563 2816 3658 ipsa

736 3678 1016 3752 fiducia.
1039 3677 1271 3749 Vultis
1294 3677 1464 3750 scire
1499 3676 1632 3749 hoc
1665 3705 1809 3750 non
1846 3677 2189 3776 pertinere
2213 3681 2299 3752 ad
2316 3680 2644 3783 judicum
2677 3704 2816 3775 pu·-

736 3792 1019 3867 dorem?
1051 3819 1259 3866 nemo
1292 3793 1730 3884 contradicit,
1765 3793 1899 3865 nisi
1932 3815 2306 3867 accusator.
