3200 5117
749 518 878 587 330
1156 587 1170 608 ἱ
1249 516 1342 580 Μ.
1389 514 1643 580 FABII
1688 513 2327 596 QUINTILIANI

746 642 880 713 hoc
911 638 1144 738 ipsum
1176 657 1550 736 repugnat,
1579 637 1769 736 quod
1802 637 1890 709 ab
1924 659 2309 714 accusatore
2342 665 2468 737 pro
2501 639 2842 739 potentis-

748 757 925 830 simo
953 756 1259 856 ponitur,
1285 753 1476 852 quod
1503 753 1581 826 in
1604 753 1927 827 cubiculo
1949 780 2075 830 suo
2099 755 2362 828 occisus
2390 775 2523 845 est,
2546 757 2738 854 quod
2764 757 2841 829 in

748 873 924 947 lecto
959 870 1128 943 suo?
1154 869 1332 944 nihil
1354 870 1594 944 minus
1623 870 2085 952 commisisset
2112 898 2592 971 percussurus,
2621 898 2842 971 quam

748 1010 830 1062 ut
850 988 981 1061 hoc
1007 987 1073 1060 ei
1102 987 1534 1090 objiceretur.
1565 990 1895 1060 Latrones
1923 986 2131 1086 longe
2158 1015 2200 1060 a
2227 986 2672 1088 receptaculis
2698 990 2843 1063 suis
2916 1073 2923 1080 ,

750 1103 1085 1204 spoliant:
1118 1104 1422 1175 ferarum
1447 1102 1919 1202 quarumdam
1945 1102 2199 1175 dicitur
2222 1102 2369 1178 haeo
2392 1129 2533 1176 esse
2562 1124 2841 1196 natura,

751 1242 833 1296 ut
876 1219 1120 1319 procul
1166 1245 1208 1291 a
1253 1217 1603 1296 cubilibus
1645 1219 1930 1318 rapiant.
1977 1221 2287 1292 Fratrem
2334 1219 2721 1296 discordem
2763 1220 2842 1293 in

753 1334 964 1408 domo
982 1393 1002 1426 ,
1029 1334 1102 1406 in
1132 1332 1452 1410 cubiculo
1482 1333 1770 1424 occidit,
1801 1354 1880 1406 ut
1909 1334 2033 1433 qui
2054 1356 2259 1433 neget
2278 1334 2343 1405 ¹?
2371 1335 2505 1407 Sed
2536 1361 2627 1408 ne
2652 1334 2844 1434 apud

752 1451 986 1552 ipsum
1019 1449 1306 1549 quidem
1344 1468 1809 1524 accusatorem
1849 1450 1955 1521 hae
1992 1475 2210 1522 causae
2250 1450 2408 1522 satis
2439 1448 2842 1524 valuerunt:

753 1590 985 1665 neque
1012 1565 1203 1637 enim
1233 1566 1409 1638 servi
1437 1565 1808 1664 torquendi
1842 1564 2017 1640 ratio
2050 1585 2229 1654 erat,
2263 1565 2320 1636 si
2354 1564 2592 1637 fecisse
2618 1563 2844 1638 filium

758 1682 1256 1755 existimarem:
1299 1681 1587 1754 desinite
1631 1708 1793 1782 ergo
1830 1681 1964 1754 hoc
1999 1682 2100 1756 uti
2140 1701 2550 1780 argumento
2572 1738 2591 1772 ,
2633 1700 2701 1752 et
2730 1705 2843 1752 me

757 1818 1004 1871 testem
1027 1798 1234 1868 citare
1264 1816 1499 1868 contra
1523 1821 1687 1870 eum
1702 1851 1721 1885 ,
1743 1795 1866 1893 qui
1895 1794 2315 1868 defenditur.
2336 1795 2628 1867 Servum
2649 1792 2844 1865 tomi:

757 1911 915 2011 quis
951 1911 1169 1985 nescit
1198 1910 1332 1984 hoc
1365 1908 1676 1983 accidere
1708 1909 1884 1982 nihil
1923 1908 2305 1984 indicanti?
2340 1935 2615 1982 servum
2647 1907 2847 1997 torsi,

755 2025 1278 2128 cubicularium
1307 2025 1492 2126 ejus,
1526 2025 1652 2123 qui
1686 2024 1954 2098 occisus
1987 2044 2126 2098 est:
2164 2022 2345 2096 nihil
2378 2023 2450 2095 in
2481 2049 2669 2096 servo
2698 2048 2852 2094 sus—

758 2139 1025 2240 picatus
1056 2166 1216 2212 sum
1248 2139 1533 2213 alterius
1562 2138 1715 2210 filii.
1754 2142 1899 2210 Nec
1926 2158 2148 2237 potest
2182 2138 2364 2211 mihi
2398 2136 2605 2237 objici
2637 2136 2856 2236 negli-

759 2254 997 2354 gentia
1029 2253 1469 2352 quaestionis3
1508 2254 1788 2354 quaesivi
1832 2252 2063 2328 enim:
2103 2280 2233 2326 nec
2267 2253 2341 2326 in
2381 2254 2513 2326 hac
2554 2252 2859 2352 diligen-

760 2369 864 2442 tia
882 2383 934 2461 ²,
979 2369 1276 2468 suspicio
1318 2369 1642 2442 adversus
1682 2368 1913 2464 filium
1948 2369 2127 2444 alia:
2168 2368 2315 2468 ipse
2358 2368 2648 2443 demum
2671 2424 2691 2458 ,
2733 2367 2855 2464 qui

763 2504 910 2562 erat
935 2511 1300 2585 percussus
1318 2541 1337 2577 ,
1368 2484 1675 2583 quaesivi.
1705 2484 1901 2576 Quid
1926 2512 2087 2584 ergo
2106 2541 2125 2576 ‚
2155 2485 2420 2583 inquit,
2448 2485 2522 2557 in
2550 2505 2854 2556 tormen-

764 2600 852 2674 tis
872 2601 1222 2676 confessus
1243 2600 1387 2674 est?
1409 2601 1588 2676 dura
1607 2620 1709 2674 est
1725 2599 2024 2676 conditio
2046 2597 2587 2697 interrogationis
2607 2595 2814 2694 hujus
2827 2650 2846 2683 ,

766 2741 993 2812 quum
1030 2714 1105 2786 id
1137 2714 1496 2813 quaeritur,
1529 2714 1721 2813 quod
1759 2714 1815 2795 si
1857 2713 2309 2814 respondeas,
2340 2708 2847 2796 nonfereditur.

768 2828 895 2900 Vis
918 2827 1137 2920 enim,
1161 2849 1720 2920 accusator‚·voce
1749 2855 1911 2903 mea
1932 2829 2128 2904 stari?
2148 2829 2249 2903 vis
2266 2825 2538 2902 credere
2557 2821 2855 2925 judices,

770 2942 1115 3042 quidquid
1147 2943 1606 3043 respondero?
1634 2943 1756 3026 das
1783 2944 1995 3017 etiam
2024 2943 2200 3020 mihi
2236 2939 2550 3043 fingendi
2575 2940 2861 3013 liberta-

687 3071 694 3077 '
768 3079 943 3131 tem:
970 3080 1247 3159 propter
1261 3058 1393 3132 hoc
1417 3060 1653 3159 ipsum
1671 3060 1963 3159 perdam
1985 3086 2261 3134 necesse
2282 3079 2384 3134 est
2398 3058 2649 3145 fidem,
2670 3054 2858 3153 quod

772 3172 949 3246 mihi
986 3173 1208 3248 dicere
1242 3173 1434 3267 licet,
1468 3174 1818 3275 quidquid
1842 3175 2145 3254 voluero.
2179 3178 2262 3249 ln
2292 3171 2496 3263 alia-³,
2532 3172 2858 3269 inquam,

853 3373 898 3408 1.
948 3359 1018 3411 Ut
1055 3362 1150 3432 qui
1185 3371 1350 3434 »ιε-981.
1396 3361 1677 3415 AErodius:
1722 3372 1785 3414 ut
1864 3363 1966 3434 Qui
1985 3360 2301 3435 defenditur.
2332 3361 2439 3432 Qui
2459 3377 2597 3411 ame
2617 3356 2723 3428 def.
2755 3355 2860 3408 AEr.

777 3438 917 3492 nihil
942 3453 1106 3513 neget.
1143 3441 1288 3496 Idem
1313 3460 1501 3497 sensns
1529 3445 1583 3495 in
1618 3442 1781 3495 altero
1935 3462 1984 3497 α.
2002 3445 2116 3497 Nec
2137 3444 2195 3496 in
2219 3445 2316 3497 hac
2336 3441 2626 3516 diligentia.
2647 3443 2761 3504 An,
2781 3436 2865 3490 sed

779 3518 1117 3588 θξῑῐῦὶῦὶῑίθῑθ
1158 3539 1350 3591 genere
1387 3520 1660 3591 loquendi.
1698 3520 1783 3574 Sic
1863 3541 1958 3576 nec
2001 3524 2060 3575 in
2104 3523 2202 3575 hac
2248 3520 2617 3594 indiligentia,
2665 3514 2863 3570 Schult.

778 3599 888 3654 Liv.
905 3595 997 3649 lib.
1016 3599 1132 3664 XL,
1152 3600 1244 3652 13:
1266 3602 1538 3666 «Venena,
1558 3597 1784 3671 gladios,
1862 3629 1936 3643 --
1955 3598 2408 3674 Advenusfilium
2428 3596 2557 3650 alia.
2583 3594 2867 3648 Adversum

787 3702 809 3726 κ
829 3678 1131 3733 volutabam
1164 3681 1217 3732 in
1252 3682 1458 3738 animo:
1492 3695 1554 3734 ut
1587 3678 1783 3754 quibus
1850 3679 2037 3754 filium
2053 3677 2252 3745 alium,
2274 3681 2446 3751 ipsum
2462 3674 2746 3747 eniou‚qm‘
2762 3681 2870 3725 erat

787 3784 810 3808 ιι
831 3760 944 3814 aliis
968 3759 1160 3813 deinde
1183 3764 1348 3814 sacris
1372 3762 1786 3818 contaminatam
1861 3778 2141 3832 peoeumr,
2157 3759 2390 3833 quesivi,
2404 3756 2517 3824 vel,
2531 3752 2870 3822 extpsoenim

788 3861 810 3885 α
831 3842 977 3892 omni
990 3838 1185 3893 scelere
1198 3853 1427 3898 mentem
1442 3841 1739 3912 expiat-em?
1757 3863 1779 3886 s·
1865 3859 1917 3913 q.
1941 3857 1984 3891 e.
2002 3838 2324 3912 pamm-is,
2343 3857 2396 3910 q.
2416 3834 2618 3890 Schult.
2636 3833 2759 3905 Ipse
2776 3830 2870 3882 de·-

783 3920 896 3973 Lib.
913 3923 1093 3990 XLIV,
1109 3923 1207 3994 39:
1231 3946 1253 3969 α
1269 3922 1394 3976 Sine
1407 3921 1516 3976 ulla
1527 3921 1654 3976 sede
1667 3923 1787 3993 vagi
1867 3936 2014 3972 mum
2037 3917 2296 3991 quomodo
2314 3925 2429 3968 emt
2443 3928 2703 3987 percussus
2722 3922 2867 3982 ‹7¹⁸ae-

792 4022 814 4050 «
834 4001 1225 4058 dimicassemus
1243 4042 1261 4062 ..
1303 4015 1364 4056 ut
1410 4022 1518 4075 quo
1562 4005 1788 4056 victores
1866 3998 1991 4063 sivi,
2014 3996 2285 4052 Francius.
2300 3995 2451 4046 -Ιιι
2471 3988 2747 4045 tementis.
2766 3985 2868 4036 De-

794 4100 816 4124 ·
835 4099 934 4133 nos
959 4081 1531 4155 reciperemus?Gnon.
1557 4082 1790 4146 Occidit,
1871 4088 1997 4129 sunt
2019 4074 2201 4127 AErod.

791 4157 863 4210 aa
894 4161 1007 4231 quis
1038 4163 1224 4233 neget?
1249 4161 1467 4215 Senum.
1496 4191 1568 4202 -
1599 4158 1793 4214 νεικε-
1921 4151 1995 4206 ·3.
2029 4143 2097 4212 Ιῖιι
2126 4151 2254 4206 alia.
2291 4152 2357 4205 tn
2388 4149 2580 4214 aliam,
2614 4148 2871 4214 iuquam·

792 4248 926 4288 runt.
972 4238 1156 4292 Valere
1193 4250 1472 4308 poterunt,
1507 4237 1686 4292 AErod.
1723 4265 1794 4280 --
1869 4243 2088 4305 partem.
2121 4232 2339 4288 scum.
