3200 5117
740 588 1572 656 DECLAMATIONES.
1622 590 2063 657 CCCXLIX.
2315 595 2439 681 437

358 712 612 811 siquid
640 712 1000 810 superbae
1021 725 1040 755 ¹
1080 709 1418 782 momenti
1449 711 1729 783 fortuna
1766 735 2062 810 praesens
2084 703 2443 814 judici'um

356 827 603 918 habet,
634 853 952 901 accusare
977 853 1142 899 eum
1162 884 1180 917 ‚
1211 826 1333 926 qui
1363 828 1748 900 exorandus
1770 829 1898 901 sit:
1936 854 2079 900 non
2111 850 2212 901 est
2237 830 2449 927 igitur

359 941 745 1014 dementia:
789 968 919 1013 nec
961 942 1166 1012 refert
1206 939 1293 1011 ad
1331 968 1627 1040 praesens
1655 941 2050 1044 judicium,
2090 969 2317 1043 neque
2354 943 2446 1015 ad

356 1079 647 1131 vestram
677 1057 1365 1157 pronunciationem,
1402 1085 1492 1129 an
1523 1085 1651 1157 ego
1687 1058 1899 1131 durus
1939 1080 2153 1157 pater,
2191 1087 2278 1132 an
2315 1088 2443 1166 ego

358 1173 660 1245 nimium
696 1199 968 1246 severus
1002 1201 1017 1244 ε
1064 1199 1208 1245 non
1246 1172 1333 1244 de
1361 1172 1491 1244 hoc
1519 1173 1851 1271 quaeritur
1883 1202 1897 1245 :
1933 1174 2093 1246 satis
2126 1196 2260 1265 est,
2298 1202 2446 1248 non

356 1314 499 1361 esse
521 1290 887 1362 furiosum.
922 1291 1087 1386 Non
1113 1313 1315 1359 exoro
1344 1307 1410 1359 te
1430 1344 1449 1376 ,
1486 1287 1750 1385 inquit,
1790 1314 2013 1387 quum
2043 1290 2394 1388 rapuerim
2421 1317 2442 1362 ε

356 1404 664 1477 miraris?
684 1405 818 1478 hoc
846 1404 1041 1477 enim
1066 1424 1200 1493 est,
1225 1402 1417 1500 quod
1443 1422 1508 1475 te
1535 1402 1610 1474 in
1635 1402 1767 1474 hoc
1793 1404 2187 1503 impulerit:
2216 1404 2448 1478 adhuc

354 1518 527 1618 quid
567 1518 845 1609 feceris,
890 1518 1130 1590 nescis.
1178 1519 1340 1589 Non
1393 1513 1748 1608 dico‘illa³
1793 1544 1949 1614 quae
1988 1518 2272 1590 fortasse
2314 1517 2444 1590 tibi

355 1633 613 1705 leviora
642 1631 1028 1718 videantur,
1062 1656 1217 1728 quae
1258 1628 1346 1701 ad
1380 1629 1745 1701 materiam
1781 1630 2170 1729 pertinent:
2205 1634 2445 1730 Expu-

357 1747 578 1845 gnasti
613 1746 943 1838 domum,
978 1765 1049 1817 et
1067 1744 1354 1843 virginis
1387 1765 1785 1843 praetextam
1819 1745 2107 1835 scidisti,
2143 1767 2214 1818 et
2245 1747 2446 1845 puel-

358 1864 503 1936 lam
538 1888 754 1959 usque
787 1861 861 1933 in
895 1887 1046 1932 eam
1084 1859 1418 1962 injuriam
1454 1859 1710 1939 traxisti
1734 1917 1753 1950 ‚
1789 1888 1930 1959 qua
1961 1860 2141 1937 nihil
2173 1863 2446 1959 gravius

355 1975 543 2049 bella·
568 1975 849 2048 habent.
884 1978 994 2047 Tu
1014 2032 1034 2066 ,
1067 1975 1188 2075 qui
1222 1974 1296 2047 in
1335 1974 1405 2046 id
1434 1996 1497 2046 te
1527 1975 1924 2074 periculum
1958 1975 2332 2065 demisisti,
2366 1998 2446 2049 ut

357 2091 482 2164 tibi
525 2091 910 2164 exorandus
948 2111 1128 2164 esset·
1153 2110 1371 2189 pater3
1403 2091 1714 2182 miraris,
1747 2090 1937 2189 quod
1979 2116 2124 2161 non
2159 2089 2446 2164 exorasti

358 2205 669 2304 patrem?
700 2207 769 2278 Si
800 2205 1149 2278 incidisses
1180 2205 1253 2276 iu
1290 2205 1901 2278 illos-felicioribus
1928 2204 2178 2277 seculis
2206 2226 2443 2297 natos,

357 2348 523 2392 cum
557 2321 811 2421 quibus
840 2321 1054 2393 virtus
1092 2319 1315 2419 magis
1347 2347 1727 2392 commune
1770 2319 2041 2391 bonum
2076 2339 2252 2411 erat,
2296 2346 2444 2394 non

357 2455 853 2533 exspectassent
906 2436 1134 2534 legem
1167 2491 1187 2525 ,
1248 2459 1391 2507 non
1457 2453 1958 2533 exspectassent
2015 2432 2441 2506 tricesimum

358 2549 545 2623 diem
562 2564 614 2622 ².
643 2554 850 2623 Nunc
875 2577 990 2622 me
1014 2549 1261 2622 merito
1287 2548 1712 2621 contemnis:
1745 2547 2032 2622 flentem
2061 2548 2443 2646 aliquando

354 2663 580 2737 vidisti
613 2691 627 2735 :
672 2691 815 2737 non
853 2663 1139 2737 auderes
1172 2690 1494 2737 accusare
1530 2684 1841 2764 patrem,
1873 2662 1931 2735 si
1963 2662 2259 2736 timeres.
2289 2665 2399 2735 Tu
2419 2721 2441 2756 ,

356 2780 413 2851 si
457 2780 811 2853 incidisses
857 2781 927 2852 in
974 2781 1218 2874 illum,
1267 2779 1388 2879 qui
1432 2780 1749 2882 laudatas
1797 2779 1921 2851 filii
1962 2780 2069 2851 sui
2105 2777 2443 2853 ³cervices

432 2948 477 2982 1.
514 2933 588 2984 Et
620 2934 664 2988 si
693 2934 825 3007 quid
854 2954 1010 3008 supra
1041 2935 1152 2990 hac.
1189 2937 1356 3008 Lege,

356 3008 464 3075 Ac,
482 3010 525 3062 si
540 3012 668 3083 quid
685 3031 838 3084 super
858 3015 955 3067 hoc
976 3017 1227 3068 momenti
1238 3016 1357 3087 for-

357 3090 505 3142 mula
525 3094 988 3168 proesentisjndicii
1009 3094 1184 3163 habet,
1208 3115 1358 3150 accu—

355 3186 433 3220 sas
467 3185 622 3235 eum,
658 3185 758 3223 otc.
798 3173 877 3225 Ita
913 3186 1099 3227 contra
1128 3175 1356 3246 fortuna

355 3268 457 3321 pro
481 3251 733 3319 formula,
758 3254 1048 3308 Declamat.
1071 3254 1352 3309 COCXLII.

353 3330 569 3384 Senum.
593 3332 764 3404 Supra
789 3332 915 3401 hoc,
932 3332 1134 3387 AErodii
1153 3332 1282 3387 edit.
1304 3348 1357 3388 et

355 3411 423 3465 al.
446 3414 613 3486 Super
629 3412 755 3479 hac,
779 3414 907 3469 obr.

427 3508 476 3542 2.
503 3493 629 3545 Non
651 3505 1015 3565 exspectassent
1042 3494 1354 3570 triqesimmn

356 3568 510 3621 diem.
531 3571 660 3639 Quae
676 3590 825 3624 mora
845 3572 916 3624 ob
939 3573 1180 3628 duriores
1205 3589 1257 3628 et
1280 3595 1357 3629 se·

357 3650 583 3701 veriores
619 3663 795 3721 patres
826 3649 941 3724 lege
974 3672 1225 3706 concessa
1247 3692 1264 3720 ,
1296 3667 1356 3707 ut

354 3725 459 3780 hoc
482 3728 753 3780 intervallo
782 3731 1015 3784 mitiores
1042 3731 1172 3783 fiant
1198 3745 1247 3783 et
1272 3732 1357 3783 in·-

355 3806 725 3877 dulgentiores.
750 3811 931 3862 AEuon.

426 3886 478 3938 3.
508 3886 614 3955 Qui
635 3884 871 3941 laudatas
877 3886 997 3962 filii
1023 3890 1106 3942 sui
1123 3890 1353 3942 cervices.
1386 3959 1392 3966 ⁸

352 3968 469 4018 Nic.
497 3965 671 4018 Faber
694 3969 926 4034 mavult,
960 3969 1228 4024 laureatas.
1257 3971 1355 4023 Cui

351 4050 554 4120 optimo
590 4061 643 4100 et
674 4051 991 4103 amicissimo
1023 4053 1135 4103 viro
1167 4050 1356 4105 lubens

352 4126 628 4179 assentior.
654 4128 799 4179 Prrn.
824 4128 1070 4195 Brutum,
1087 4129 1354 4195 Cassium,

352 4203 713 4258 posthumium
747 4205 1061 4273 Tiburtum,
1097 4206 1353 4260 Manlium

352 4283 715 4358 Torquatum,
756 4286 953 4341 Aulum
988 4287 1227 4346 Fulvium
1246 4329 1263 4358 ‚
1302 4302 1357 4342 et

1437 2936 1569 2990 alios
1604 2936 1842 3008 ejusdem
1873 2948 2009 2988 notae
2042 2933 2333 2988 severitatis
2360 2933 2447 2985 in-

1436 3015 1639 3087 telligit.
1691 3018 1872 3068 AEnon.
1923 3013 2150 3066 Laudati
2178 3009 2299 3083 filia·
2341 3012 2437 3064 sut'.

1437 3096 1658 3148 Senum.
1689 3096 1982 3148 Laudatam
2009 3092 2062 3164 f.
2096 3112 2134 3146 s.
2162 3092 2441 3161 cervicem,

1434 3178 1704 3229 francias.
1725 3174 1828 3227 Sed
1848 3174 2073 3227 taudatoe
2090 3174 2307 3227 cervices
2322 3191 2443 3243 pos-

1435 3267 1560 3306 sunt
1585 3255 1778 3326 exponi
1805 3251 2055 3325 pulchrae.
2084 3250 2236 3305 ovid.
2272 3253 2437 3323 Epist.

1433 3336 1581 3402 XVI,
1611 3335 1701 3387 131
1725 3356 1737 3386 :
1765 3333 1866 3387 Sed
1889 3332 2018 3385 mihi
2045 3331 2312 3385 laudatam
2339 3348 2438 3384 cu·-

1443 3440 1464 3463 ι
1484 3418 1652 3490 pienti
1700 3433 1917 3468 cernere
1965 3414 2226 3478 formam,
2278 3425 2380 3466 etc.
2406 3435 2433 3463 n

1432 3495 1551 3547 Vid.
1588 3495 1767 3547 Heius.
1803 3491 1873 3545 ad
1902 3491 2056 3546 Ovid.
2088 3493 2216 3545 Met.
2240 3494 2305 3558 V,
2335 3491 2432 3562 59:

1434 3577 1535 3629 nisi
1559 3574 1648 3627 hic
1676 3593 1774 3647 pro
1803 3574 1928 3626 olim
1952 3571 2175 3627 laudatis
2191 3610 2209 3640 ,
2234 3572 2305 3625 ob
2331 3574 2437 3625 vir-

1434 3670 1602 3710 tutem
1617 3669 1667 3710 et
1682 3654 2046 3709 fortitudinem
2061 3666 2329 3726 prestaret
2346 3671 2438 3705 ca-

1434 3755 1578 3809 pere,
1594 3749 1653 3789 ut
1667 3734 1813 3788 Decl.
1830 3737 1918 3802 IV,
1934 3752 1954 3786 1
1970 3752 2011 3786 1:
2034 3732 2309 3787 «Laudatae
2322 3748 2437 3782 ma-

1440 3838 1465 3863 «
1484 3834 1612 3879 uus;
1627 3838 1649 3862 a
1676 3815 1798 3885 quia
1822 3827 1996 3866 tamen
2018 3810 2106 3863 hic
2131 3810 2200 3862 ad
2220 3812 2437 3864 Brutum

1434 3896 1624 3969 respici
1646 3908 1805 3967 puto,
1831 3893 1898 3946 de
1921 3894 2072 3961 cujus
2095 3889 2188 3942 filii
2210 3907 2310 3942 nec
2332 3890 2439 3942 for-

1437 3992 1549 4039 ma,
1567 3992 1668 4025 nec
1686 3976 1874 4025 virtute
1895 3970 2182 4042 quidquam
2203 3969 2441 4021 referunt

1434 4055 1750 4124 scriptores,
1781 4052 1956 4104 malim
1989 4049 2209 4102 nudatas
2220 4043 2337 4121 filiu·
2358 4051 2440 4101 sui

1434 4131 1664 4185 cervices.
1704 4133 1842 4183 Nam
1872 4130 2083 4193 Livius,
2115 4127 2207 4180 lib.
2245 4128 2291 4179 11
2310 4166 2327 4194 ,
2367 4126 2400 4181 5
2419 4166 2439 4195 ‚

1436 4209 1654 4264 nudatos
1667 4213 2001 4282 conjuratos,
2011 4208 2168 4278 virgis
2183 4224 2341 4262 caesos
2353 4246 2370 4276 ,
2384 4219 2439 4259 et

1434 4291 1606 4342 securi
1627 4306 1914 4363 percussos
1931 4289 2020 4341 ait.
2047 4287 2215 4339 Boua.
