3200 5117
807 576 1644 654 DECLAMATIONES.
1691 579 2064 647 cccxvi.
2353 606 2479 673 279

397 730 508 775 ror
546 700 873 801 equidem
912 703 1064 775 illos
1101 702 1507 775 fortissimos
1549 721 1812 801 patres»,
1854 705 1975 800 qui
2021 705 2210 778 hunc
2257 706 2479 779 animi

396 818 710 891 dolorem
736 817 951 890 semel
977 817 1355 907 recidunt¹,
1382 840 1448 889 et
1473 817 1550 890 in
1575 817 1979 889 universum
2004 819 2166 892 flere
2193 821 2482 895 definito

393 933 627 1033 aliquo
659 933 988 1034 temporis
1021 933 1238 1032 spatio
1268 933 1485 1006 semel
1515 952 1808 1031 queunt.
1846 935 1902 1002 F
1904 931 2053 1005 lens
2087 962 2208 1036 per
2239 936 2483 1036 publi-

394 1074 560 1121 cum
584 1074 837 1148 sequor
853 1075 875 1120 z
892 1048 1067 1146 quid
1088 1047 1287 1148 ergo?
1308 1074 1451 1134 non
1477 1045 1862 1136 misereris?
1880 1048 2183 1150 gratulor
2205 1049 2483 1123 crimini

318 1213 327 1222 ι
395 1190 588 1256 meo,
623 1165 679 1236 si
718 1166 940 1258 movi,
977 1165 1033 1237 si
1068 1165 1212 1240 haec
1247 1165 1376 1238 tibi
1418 1165 1644 1264 gravis
1671 1164 1941 1237 videtur
1976 1165 2261 1252 invidia.
2289 1168 2483 1257 Quid

395 1305 570 1381 opus
611 1301 755 1353 erat
791 1279 1274 1354 accusatione?
1306 1280 1479 1379 quid
1503 1279 1905 1381 judicibus?
1947 1279 2118 1382 quid
2159 1279 2286 1351 hac
2318 1305 2486 1379 pro-

392 1397 672 1474 batione
720 1397 1132 1472 dementiae?
1176 1422 1418 1484 sanare
1466 1422 1580 1467 me
1630 1416 1919 1495 poteras.
1965 1396 2198 1495 Exigis
2246 1413 2483 1470 tamen

394 1536 631 1586 causas
662 1511 1135 1610 lacrymarum
1165 1536 1485 1584 mearum
1517 1536 1533 1581 ε
1566 1535 1712 1581 non
1747 1536 1862 1581 me
1891 1509 2187 1609 pecunia
2218 1531 2482 1602 movet;

395 1625 629 1699 divites
670 1624 1047 1725 aliquando
1079 1625 1343 1697 fuimus
1372 1651 1386 1696 :
1424 1650 1571 1696 non
1604 1623 1758 1702 illos
1792 1623 1927 1697 late
1960 1625 2319 1722 quondam
2354 1651 2485 1725 pa-

393 1758 619 1811 tentes
654 1764 852 1839 agros
886 1736 1235 1828 desidero,
1282 1763 1427 1808 non
1457 1738 1720 1827 foenus,
1759 1764 1889 1810 nec
1925 1738 2171 1838 ingens
2209 1740 2483 1842 pondus

396 1853 665 1952 argenti
690 1881 703 1925 :
732 1879 960 1954 nuper
980 1853 1133 1926 sine
1156 1852 1409 1925 modo²
1432 1853 1811 1926 desideravi
1829 1854 2191 1927 vernulam
2213 1883 2475 1929 meum.

1156 2339 1222 2415 c
1243 2338 1308 2414 c
1327 2339 1392 2415 c
1412 2338 1490 2416 x
1504 2288 1629 2415 v'i
1648 2275 1710 2416 1'.

894 2569 1282 2667 Imperator
1304 2583 1716 2666 provocatus
1744 2566 1981 2666 afilia.

392 2779 517 2857 Qui
551 2798 937 2842 ruovocxrus
970 2800 1047 2840 Aa
1075 2799 1265 2840 noem
1296 2799 1421 2844 non
1453 2798 1863 2854 rumuvnmr,
1893 2798 2110 2839 ωριτε
2143 2796 2477 2839 rumuun..

469 2877 660 2938 Filius
682 2878 1068 2960 imperatoris
1097 2876 1177 2937 ad
1202 2875 1408 2937 hostes
1438 2876 1804 2960 transfugit,
1834 2877 2193 2960 provocavit
2223 2887 2479 2959 patrem.

473 2973 582 3032 Ille
609 2995 733 3034 non
754 2973 1068 3038 descendit
1086 2975 1152 3034 in
1172 2985 1478 3035 certamen
1498 2973 1696 3049 solue,
1715 2969 1819 3034 se'd
1839 2969 2315 3034 acie'commissa
2333 2972 2483 3033 vicit

474 3068 704 3130 hostes:
734 3073 800 3131 in
834 3092 961 3153 quo
991 3071 1202 3155 praelio
1233 3084 1294 3131 et
1321 3070 1489 3132 filius
1519 3070 1647 3153 ejus
1677 3071 1909 3133 cecidit.
1933 3073 2284 3145 Accusatur,
2307 3068 2484 3152 quod·

472 3179 841 3247 provocatus
862 3167 942 3228 ab
967 3164 1142 3227 hoste
1164 3187 1292 3227 non
1316 3167 1701 3249 pugnaverit.

1252 3388 1616 3455 SERMO.

481 3572 581 3633 An
604 3569 904 3659 quisquis
928 3568 1013 3634 ab
1034 3567 1225 3635 hoste
1246 3586 1638 3659 provocatus
1661 3590 1795 3633 non
1814 3567 2233 3656 pugnaverit,
2255 3566 2477 3655 puniri

392 3669 664 3739 debeat:
698 3697 782 3740 an
815 3674 959 3740 haec
990 3675 1096 3740 lex
1126 3673 1212 3740 ad
1245 3677 1709 3763 imperatorem
1744 3671 2098 3763 pertineat:
2132 3693 2218 3737 an
2246 3668 2359 3734 hic
2391 3666 2477 3732 ab

389 3775 582 3842 hoste
606 3796 998 3868 provocatus
1025 3781 1137 3845 sit:
1164 3803 1247 3844 an
1274 3778 1670 3869 pugnaverit
1682 3775 1731 3842 3.

469 3985 514 4020 ι.
542 3970 808 4025 Reddam.
843 3973 923 4025 Ita
946 3983 1249 4046 amputare,
1271 3972 1392 4024 Flo-
1471 3971 1598 4026 edit.
1623 3969 1760 4023 Pida.
1784 3968 1962 4026 AErod.
1987 3969 2110 4023 Sine
2132 3965 2322 4032 modo,
2346 3963 2477 4018 Obr.

386 4067 480 4102 rus
505 4049 579 4113 11,
615 4052 702 4118 18,
744 4065 838 4113 103
863 4052 1179 4118 abscindere,
1207 4052 1389 4105 senec.
1471 4052 1622 4104 etita
1648 4061 1948 4106 correxerat
1969 4049 2241 4101 Francius.
2276 4047 2342 4099 Et
2378 4063 2476 4099 nos

386 4127 570 4182 Phoen.
630 4133 747 4201 196„
793 4162 868 4172 —
915 4133 1134 4202 Queant.
1186 4132 1391 4186 Pmali
1470 4134 1764 4204 recepimus
1782 4149 1906 4183 cum
1920 4125 2363 4198 edition.Bipont.
2380 4126 2473 4179 Eu.

386 4220 611 4280 queunt,
637 4229 701 4264 ex
725 4211 849 4264 edit.
874 4212 993 4283 Rip.
1020 4215 1114 4265 En.
1543 4213 1595 4266 3.
1617 4212 1708 4264 An
1725 4210 2069 4284 paqnaverit?
2089 4207 2302 4261 Rectiu-
2319 4219 2480 4278 puta-

462 4304 510 4341 ².
551 4291 737 4364 Nuper
775 4292 833 4344 in
871 4293 1042 4345 modo.
1087 4294 1156 4345 In
1199 4293 1354 4347 domo
1371 4331 1391 4360 ,
1470 4310 1610 4359 rem,
1631 4310 1702 4343 an
1725 4309 1833 4344 non
1852 4289 2203 4365 puqnaven‘t?
2222 4287 2314 4339 En.
