3200 5117
795 554 1631 622 DECLAMATIONES.
1678 555 1958 620 CCLII.
2335 549 2415 644 37

328 701 522 755 testes
550 679 1069 781 producuntur,
1102 681 1266 753 fidei
1293 700 1529 753 vestrae
1555 678 1870 779 jurisque
1888 696 1905 726 ¹
1929 680 2221 783 jurandi
2256 680 2421 753 satis

336 794 573 868 idonei*
588 816 901 868 auctores
921 795 1266 869 habentur
1289 794 1581 894 :quoties
1600 821 1760 866 vero
1780 795 2063 869 civitatis
2088 795 2418 868 universae

260 892 279 912 ⁸
336 934 738 1000 consensus,
764 931 831 983 et
848 919 1113 1002 omnes,
1136 910 1256 1009 qui
1290 911 1468 982 intra
1495 908 1943 982 hanc-sedem
1972 932 2157 1002 sunt,
2187 938 2420 984 unum

338 1023 603 1122 aliquid
663 1049 1073 1125 certumque
1122 1027 1456 1117 dixerint,
1498 1053 1744 1098 rumor
1785 1048 2099 1099 vocatur:
2152 1028 2223 1099 in
2266 1028 2419 1100 aliis

338 1139 617 1215 fortasse
665 1143 814 1214 falli
854 1144 1358 1242 ista-possunt:
1414 1143 1657 1241 utique
1697 1168 1940 1214 verum
1988 1143 2151 1216 dicit
2188 1145 2417 1234 fama,

337 1283 490 1355 quae
525 1257 613 1331 de
655 1285 724 1331 se
767 1259 1116 1358 loquitur:
1163 1261 1315 1361 quis
1349 1261 1544 1333 enim
1585 1258 2040 1355 loquebatur?
2079 1262 2419 1358 populus:

337 1370 429 1444 de
462 1399 603 1472 qua
633 1375 987 1475 re?·quam
1022 1378 1324 1450 facturus
1357 1397 1502 1448 erat
1530 1374 1853 1474 populus.
1902 1376 2149 1465 Quum
2189 1375 2273 1447 de
2313 1403 2427 1448 co-

336 1488 557 1561 mitiis
601 1492 1043 1564 consentiunt
1084 1516 1428 1574 rumores,
1475 1488 1560 1560 de
1596 1515 1665 1559 se
1707 1488 2001 1588 quisque
2043 1489 2249 1579 dicit,
2283 1489 2425 1562 haec

335 1606 468 1678 fiet
489 1619 552 1676 ²:
592 1605 724 1679 hoc
755 1629 853 1680 est
885 1607 1116 1681 dicere
1140 1663 1160 1697 ,
1196 1606 1377 1677 hanc
1410 1605 1701 1677 faciam:
1739 1632 1882 1676 non
1915 1627 2014 1677 est
2042 1605 2171 1679 ista
2202 1607 2421 1678 fama:

335 1719 620 1793 comitia
651 1742 834 1793 sunt.
867 1724 1113 1820 Neque
1154 1741 1256 1791 est
1283 1719 1475 1818 quod
1516 1720 1788 1807 mirari,
1830 1719 2016 1812 dives
2037 1777 2055 1809 ,
2090 1742 2210 1793 aut
2239 1720 2427 1792 indi-

332 1836 537 1933 gnari
568 1836 772 1925 velis,
806 1835 881 1906 in
914 1835 1210 1907 comitiis
1238 1835 1393 1932 pius
1426 1860 1597 1933 saepe
1632 1862 1966 1934 pauperes
1999 1863 2194 1935 posse
2221 1864 2235 1907 :
2275 1863 2422 1918 non

334 1949 587 2021 omnia
620 1970 913 2048 possunt
943 1973 1109 2045 opes
1137 1968 1363 2019 vestrae
1387 2005 1405 2036 ‚
1445 1974 1668 2047 neque
1698 1949 1769 2020 in
1805 1950 2067 2021 cunctis
2096 1976 2248 2050 quae
2291 1950 2426 2024 hu-

330 2089 635 2133 manam
680 2061 1037 2134 continent
1075 2060 1320 2166 vitam,
1359 2061 1650 2133 domina
1685 2063 1977 2161 pecunia
2018 2084 2136 2136 est.
2185 2065 2426 2137 Latius

324 2175 819 2278 possidebitis,
851 2198 915 2247 et
931 2176 1444 2248 numerosiores
1470 2177 1767 2249 familias
1797 2200 2041 2252 vestras
2075 2181 2428 2278 ignorabi-

325 2294 459 2381 tis;
484 2317 814 2389 magnam
840 2312 1103 2389 partem
1121 2290 1406 2363 civitatis
1432 2291 1873 2389 occupabunt
1895 2293 2146 2364 domus
2162 2315 2442 2392 vestran·

326 2409 592 2506 ingens
649 2405 921 2504 pondus
978 2406 1247 2504 argenti
1301 2406 1714 2505 perstringet
1765 2406 2002 2479 oculos
2051 2433 2065 2477 :
2115 2408 2428 2480 sed'haec

336 2522 524 2594 intra
548 2523 891 2621 privatum
924 2521 1185 2592 valent:
1221 2541 1442 2617 quum
1472 2520 1547 2592 in
1578 2520 1948 2619 publicum
1971 2522 2239 2592 veneris
2268 2542 2334 2593 et
2354 2522 2446 2600 in,

337 2660 706 2734 campum,
741 2631 1159 2733 spectabitur
1181 2631 1575 2724 innocentia
1594 2689 1614 2722 ,
1648 2632 1840 2704 fides.
1867 2633 2173 2705 Forsitan
2195 2635 2428 2732 gratiae

339 2775 622 2848 quoque
657 2775 801 2820 non
832 2774 1085 2847 parum
1129 2746 1565 2838 nobis-affert
1606 2746 1756 2844 ipsa
1795 2746 2121 2818 tenuitas:
2161 2747 2285 2820 ubi
2318 2769 2428 2821 ta-

339 2866 607 2938 bellam
635 2893 976 2967 pauperes
1002 2865 1266 2955 ferunt,
1300 2885 1452 2935 tum
1486 2861 1672 2935 subit
1697 2864 1900 2935 tacita
1932 2891 2281 2963 quemque
2316 2894 2430 2938 co-

342 2982 581 3081 gitatio
627 2980 964 3081 superbiae
1009 3001 1278 3051 vestrae:
1328 3001 1479 3050 tum
1528 2979 1887 3068 omnium,
1937 3006 2107 3079 quas
2138 2980 2428 3078 singulis

342 3098 569 3169 facitis
592 3155 611 3186 ‚
652 3097 1091 3199 injuriarum.
1128 3099 1450 3168 Attamen
1488 3093 1560 3165 in
1593 3094 1847 3167 caeteris
1889 3095 2237 3193 (petentes
2280 3121 2431 3165 ma-

359 3211 663 3307 gistratus
695 3212 849 3285 dico
884 3232 1087 3309 atque
1122 3208 1549 3309 provincias)
1591 3209 1863 3307 possitis
1905 3207 2123 3278 tribus
2158 3233 2385 3279 emere
2407 3266 2427 3298 ,

355 3325 657 3422 pecunia
674 3326 971 3426 dispersa
995 3352 1235 3425 parare
1257 3323 1590 3423 gratiam:
1619 3323 1742 3395 ubi
1768 3347 1928 3395 vero
1950 3320 2034 3394 de
2055 3322 2429 3395 sacerdotio

354 3438 1151 3542 quaeritu13etjudicium
1168 3440 1407 3540 religio
1426 3438 1585 3537 agit:
1607 3438 1805 3518 illam
1828 3437 2126 3537 populus
2144 3458 2427 3537 spectat,

352 3553 548 3630 illam
569 3554 894 3647 intuetur,
923 3583 1073 3654 quae
1103 3582 1375 3654 semper
1394 3554 1629 3626 futura
1647 3553 1734 3624 sit
1749 3551 1972 3651 virgo;
2004 3577 2157 3652 quae
2177 3579 2217 3623 a
2238 3551 2429 3623 cultu

352 3670 816 3767 templorum,
850 3672 1113 3745 asacris
1136 3698 1279 3744 nou
1312 3696 1680 3742 recessura.
1713 3671 1871 3740 Non
1901 3694 2160 3755 vereor,
2186 3693 2275 3736 ne
2301 3666 2433 3736 ista
2497 3703 2506 3714 -

354 3784 585 3860 videar
607 3788 957 3887 praesentis
977 3788 1195 3887 gratia
1203 3786 1458 3888 judicii
1489 3785 1747 3857 dicere:
1779 3782 2243 3855 sacerdotium
2275 3779 2430 3850 filiae

353 3924 524 3970 meae
555 3921 716 3973 ante
751 3928 1110 3974 rumorem
1138 3901 1424 4000 speravi.
1470 3898 1608 3970 Sed
1641 3923 1762 3969 cur
1796 3922 1922 3994 ego
1957 3893 2223 3965 diutius
2257 3893 2434 3965 circa

353 4039 631 4090 causam
656 4015 991 4090 maleficii
1022 4016 1221 4088 istius
1246 4016 1456 4088 etiam
1485 4010 1759 4087 moror?
1793 4009 2140 4088 confessus
2165 4031 2287 4082 est.
2320 4012 2430 4082 An

420 4199 465 4236 ῐ.
498 4184 743 4257 larisque
755 4186 997 4264 jurandi.
1028 4185 1354 4259 Jurt'queju-
1505 4203 1553 4237 2.
1576 4179 1825 4256 Hoecfiet.
1847 4177 2054 4236 Scilicet
2073 4177 2435 4232 sacerdos.Vi·

344 4264 525 4318 undo.
552 4261 787 4319 Scirum&
1436 4261 1503 4314 de
1526 4262 1596 4315 ad
1619 4264 1747 4316 lust.
1773 4259 1865 4313 lib.
1883 4261 1949 4329 V,
1981 4276 2058 4315 to.
2085 4260 2254 4312 Eunu.
