3200 5117
804 547 932 627 442
1308 545 1400 608 M.
1451 546 1703 610 Fissu
1745 546 2385 628 QUINTILIAM

802 670 875 741 in
902 668 1289 767 voluptates
1314 668 1527 740 etiam
1557 689 1624 740 et
1652 668 1999 742 luxuriam
2029 669 2472 759 adhibentur,
2498 669 2738 743 multis
2764 671 2904 743 ani·

801 784 1112 857 malibus
1141 785 1444 862 afferunt
1475 805 1772 858 mortem
1804 812 1820 856 :
1856 785 2103 860 similis
2135 787 2309 859 ratio
2337 806 2404 859 et
2426 785 2902 860 remediorum

804 921 923 972 est.
964 901 1112 971 Cur
1150 898 1364 997 igitur
1396 925 1540 971 non
1583 897 1669 971 sit
1710 899 2110 986 differentia
2139 926 2304 972 cum
2343 926 2644 992 veneno,
2692 900 2902 972 etiam

802 1014 1178 1114 temporis?
1210 1015 1387 1088 nihil
1420 1015 1729 1106 interest,
1764 1016 1935 1113 quid
1966 1016 2178 1089 faciat
2204 1017 2435 1107 alias¹,
2469 1043 2660 1088 nunc
2689 1043 2903 1088 vene-

806 1158 983 1203 num
1000 1152 1124 1203 est.
1143 1131 1526 1222 Quomodo
1542 1131 1738 1203 enim
1753 1158 2154 1231 comparare
2175 1133 2301 1204 ista
2316 1133 2730 1232 possumus?
2750 1154 2903 1203 ante

804 1246 1050 1318 omnia
1102 1245 1343 1318 animo
1390 1245 1648 1337 dantis,
1697 1245 1951 1319 deinde
1995 1248 2274 1320 effectu.
2322 1247 2618 1318 Animus
2679 1245 2902 1317 dantis

803 1361 1033 1460 qualis
1058 1362 1291 1453 fuerit,
1321 1389 1463 1436 non
1495 1361 1995 1461 probavimus²z
2026 1363 2304 1437 interim
2334 1362 2417 1434 de
2451 1363 2714 1433 effectu
2745 1388 2903 1433 con-

804 1496 964 1549 stat:
982 1475 1185 1549 vultis
1198 1476 1763 1550 aestimare?adeo
1777 1497 2043 1549 certum
2066 1478 2201 1548 fuit
2212 1476 2347 1548 hoc
2364 1502 2722 1548 venenum
2741 1503 2899 1563 esse,

806 1615 885 1665 ut
909 1594 1316 1691 praedictum
1340 1594 1444 1666 sit.
1465 1597 1545 1665 In
1560 1621 1840 1667 summa
1853 1650 1872 1684 ,
1889 1593 2059 1692 quid
2076 1594 2232 1694 plus
2246 1593 2391 1693 pati
2410 1614 2737 1691 potuerat
2754 1593 2900 1664 ado·
2939 1618 2947 1627 ·

802 1708 1106 1800 lescens,
1140 1711 1196 1783 si
1228 1736 1582 1783 venenum
1621 1709 1940 1782 bibisset?
1972 1737 2319 1810 ponamus
2351 1737 2433 1781 ex
2467 1709 2684 1782 altera
2722 1729 2898 1810 parte

807 1823 1003 1896 illam
1034 1826 1429 1923 potionem,
1464 1825 1663 1927 cujus
1697 1846 1770 1898 tu
1804 1852 2067 1897 nomen
2097 1824 2396 1897 subinde
2416 1825 2633 1926 jactas
2669 1852 2688 1895 ε
2728 1851 2897 1923 pone

806 1966 889 2012 ex
914 1941 1131 2013 altera
1162 1942 1561 2040 potionem,
1595 1969 1810 2039 quam
1839 1963 1914 2014 tu
1945 1942 2188 2015 dedisti
2217 1970 2233 2013 ε
2267 1942 2353 2014 de
2389 1962 2683 2040 utraque
2723 1942 2894 2013 idem

807 2054 1064 2127 medici
1108 2054 1345 2128 dicent
1380 2057 1499 2142 :si
1540 2057 1721 2128 nihil
1756 2057 2037 2132 interest
2073 2057 2353 2146 mortis,
2401 2057 2578 2129 nihil
2625 2057 2899 2129 interest

805 2170 1137 2242 criminis.
1174 2174 1340 2244 Haec
1373 2171 1461 2243 ad
1486 2172 1603 2274 jus
1631 2200 1647 2245 ε
1689 2172 1810 2244 sed
1846 2172 1937 2245 ad
1975 2199 2162 2245 ream
2194 2171 2329 2270 legi
2364 2199 2503 2245 suae
2538 2171 2895 2271 applican-

808 2285 1014 2375 dam,
1053 2314 1219 2360 sane
1262 2310 1652 2362 scrutemur
1686 2311 1756 2363 et
1791 2290 2158 2361 animum:
2206 2315 2349 2361 non
2393 2287 2587 2378 dico,
2622 2315 2778 2387 quae
2823 2287 2897 2360 sit

810 2428 966 2501 quae
1002 2403 1307 2480 dederit:
1344 2406 1626 2479 interim
1655 2406 1788 2480 hoc
1818 2406 2198 2505 respondeo
2217 2462 2234 2495 ‚
2265 2409 2544 2503 Aquam
2577 2405 2896 2504 frigidam

811 2518 1048 2591 dedit:
1097 2545 1262 2593 sane
1306 2522 1563 2595 medici
1607 2550 1751 2595 non
1791 2541 2196 2610 vetuerunt,
2236 2548 2381 2593 non
2423 2520 2890 2593 ³timuerunt:

809 2634 973 2707 satis
1009 2656 1147 2722 est,
1194 2664 1340 2709 non
1384 2639 1875 2737 permiserunt.
1909 2641 2288 2711 Personam
2327 2664 2470 2708 non
2498 2661 2726 2723 onero,
2768 2633 2889 2704 de-

812 2747 1334 2821 nunciationem
1365 2750 1729 2823 dissimulo
1760 2779 1774 2822 :
1805 2750 2053 2823 dedisti
2086 2776 2302 2849 aegro,
2330 2750 2511 2848 quod
2536 2767 2718 2847 pater
2739 2771 2887 2816 non

813 2864 1133 2936 dedisset.
1169 2865 1241 2936 Si
1274 2892 1459 2940 unus
1494 2866 1746 2965 aliquis
1777 2893 1859 2939 ex
1887 2866 2177 2939 medicis
2213 2867 2596 2938 nocituram
2625 2881 2892 2934 tantum

811 2978 1174 3078 potionem
1205 3005 1347 3055 esse
1371 2979 1687 3072 dixisset3
1714 2979 2014 3054 dicerem
2039 3001 2303 3069 tamen,
2328 2982 2635 3052 Fortasse
2656 2974 2899 3048 '‘mori-

890 3183 935 3216 ι.
974 3167 1077 3237 Qui
1097 3165 1307 3239 faciat?
1335 3165 1482 3220 alias.
1523 3167 1628 3237 Qui
1647 3165 1824 3237 faciat
1902 3166 2068 3218 Gnoxe.
2108 3165 2359 3218 Nondum
2396 3163 2748 3236 probabimus.
2789 3163 2895 3215 Sca.

812 3245 968 3313 alins,
986 3267 1125 3302 nunc
1139 3268 1392 3301 venenum
1408 3260 1494 3302 est.
1517 3251 1663 3301 Prrn.
1690 3248 1826 3319 Quid
1974 3246 2025 3299 3.
2053 3246 2252 3298 Medica·
2273 3263 2381 3297 non
2405 3256 2704 3309 vetuerunt,
2725 3263 2826 3296 non
2849 3243 2902 3294 ti-

802 3324 977 3395 faciat
996 3325 1128 3380 alias
1145 3349 1160 3377 τ
1183 3329 1367 3390 Nunc,
1394 3330 1565 3381 Latin.
1591 3341 1645 3380 et
1662 3329 1824 3380 Fran·
1900 3333 2164 3377 muer-unt.
2189 3323 2434 3376 AErodius
2452 3346 2465 3373 :
2494 3323 2592 3376 hoc
2612 3331 2898 3383 vetuerunt,

813 3402 944 3452 ciuS.
975 3405 1081 3453 Cur
1100 3405 1135 3454 ι’.
1163 3425 1218 3456 n.
1242 3423 1279 3456 ς.
1308 3404 1613 3477 differentia
1641 3406 1821 3457 eadem

814 3498 1148 3533 venenorum.
1195 3484 1375 3536 Etiam
1427 3497 1657 3555 tempore
1703 3483 1821 3554 (vel

814 3560 1094 3633 temporis)
1118 3581 1225 3614 non
1253 3563 1391 3615 nihil
1417 3566 1639 3617 interest.
1676 3564 1826 3633 Quod

812 3649 965 3692 sanat
978 3639 1136 3704 alias,
1159 3659 1297 3693 nunc
1313 3659 1565 3695 venenum
1584 3654 1683 3707 est,
1697 3640 1818 3693 sch.

818 3719 986 3791 Quum
1010 3721 1168 3794 iyitur
1185 3731 1331 3772 tanta
1347 3723 1411 3774 sit
1427 3722 1555 3794 diff.
1578 3739 1624 3773 c.
1647 3741 1693 3773 υ.
1709 3759 1724 3786 ,
1749 3739 1820 3772 an

812 3799 971 3853 etiam
997 3798 1235 3871 temporis
1259 3817 1311 3849 n.
1338 3800 1375 3851 i.
1399 3817 1503 3874 quo
1528 3800 1643 3872 quis
1665 3800 1721 3851 id
1739 3819 1824 3851 ca-

809 3878 960 3950 piat?
977 3878 1109 3931 alias
1127 3897 1268 3930 nunc
1286 3897 1541 3931 venenum
1562 3891 1660 3944 est,
1684 3896 1824 3930 nunc

814 3973 921 4007 non
946 3969 1044 4020 est,
1073 3949 1281 4009 AErodf

890 4054 938 4088 2.
972 4038 1191 4091 Animus
1219 4039 1390 4091 dantis
1421 4037 1595 4110 qualis
1616 4037 1821 4110 fuerit,

816 4131 923 4163 non
943 4117 1291 4186 probavimus.
1320 4118 1555 4182 Priores,
1577 4116 1824 4188 probabi-

814 4208 947 4243 mus.
966 4191 1146 4246 Scribe
1164 4215 1177 4246 ι
1199 4212 1323 4245 mox
1335 4195 1680 4267 probabimus.
1699 4194 1825 4246 Mox

816 4288 989 4321 cmm:
1019 4290 1140 4324 sane
1169 4283 1456 4326 scrutemur
1483 4285 1537 4326 et
1563 4272 1823 4326 animum.

1904 3406 2000 3458 hoc
2029 3407 2328 3458 timuerunt.
2358 3407 2494 3476 Lege
2519 3428 2531 3456 :
2557 3407 2699 3458 Sane
2726 3402 2902 3456 medici

1902 3504 2009 3537 non
2033 3486 2314 3550 vetuerint,
2337 3502 2444 3534 non
2468 3485 2772 3535 timuerint.-
2795 3481 2902 3533 satis

1901 3576 1999 3632 est,
2015 3584 2120 3618 non
2130 3568 2492 3637 permiserunt.
2511 3566 2655 3616 Pone
2667 3601 2684 3628 ‚
2701 3564 2788 3615 fac
2804 3579 2901 3612 non

1901 3645 2157 3708 vetuisse,
2188 3661 2298 3695 non
2331 3644 2598 3695 timuisse:
2628 3644 2759 3695 satis
2793 3657 2901 3711 pec-

1902 3740 2103 3786 casses,
2130 3723 2171 3773 si
2195 3720 2430 3774 dedisses
2456 3720 2555 3773 illis
2578 3718 2899 3772 inconsultis.

1900 3800 2068 3851 Gnou.
2097 3798 2158 3849 In
2187 3797 2384 3850 AErodii
2411 3797 2642 3851 editione
2673 3811 2786 3864 est,
2821 3796 2904 3847 hoc

1904 3890 2222 3947 metuerunt,
2240 3879 2336 3933 boc
2351 3881 2649 3933 timuerunt.
2672 3883 2734 3933 In
2752 3895 2899 3946 marg.

1903 3978 2009 4012 non
2035 3968 2155 4021 met.
2182 3957 2281 4010 Sed
2303 3977 2408 4010 non
2430 3960 2751 4012 timuerunt.-
2778 3953 2907 4029 quod

1900 4039 2022 4090 satis
2038 4048 2136 4104 est,
2157 4056 2209 4088 n.
2230 4057 2286 4108 p.
2309 4038 2527 4090 Senum.
2542 4067 2614 4077 —
2630 4038 2904 4090 Personam

1904 4134 2008 4169 non
2035 4134 2207 4168 onero.
2230 4117 2280 4167 N
2283 4135 2355 4169 on
2374 4134 2558 4187 urgeo,
2578 4114 2726 4188 quod
2742 4116 2808 4167 sit
2825 4128 2908 4163 no·

1904 4212 2075 4246 verca.
2104 4194 2324 4247 senum.

1977 4271 2028 4339 4.
2069 4272 2406 4326 Moritumm.
2444 4270 2768 4324 Maritus-zm·
2808 4282 2907 4322 non
