3200 5117
638 539 2080 627 DECLAMA'rloNEs.chxxv111.'
2281 563 2398 643 143

303 687 501 758 blica.-
531 711 855 774 causam3
889 703 957 757 et
986 682 1085 755 sic
1116 680 1531 782 respondere
1562 681 1688 752 tibi
1706 739 1725 772 ,
1758 703 2119 783 tamquam
2149 683 2334 756 istud
2362 712 2404 756 a

304 799 816 900 magistratibus
841 819 1055 900 petas.
1080 799 1242 869 Non
1267 817 1371 869 est
1395 817 1675 895 tempus
1698 796 1827 870 hoc
1854 800 2143 872 actionis
2168 799 2398 872 istius:

305 917 590 1017 quando
637 917 828 988 enim
881 914 1068 986 filius
1119 934 1279 985 tuus
1326 911 1591 985 fortiter
1635 912 1844 984 fecit?
1901 914 2206 988 multum
2246 918 2402 1018 jam

305 1030 624 1104 transisse
666 1051 944 1130 tempus
986 1047 1145 1099 ante
1185 1027 1370 1099 hanc
1404 1026 1758 1098 actionem
1795 1027 2250 1101 confiteberis.
2288 1033 2407 1101 In-

306 1147 670 1248 terrogabo
688 1202 706 1236 ,
740 1145 866 1217 ubi
889 1144 1101 1217 fueris
1130 1169 1146 1214 :
1178 1142 1452 1215 etiamsi
1479 1162 1544 1214 te
1569 1140 2034 1241 peregrinatio
2062 1143 2405 1235 detinuit,

310 1265 583 1337 etiamsi
630 1263 939 1336 absentia
980 1261 1056 1338 in
1104 1287 1310 1332 causa
1353 1259 1529 1350 fuit,
1579 1285 1722 1358 quo
1765 1258 2001 1332 minus
2034 1260 2407 1360 acciperes,

310 1381 539 1453 dicam
582 1402 815 1454 tamen
857 1380 1190 1480 pleraque
1218 1377 1380 1478 jura
1417 1397 1733 1474 tempore
1775 1376 2250 1449 circumscribi
2289 1405 2304 1448 ε
2351 1377 2404 1451 si

309 1523 469 1568 vero
502 1496 668 1568 etin
700 1496 970 1567 civitate
1005 1493 1233 1582 fuisti,
1271 1512 1340 1563 et
1377 1515 1675 1591 praesens
1709 1516 1892 1583 eras,
1933 1519 2157 1591 quum
2190 1491 2413 1564 hono-

313 1633 577 1685 raretur
606 1611 819 1701 filius,
849 1631 930 1682 ut
957 1635 1149 1681 nunc
1180 1633 1284 1681 res
1310 1627 1438 1695 est,
1466 1626 1662 1695 tuus;
1698 1606 2079 1706 interrege,
2111 1636 2236 1681 cur
2265 1635 2410 1682 non

314 1725 633 1825 petieris?
657 1753 825 1802 nam
859 1745 935 1796 ut
963 1749 1107 1796 non
1139 1720 1520 1822 acceperis,
1554 1721 1809 1793 sufficit
1836 1722 2007 1814 hoc,
2043 1725 2234 1823 quod
2263 1751 2407 1797 non

314 1842 571 1941 petisti.
606 1844 766 1914 Non
801 1866 947 1912 eras
990 1838 1110 1909 illo
1152 1857 1467 1935 tempore
1497 1856 1712 1935 pater,
1756 1839 1922 1937 quia
1954 1840 2308 1913 nesciebas
2343 1863 2409 1914 te

314 1983 507 2029 esse:
557 1982 702 2027 non
746 1952 1135 2026 debebatur
1173 1950 1387 2052 igitur
1416 1950 1546 2022 tibi
1582 1977 1665 2022 eo
1702 1973 2051 2054 tempore,
2087 1981 2228 2055 quo
2263 1981 2410 2027 res-

312 2070 603 2170 publica
638 2066 901 2138 debuit.
941 2065 1120 2138 Illud
1157 2089 1445 2164 quoque
1471 2066 1819 2166 interrogo
1842 2126 1861 2158 ‚
1894 2068 2251 2170 quomodo
2279 2070 2412 2142 fac-

314 2205 477 2255 tum
507 2181 597 2253 sit
613 2236 632 2268 ,
657 2201 737 2253 ut
760 2207 888 2279 ego
913 2180 1294 2279 acciperem
1325 2205 1340 2250 ε
1374 2199 1573 2279 pater
1598 2181 1725 2254 viri
1757 2183 1949 2255 fortis
1967 2211 2205 2269 eram:
2240 2211 2414 2284 quo-

311 2326 480 2373 rum
527 2319 906 2397 utrumque
950 2298 1249 2370 breviter
1288 2298 1652 2369 ostendere
1678 2296 1903 2398 judici
1945 2301 2410 2372 necessarium

317 2435 452 2507 est,
487 2434 558 2487 et
589 2436 705 2487 me
742 2434 891 2486 tum
926 2434 1192 2513 patrem
1225 2411 1472 2502 fuisse,
1502 2439 1730 2511 quum
1767 2414 2006 2487 decem
2038 2414 2256 2487 millia
2288 2415 2412 2488 de-

319 2530 669 2602 bebantur
707 2529 882 2628 patri
914 2529 1036 2602 viri
1070 2527 1300 2617 fortis,
1337 2549 1408 2600 et
1442 2548 1507 2600 te
1542 2553 1688 2600 non
1722 2530 1935 2603 fuisse
1953 2560 1973 2621 3
2021 2530 2317 2628 ideoque
2350 2551 2416 2601 te

322 2672 463 2717 non
498 2643 837 2744 accepisse
868 2671 883 2715 t
920 2664 1149 2745 patres
1183 2642 1374 2715 enim
1412 2669 1555 2715 non
1589 2664 1867 2716 tantum
1906 2667 2157 2718 natura
2194 2665 2260 2717 et
2295 2644 2416 2717 illo

323 2761 519 2833 initio
543 2760 993 2834 continentur
1020 2787 1035 2831 ε
1068 2759 1226 2832 satis
1263 2781 1365 2830 est
1395 2759 1815 2860 plerumque
1844 2761 1931 2833 ad
1961 2762 2093 2833 hoc
2119 2759 2273 2861 jus,
2309 2761 2418 2832 vi-

325 2875 471 2947 deri
492 2890 540 2946 ¹.
561 2877 755 2947 Num
777 2874 1076 2948 dubium
1098 2893 1229 2962 est,
1256 2874 1430 2971 quin
1459 2875 1515 2946 si
1547 2875 1907 2948 intestatus
1937 2876 2377 2949 decessissem
2396 2934 2415 2966 ,

326 3012 704 3089 antequam
761 3009 839 3062 tu
890 3014 1295 3087 agnosceres
1317 3044 1341 3078 ,
1389 2988 1707 3061 aditurus
1760 2989 1874 3062 ille
1925 2972 2374 3066 hereditatem
2398 3048 2416 3080 ,

329 3106 520 3201 quasi
557 3105 777 3195 filius,
815 3103 1065 3178 fuerit?
1097 3130 1273 3175 num
1305 3103 1606 3175 dubium
1636 3127 1770 3196 est,
1810 3105 1986 3205 quin
2029 3106 2084 3178 si
2121 3106 2418 3178 honores

332 3238 667 3316 peterem,
702 3221 1110 3320 profuturus
1142 3218 1319 3294 mihi
1352 3239 1714 3317 tamquam
1742 3219 1928 3290 filius
1954 3220 2212 3292 fuerit?
2242 3248 2416 3293 num

333 3331 633 3406 dubium
659 3357 790 3426 est,
827 3337 999 3433 quin
1032 3334 1121 3424 si,
1153 3333 1342 3431 quod
1370 3334 1580 3433 longe
1607 3333 1697 3405 ab
1724 3332 1873 3434 ejus
1902 3334 2140 3407 animo
2175 3357 2240 3408 et
2272 3364 2418 3409 mo-

330 3448 522 3522 ribus
551 3449 772 3539 abest,
802 3453 1137 3550 pulsasset
1162 3471 1428 3549 patrem
1449 3506 1468 3540 ‚
1504 3477 1651 3523 non
1685 3450 2104 3552 injuriarum
2139 3473 2415 3526 tantum

329 3562 481 3663 lege
528 3564 917 3637 teneretur?
961 3566 1019 3637 si
1061 3565 1463 3655 occidisset,
1510 3591 1657 3638 non
1701 3566 1899 3638 caedis
1944 3588 2219 3640 tantum
2268 3568 2419 3666 lege

330 3705 563 3776 poenas
594 3679 825 3754 daret?
857 3679 1048 3778 quod
1086 3680 1140 3751 si
1180 3680 1327 3752 hec
1366 3680 1606 3752 omnia
1640 3681 1710 3752 in
1743 3684 2056 3756 confesso
2084 3702 2249 3756 sunt
2280 3709 2295 3751 ε
2331 3706 2420 3751 ne

410 3899 452 3933 1.
478 3884 567 3935 Ad
587 3882 683 3935 hoc
700 3886 784 3955 jus
807 3883 987 3935 videri.
1016 3884 1179 3934 Puto:
1214 3883 1339 3936 satis
1416 3885 1572 3938 tinet-i
1610 3897 1821 3958 potest,
1857 3886 1905 3939 si
1939 3882 2101 3936 modo
2135 3886 2208 3938 ita
2241 3881 2424 3935 distin-

327 3972 401 4015 est
412 3959 805 4034 plenamquead'
821 3961 1132 4034 hocjus(sc.
1154 3965 1337 4034 patriai
1414 3976 1627 4035 guntur,
1653 3965 1775 4016 satis
1799 3973 1871 4015 est
1893 3983 1948 4036 p.
1979 3962 2050 4014 ad
2073 3962 2172 4013 ‘hoc
2190 3963 2285 4034 jur
2302 3998 2320 4026 ,
2349 3961 2426 4014 vi-

327 4043 672 4115 potestatis)‚
696 4045 889 4097 vocari.
920 4042 1081 4095 scilic.
1113 4057 1333 4113 patrem.
1417 4043 1542 4094 deri.
1575 4039 1687 4093 scil.
1714 4051 1950 4115 patrem,
1986 4041 2085 4092 etsi
2108 4056 2291 4092 revera
2316 4059 2424 4091 non

326 4126 592 4177 Haecvero
612 4124 770 4177 verba
795 4126 991 4196 passim
1012 4135 1342 4174 commutan-
1418 4138 1514 4177 est.
1550 4123 1611 4174 ln
1647 4140 1811 4192 marg.
1846 4121 2047 4173 AErodii
2087 4133 2197 4186 est,
2230 4119 2422 4184 videri,

328 4216 443 4255 tur:
476 4216 537 4256 ut
563 4203 711 4275 apud
739 4202 896 4254 Ovid.
928 4203 1054 4254 Met.
1084 4202 1188 4268 xl,
1220 4201 1340 4271 287,
1420 4221 1525 4256 non
1559 4214 1642 4272 et,
1676 4199 1892 4274 supple,
1925 4219 2028 4253 non
2064 4201 2219 4253 etiam
2254 4218 2424 4254 revera

331 4295 384 4335 et
406 4283 564 4348 alibi5
591 4301 919 4356 quamquam
942 4296 997 4335 et
1016 4281 1230 4355 vulgata
1254 4301 1341 4335 re·
1419 4290 1622 4353 patrem
1649 4300 1764 4335 esse.
1785 4281 1958 4334 Bm.
