3200 5117
782 553 862 594 20
1278 527 1372 588 M.
1421 481 1675 588 FABil
1717 520 2355 606 Qum‘rlLIAm

777 647 1345 751 quinquennium
1373 675 1388 719 ε
1416 646 1679 745 explica
1702 645 1894 718 enim
1918 647 2097 717 mihi
2116 647 2438 718 medium
2464 644 2639 718 illud
2667 645 2862 718 bien·

777 768 1003 838 nium.
1033 767 1142 835 An
1168 763 1299 834 hoc
1323 760 1488 833 dicis
1506 816 1525 850 ‚
1557 760 1736 831 nihil
1764 758 2084 832 interest?
2110 761 2220 833 dic
2245 760 2420 832 mihi
2437 819 2456 852 ,
2478 788 2618 860 quo
2643 761 2853 832 modo

777 882 995 982 magis
1024 877 1456 967 exsulaverit,
1499 903 1716 977 quam
1751 875 1805 949 si
1841 903 2065 947 unum
2099 877 2482 949 occidisset.
2510 876 2722 968 Quod
2757 897 2857 947 est

774 997 960 1069 istud
980 1016 1212 1068 contra
1231 992 1414 1090 leges
1430 989 1929 1088 compendium
1948 1047 1968 1079 ,
1990 1011 2068 1062 ut
2085 991 2270 1063 idem
2290 989 2460 1062 illud
2481 991 2854 1062 biennium

772 1112 1015 1212 prioris
1037 1135 1252 1208 poenoe
1268 1104 1598 1178 ultimum
1634 1106 1752 1196 sit,
1777 1106 2124 1204 sequentis
2147 1104 2503 1205 primum?
2534 1105 2738 1177 Libet
2763 1105 2858 1175 in·

772 1248 1108 1325 terrogare
1131 1245 1488 1320 tamquam
1512 1243 1950 1321 praesentem:
1979 1221 2097 1293 illo
2118 1223 2350 1295 medio
2377 1244 2684 1321 tempore
2713 1224 2850 1294 utri

774 1338 1133 1413 exsulasti?
1157 1337 1356 1438 cujus
1383 1337 1514 1409 hoc
1543 1335 1745 1408 morti
1769 1335 1876 1408 lex
1895 1336 2243 1436 praestitit?
2263 1337 2644 1436 Fingamus
2663 1337 2850 1409 enim

774 1456 948 1528 duos
985 1452 1212 1525 statim
1260 1449 1545 1539 occisos,
1590 1470 1667 1520 ut
1709 1449 1923 1541 duoS,
1975 1449 2067 1522 ita
2114 1449 2317 1522 etiam
2353 1451 2621 1550 plures,
2665 1472 2730 1523 et
2762 1451 2852 1522 ad

770 1595 1263 1668 quemcunque
1281 1592 1658 1639 numerum
1676 1593 1690 1636 :
1715 1565 1909 1637 nulla
1925 1566 2317 1639 differentia
2336 1587 2455 1656 est,
2471 1567 2647 1640 inter
2660 1594 2850 1655 eum,

772 1685 897 1784 qui
929 1684 1005 1755 in
1040 1710 1182 1755 uno
1211 1681 1442 1781 lapsus
1474 1701 1574 1753 est
1594 1737 1615 1769 ,
1654 1699 1721 1752 et
1750 1708 1911 1753 eum
1934 1738 1954 1771 ,
1994 1681 2114 1780 qui
2143 1682 2674 1754 satisfactionem
2701 1681 2853 1779 plu-

772 1800 960 1872 ribus
988 1796 1236 1870 debet?
1258 1799 1750 1868 Immunem-13
1776 1814 2002 1868 CAEms
2029 1817 2422 1870 DAMNATUS
2445 1815 2853 1885 QmNQuEN-

771 1936 901 1987 Nlo
921 1901 1264 1986 ExSULET.
1290 1915 1431 1983 'Ista
1457 1911 1716 1984 ratione
1739 1915 1970 1982 statim
1996 1929 2261 2010 poterat
2287 1933 2436 2011 post
2463 1912 2855 2009 quinquen·
2931 1969 2938 1976 ,

773 2031 970 2102 nium
1015 2027 1280 2114 redire,
1324 2025 1673 2124 siquidem
1729 2024 1862 2096 hoc
1913 2025 2140 2099 dicere
2182 2027 2342 2099 satis
2385 2048 2524 2116 est,
2569 2026 2850 2100 Caedem

770 2144 1177 2244 imprudens
1208 2141 1596 2229 commisit,
1628 2140 2194 2238 quinquennium
2222 2141 2564 2213 exsulavit.
2601 2140 2857 2214 Videa-

773 2287 930 2331 mus
963 2285 1153 2330 uunc
1172 2314 1191 2347 ,
1222 2284 1434 2355 quam
1474 2256 1809 2327 rationem
1839 2278 2069 2329 secuta
2097 2256 2183 2329 sit
2215 2256 2324 2328 lex
2360 2258 2851 2332 constituendae

772 2373 1113 2476 ejusmodi
1145 2397 1395 2472 poenae,
1426 2398 1642 2469 quam
1672 2370 2066 2443 mehercule
2101 2371 2375 2443 videtur
2415 2373 2589 2444 mihi
2624 2372 2852 2471 priore

771 2488 1165 2577 clementia,
1197 2515 1410 2587 quam
1427 2486 1697 2587 justitia
1717 2501 1733 2531 ¹
1766 2487 2196 2560 constituisse
2225 2515 2350 2587 pro
2379 2509 2602 2560 morte
2630 2488 2853 2560 homi·

773 2604 881 2676 nis
908 2600 1326 2691 innocentis,
1353 2627 1478 2700 pro
1506 2600 1646 2672 vita
1662 2600 2153 2700 quinquennio
2176 2601 2478 2700 denique
2499 2602 2853 2675 constituit

772 2718 1177 2792 absentiam.
1225 2718 1372 2816 Ego
1405 2716 1692 2814 quidem
1727 2716 2244 2814 impudentiam⁴
2267 2716 2449 2789 illius
2475 2717 2582 2788 vel
2612 2716 2684 2788 in
2718 2718 2850 2789 hoc

775 2835 1010 2906 mirari
1054 2834 1211 2906 satis
1251 2859 1396 2905 non
1447 2860 1770 2932 possum,
1810 2832 2000 2930 quod
2039 2833 2384 2905 festinavit
2429 2856 2570 2905 tam
2607 2833 2737 2905 cito
2776 2835 2851 2904 in

775 2949 1066 3050 patriam
1096 2949 1360 3020 reverti.
1390 2950 1509 3019 Est
1530 2947 1754 3035 enim,
1785 2961 1900 3018 ut²
1926 2947 2058 3020 sibi
2088 2948 2335 3047 aliquis
2364 2975 2585 3019 unum
2615 2975 2851 3020 casum

775 3065 1109 3154 remittat,
1145 3084 1213 3136 et
1239 3062 1452 3134 semel
1476 3063 1705 3161 lapsus
1735 3089 1958 3134 errore
1987 3090 2058 3135 se
2091 3064 2413 3135 humanae
2446 3064 2855 3148 necessitatis

777 3199 1074 3253 excuset:
1111 3178 1224 3250 hic
1247 3205 1439 3269 vero,
1475 3180 1596 3277 qui
1628 3180 1976 3252 commisit
2003 3180 2250 3252 iterum
2273 3179 2493 3268 idem,
2520 3205 2660 3275 quo
2683 3179 2855 3249 exsi-

773 3295 951 3366 lium
963 3294 1235 3382 meruit‚
1247 3295 1659 3393 computatis
1671 3294 1710 3364 d
1722 3295 1915 3368 iebus
1924 3317 2127 3394 atque
2136 3293 2317 3365 horis
2327 3292 2549 3392 legem
2564 3313 2854 3365 tantum·

778 3407 986 3481 modo
1008 3408 1330 3505 inspexit,
1358 3434 1499 3478 non
1531 3410 1745 3479 etiam
1767 3410 2061 3481 crimina
2084 3436 2207 3481 sua
2230 3408 2649 3498 numeravit,
2673 3407 2855 3478 nihil

773 3522 1197 3594 verecundiae
1230 3550 1367 3593 suae
1392 3522 1674 3623 adjecit,
1705 3524 1886 3595 nihil
1916 3523 2192 3623 pudori.
2220 3524 2398 3613 Quis
2423 3547 2652 3597 autem
2672 3524 2855 3594 indi·

776 3636 972 3735 gnari
1005 3655 1222 3733 potest
1252 3662 1416 3707 eum
1450 3638 1922 3725 interfectum,
1951 3637 2072 3735 qui
2101 3637 2424 3710 occiderit
2445 3636 2661 3708 duos?
2684 3662 2852 3710 nam

775 3749 829 3822 si
868 3748 1012 3821 ulla
1038 3747 1171 3819 hoc
1198 3748 1349 3821 loco
1385 3750 1734 3822 miseratio
1764 3771 1894 3840 est,
1936 3749 2143 3822 debet
2168 3776 2311 3823 esse
2339 3777 2462 3852 pro
2492 3749 2664 3821 illis:
2706 3750 2853 3822 haec

852 3901 1373 3955 1.Priooe01ementia
1386 3901 1538 3973 quam
1541 3902 1771 3974 justitia.
1853 3903 2019 3955 Instit.
2051 3901 2142 3955 lib.
2165 3902 2310 3967 vm,
2335 3916 2383 3952 2.
2411 3900 2667 3952 Francius
2695 3899 2855 3952 male-

774 3985 942 4053 Lege,
979 3987 1188 4057 majore.
1231 3982 1393 4035 Gnon.
1444 3982 1624 4034 Priore
1667 3982 1772 4034 cle-
1851 3979 1975 4047 bat,
1993 3982 2212 4052 potiore.

775 4061 982 4114 mentioe
1006 4080 1163 4135 quam
1189 4061 1413 4135 justitioe
1452 4079 1577 4114 cura
1613 4070 1770 4112 const.
1927 4076 1974 4110 2.
2011 4059 2106 4112 Est
2139 4056 2276 4109 enim
2320 4067 2395 4109 ut.
2439 4054 2523 4107 Ad
2552 4056 2852 4108 Gnecorum

775 4139 993 4192 Senon.
1009 4168 1080 4180 --
1098 4142 1254 4191 Forte
1270 4175 1288 4202 ,
1325 4141 1528 4210 pejore,
1552 4152 1613 4191 ut
1631 4157 1774 4190 com·
1853 4157 2081 4205 morem,
2111 4139 2200 4211 qui
2228 4139 2297 4188 ita
2321 4136 2442 4192 ἔστιν
2466 4136 2589 4192 ὅπως
2606 4149 2850 4189 utuntur,

778 4234 973 4277 mutata
1010 4221 1099 4273 illa
1141 4219 1401 4273 voeabula
1442 4221 1586 4273 fuere
1619 4222 1775 4274 etiam
1853 4220 1971 4273 vide
1994 4220 2062 4273 ad
2083 4223 2291 4275 Petu-on.
2315 4237 2431 4290 enp-
2459 4218 2686 4272 cxxvl.
