3200 5117
768 566 893 650 294
1265 557 1358 623 M.
1407 557 1657 622 mnu
1702 555 2332 648 QUINTlLlAM

761 820 895 842 m

2011 819 2104 839 m

1550 945 2052 1088 CCCXXI.

1149 1240 1453 1311 Invicem
1476 1238 1762 1339 venefici
1772 1240 2006 1336 stater
2033 1254 2100 1311 et
2128 1239 2443 1311 medicus.

692 1455 695 1456 ⁷
760 1430 999 1489 Fratres
1024 1441 1329 1487 consortes
1345 1439 1387 1500 ¹,
1412 1426 1646 1487 inimici
1671 1446 1795 1486 esse
1817 1438 2164 1507 coeperunt:
2199 1423 2554 1485 diviserunt.
2586 1425 2751 1486 Alter
2773 1448 2844 1487 ex

836 1524 930 1584 his
950 1525 1257 1585 medicum
1279 1523 1543 1584 instituit
1559 1521 1876 1584 heredem:
1904 1536 2112 1605 postea
2138 1522 2237 1581 red
2248 1522 2449 1582 ierunt
2473 1523 2838 1603 ingratiam.

835 1625 894 1684 Is
919 1623 1026 1704 qui
1054 1622 1361 1683 medicum
1385 1622 1651 1683 amicum
1678 1619 1975 1697 habebat,
2001 1641 2196 1700 quum
2220 1635 2512 1680 coenasset
2533 1622 2697 1703 apud
2721 1621 2838 1681 fra·

837 1732 1029 1796 trem,
1054 1732 1119 1781 et
1141 1720 1403 1781 domum
1429 1719 1736 1794 rediisset,
1767 1718 1924 1778 dixit
1950 1718 2241 1800 suspicari
2272 1737 2363 1793 se,
2388 1737 2696 1778 venenum
2727 1718 2840 1778 sihi

836 1815 1083 1878 datum:
1118 1815 1435 1900 respondit
1467 1815 1773 1891 medicus,
1806 1815 2125 1897 potionem
2152 1835 2214 1874 se
2241 1813 2534 1876 daturum
2558 1815 2841 1892 remedii,

835 1927 896 1975 et
921 1913 1126 1975 dedit:
1165 1935 1290 1997 qua
1321 1926 1503 1997 epota
1531 1913 1637 1974 ille
1669 1913 1955 1974 decessit:
1989 1913 2254 1978 invicem
2290 1933 2354 1974 se
2390 1933 2522 1975 reos
2557 1911 2841 1976 deferunt

836 2009 1113 2071 veneficii
1131 2056 1151 2088 2
1176 2010 1366 2072 frater
1387 2024 1446 2072 et
1468 2011 1762 2072 medicus.

1444 2201 2150 2268 DECLAMATIO.

853 2360 1137 2433 Etiamsi
1164 2387 1366 2434 causa
1396 2362 1606 2433 unius
1635 2360 1843 2433 hodie
1871 2359 2323 2459 agnoscitur²‚
2352 2381 2589 2433 tamen
2618 2385 2840 2457 quum

760 2501 966 2566 eum,
1003 2474 1089 2547 de
1131 2476 1334 2578 cujus
1374 2496 1594 2550 morte
1635 2476 1881 2574 agitur,
1925 2495 2188 2548 constet
2218 2499 2488 2547 veneno
2519 2475 2839 2573 periisse,

761 2589 967 2688 idque
989 2588 1166 2661 inter
1181 2589 1355 2662 duos
1377 2588 1723 2689 litigantes
1746 2589 2107 2662 conveniat
2128 2587 2645 2685 alterutriusque
2671 2613 2834 2657 eum

755 2731 1024 2777 veneno
1064 2705 1387 2804 periisse:
1425 2706 1521 2777 ita
1560 2705 2061 2778 committenda
2091 2705 2415 2804 utrinque
2453 2728 2655 2774 causa
2690 2722 2789 2774 est
2811 2758 2830 2792 ‚

760 2842 837 2894 ut
886 2845 1030 2892 non
1081 2819 1312 2893 minor
1356 2820 1577 2893 nobis
1607 2820 2027 2893 defensionis
2053 2878 2072 2910 ,
2124 2845 2340 2920 quam
2391 2813 2836 2892 accusationis

758 2933 1080 3008 habenda
1106 2935 1193 3008 sit
1224 2936 1417 3009 ratio.
1452 2939 1690 3034 Itaque
1725 2934 1990 3008 etiamsi
2026 2935 2224 3008 dolor
2254 2935 2480 3031 fratris
2504 2932 2738 3006 amissi
2773 2953 2843 3004 et

760 3047 1068 3122 conditio
1092 3049 1381 3150 judicii,
1418 3078 1556 3148 quo
1599 3076 1878 3141 accuse,
1919 3050 2050 3122 hoc
2091 3050 2360 3123 videtur
2397 3050 2658 3149 exigere
2693 3048 2843 3149 pri-

760 3188 963 3233 mum
983 3188 1062 3234 ac
1080 3188 1276 3262 paene
1296 3164 1555 3255 solum,
1587 3184 1665 3235 ut
1692 3189 1802 3251 ea,
1825 3189 1978 3261 quae
2006 3162 2259 3264 objeci,
2284 3165 2609 3262 probem:
2640 3162 2841 3261 igno-

759 3275 955 3347 scetis
978 3296 1212 3353 tamen
1233 3277 1442 3368 mihi,
1466 3279 1520 3350 si
1545 3278 1846 3378 primam
1868 3277 2287 3351 defensionis
2317 3303 2490 3350 meae
2512 3298 2839 3377 putavero

760 3388 1161 3462 habendam
1190 3418 1333 3464 esse
1369 3392 1741 3481 rationem3
1777 3419 2003 3490 neque
2031 3391 2164 3464 hoc
2195 3420 2274 3465 eo
2302 3413 2578 3465 tantum
2598 3448 2618 3482 ,
2654 3390 2841 3491 quod

762 3503 1057 3603 pertinet
1081 3505 1169 3576 ad
1203 3507 1543 3605 pudorem
1567 3507 1772 3580 hodie
1801 3534 2082 3597 meum;
2117 3507 2236 3580 sed
2264 3534 2345 3580 eo
2369 3507 2580 3579 etiam
2605 3562 2623 3597 ‚
2654 3506 2842 3604 quod

761 3618 921 3719 plus
954 3620 1371 3693 auctoritatis
1400 3620 1805 3694 habiturum
1838 3649 1952 3693 me
1992 3622 2066 3694 in
2104 3621 2533 3694 accusatione
2572 3620 2709 3692 scio
2730 3677 2750 3711 ‚
2786 3621 2839 3691 si

837 3806 883 3840 1.
912 3790 1111 3841 Fratres
1137 3800 1400 3842 consortes.
1420 3790 1541 3842 vid.
1574 3791 1757 3861 Cujae.
1914 3808 1960 3842 2.
1989 3751 2312 3864 Aynoscitur.
2343 3791 2699 3861 Cognoscitur,
2734 3787 2838 3840 alii.

763 3867 891 3920 Obs.
917 3871 981 3934 V,
1015 3883 1107 3934 ιο,
1134 3881 1185 3919 et
1214 3869 1439 3921 Brisson.
1469 3872 1522 3920 in
1549 3870 1757 3921 Lexico.
1840 3901 1911 3910 —-
1933 3874 2129 3945 Itaque.
2157 3874 2273 3924 Huc
2296 3889 2465 3942 nsque
2486 3871 2720 3922 sermoni
2750 3867 2843 3921 ad·

766 3949 959 4000 Anum„
990 3947 1109 3999 vid.
1147 3948 1215 4001 ad
1246 3948 1430 4001 Vellei.
1466 3952 1670 4001 Patere.
1707 3952 1760 4014 1,
1842 3949 2105 4002 scribebat
2125 3949 2304 4002 AErod.
2326 3962 2377 4001 et
2395 3948 2634 4020 legebat:
2658 3949 2842 4020 Itaque

774 4042 852 4089 ιο,
871 4027 920 4092 5,
934 4026 1154 4079 ubinot.
1172 4048 1225 4100 p.
1243 4027 1764 4095 24.En.—Daturum
1841 4030 1911 4082 sic
1937 4029 2105 4081 Fratri
2134 4028 2389 4100 aqendum
2420 4030 2529 4079 en‘t.
2564 4026 2839 4080 Declama-

769 4105 995 4158 remedt'i.
1011 4107 1281 4170 Remedio,
1299 4108 1577 4169 Francius;
1599 4107 1693 4160 sed
1711 4109 1765 4158 in
1841 4108 1917 4158 tio
1937 4127 1949 4156 ε
1972 4107 2198 4160 Etiamsi
2219 4106 2383 4173 dolor,
2413 4121 2512 4158 etc.
2535 4135 2609 4146 --
2629 4105 2743 4157 Hoc
2765 4105 2839 4154 υἰ-

770 4186 884 4254 ipsa
908 4183 1327 4253 Declamatione‚
1348 4210 1370 4233 α
1386 4189 1656 4258 potionem
1681 4186 1769 4241 de·
1845 4185 2007 4238 detur.
2041 4188 2205 4258 Lege,
2239 4185 2484 4238 videatur.
2508 4185 2675 4238 Gaon.
2693 4213 2762 4224 ——
2782 4180 2842 4234 Si

775 4286 797 4310 ι
813 4261 935 4315 disti
958 4277 1048 4316 aut
1070 4265 1314 4332 remedii,
1334 4279 1424 4317 aut
1445 4270 1650 4318 veneni.
1668 4291 1690 4315 ι
1843 4268 2087 4338 primam.
2115 4267 2172 4320 Si
2188 4265 2438 4336 primum.
2458 4266 2641 4318 AEnon.
