3200 5117
730 569 852 640 106
1224 570 1316 638 M.
1365 571 1619 636 men
1665 570 2307 654 an‘rlLum

720 818 1108 840 mmm

1789 821 2176 846 mm
2181 821 2664 846 mmmm
2671 824 2810 846 m

1513 1001 2012 1080 CCLXIX.

1186 1212 1391 1283 Dives
1419 1209 1540 1283 sub
1572 1227 1868 1308 tyranno
1897 1215 2348 1287 auctionatus.

724 1402 1012 1462 Daroerrt
1038 1419 1134 1462 su·
1156 1420 1353 1461 acrio.
1388 1401 1631 1482 Pauper
1662 1412 1723 1460 et
1751 1399 1917 1460 dives
1950 1402 2134 1462 amici
2166 1417 2362 1463 erant.
2397 1404 2653 1487 Pauperi
2681 1405 2809 1465 duo

804 1496 916 1560 filii
943 1497 1371 1562 adolescentes.
1405 1498 1620 1574 Quum
1651 1509 1955 1579 tyrannus
1986 1519 2112 1562 esse
2141 1500 2416 1582 coepisset
2441 1502 2507 1562 in
2538 1502 2813 1577 civitate,

804 1595 968 1656 dives
996 1594 1155 1657 facta
1183 1595 1471 1656 auctione
1499 1594 1787 1655 discessit.
1819 1595 2059 1658 Rumor
2090 1612 2255 1673 erat,
2291 1598 2614 1680 pecuniam
2648 1596 2814 1682 apud

810 1714 1135 1776 pauperem
1183 1712 1305 1752 esse
1357 1691 1717 1773 depositam.
1761 1692 2089 1776 Tyrannus
2136 1694 2399 1754 arcessiit
2441 1715 2811 1777 pauperem:

806 1788 982 1849 torsit
1000 1791 1203 1870 ipsum
1216 1833 1232 1863 ,
1252 1788 1429 1847 torsit
1447 1802 1505 1846 et
1525 1786 1681 1847 filios
1700 1787 1846 1869 ejus,
1865 1788 2076 1865 Quum
2103 1788 2206 1850 ille
2225 1805 2607 1873 pernegaret,
2629 1811 2814 1872 penes
2893 1803 2898 1809 '

807 1907 869 1947 se
885 1907 1036 1962 esse,
1057 1887 1341 1946 dimissus
1359 1899 1464 1945 est.
1492 1887 1707 1946 Postea
1729 1897 2033 1968 tyrannus
2054 1889 2285 1949 occisus
2305 1901 2420 1949 est:
2446 1887 2600 1949 redit
2618 1887 2813 1964 dives,

806 1983 957 2067 petit
975 1984 1327 2066 pecuniam,
1342 2003 1535 2065 quam
1555 2003 1618 2042 se
1634 1981 1984 2064 deposuisse
2006 1984 2170 2066 apud
2199 2005 2529 2067 pauperem
2547 1985 2733 2046 dixit:
2757 1997 2817 2043 et

808 2080 967 2144 duos
985 2101 1224 2156 servos,
1244 2100 1400 2161 quos
1422 2079 1579 2144 solos
1603 2079 1794 2142 exsilii
1818 2081 2075 2146 counitae
2097 2081 2404 2146 habuerat
2417 2127 2438 2158 ,
2453 2083 2522 2143 in
2539 2080 2815 2164 questio-

812 2197 952 2238 nem
976 2176 1320 2262 pollicetur.

1419 2337 2162 2415 DECLAMAT10.‘

827 2491 1238 2590 Depositum
1284 2512 1486 2594 peto:
1531 2490 1674 2563 scio
1713 2489 1904 2562 hunc
1948 2517 2088 2563 esse
2124 2490 2443 2563 ordinem
2477 2491 2821 2594 probatio-

733 2605 878 2694 nis,
929 2627 1005 2676 ut
1045 2607 1356 2706 primum
1400 2607 1761 2677 ostendam
1805 2605 2122 2679 habuisse
2154 2606 2526 2705 pecuniam
2551 2661 2570 2693 ,
2604 2631 2818 2705 quam

733 2721 1155 2822 deponerem
1190 2749 1204 2791 ε
1242 2719 1328 2791 de
1362 2720 1493 2792 hoc
1528 2748 1740 2793 nemo
1773 2721 2091 2794 dubitat:
2138 2722 2325 2794 dives
2366 2722 2490 2795 fui.
2535 2719 2822 2795 Etiamsi

736 2864 847 2908 me
887 2835 1225 2938 cupiditas
1261 2837 1470 2909 amici
1503 2837 1591 2910 ad
1631 2837 1803 2910 duos
1841 2865 2066 2912 servos
2099 2839 2404 2939 redegit:
2442 2837 2820 2938 aliquando

734 2974 966 3026 tamen
1003 2955 1422 3027 numerabar
1446 2954 1626 3027 inter
1657 2955 2001 3058 principes
2037 2954 2250 3058 hujus
2282 2954 2568 3044 ciyitatis
2598 2981 2612 3024 :
2649 2975 2720 3026 et
2745 2972 2822 3024 ut

730 3069 956 3141 sciatis
995 3069 1371 3172 pecuniam
1415 3097 1557 3143 non
1602 3070 1758 3143 satis
1793 3097 1973 3162 esse,
2019 3070 2530 3173 patrimonium
2575 3093 2821 3148 meum

737 3183 1032 3257 detinet:
1065 3185 1121 3256 si
1145 3185 1439 3286 domum
1462 3243 1480 3276 ,
1510 3185 1566 3257 si
1594 3185 1944 3286 mancipia
1961 3242 1982 3275 ‚
2008 3185 2062 3257 si
2081 3184 2360 3258 vendita
2379 3209 2521 3256 esse
2543 3180 2820 3272 omnia,

736 3296 791 3367 si
836 3298 909 3370 in
953 3300 1325 3401 pecuniam
1368 3300 1639 3373 redacta
1680 3299 2092 3390 constabit&
2124 3318 2466 3398 superest,
2502 3319 2580 3369 ut
2612 3296 2825 3398 depo-

742 3411 985 3483 nendae
1019 3415 1331 3516 pecuniae
1362 3414 1734 3486 habuerim
1765 3441 2069 3487 causam.
2106 3414 2340 3486 Fuisse
2378 3439 2488 3484 me
2524 3412 2596 3483 in
2632 3432 2824 3486 metu

742 3527 1031 3599 fortunae
1058 3527 1302 3628 hujuS,
1326 3556 1544 3628 quam
1569 3527 1815 3628 patior,
1848 3528 2305 3599 manifestum
2332 3547 2461 3599 est:
2486 3523 2660 3596 nihil
2693 3522 2825 3595 mi-

744 3668 874 3713 nus
901 3641 1112 3714 fuisse
1142 3643 1419 3716 rationis
1436 3701 1456 3734 ,
1484 3670 1700 3745 quam
1725 3663 1803 3714 ut
1826 3668 2107 3714 mecum
2132 3642 2502 3741 pecuniam
2533 3638 2778 3708 ferrem
2800 3693 2821 3726 ‚

741 3811 940 3878 adhuc,
965 3829 1080 3864 mea
1104 3810 1303 3874 scilicet
1326 3830 1487 3883 opera
1502 3850 1519 3878 ‚
1544 3825 1597 3864 et
1620 3810 1740 3864 ideo
1820 3810 2211 3882 11‚lih.2‚cap.
2231 3827 2318 3879 ¹9²
2341 3830 2363 3853 ι
2378 3805 2826 3877 Quipraefuerunt

743 3890 849 3943 taIe
868 3901 1241 3942 testamentum
1264 3891 1489 3961 scripsit.
1519 3891 1597 3941 Ita
1622 3907 1746 3962 pro-
1829 3913 1851 3937 a
1871 3888 1954 3940 his
1989 3887 2218 3942 Heraclii
2256 3886 2445 3950 bonis,
2480 3883 2644 3938 verbo
2687 3881 2826 3936 redi—

742 3971 925 4023 duoere
947 3971 1246 4045 supi-abel.
1270 3973 1476 4038 ocni,
1499 3983 1747 4046 proroqat
1830 3994 1853 4017 α
1871 3969 2090 4041 gerulis,
2125 3988 2181 4022 re
2220 3964 2611 4037 dispertiendis.
2635 3989 2657 4014 ι
2711 3965 2822 4016 Liv.

742 4049 1094 4122 produt-itque.
1120 4051 1336 4104 senum.
1824 4052 2113 4117 XXXVIII,
2139 4050 2264 4104 ult.:
2296 4073 2318 4096 α
2337 4049 2690 4122 Nequaquam
2710 4059 2826 4097 tan-

823 4146 840 4181 ι
854 4169 865 4181 .
889 4131 1113 4182 Reduc-ta
1131 4130 1397 4183 constabit.
1420 4129 1633 4200 Proprie
1652 4130 1749 4180 uti·
1831 4152 1852 4175 e·
1873 4144 1988 4184 tum
2001 4128 2272 4184 redactum
2286 4138 2383 4193 est,
2394 4140 2604 4198 quante
2616 4140 2828 4178 summm

750 4224 834 4258 tur
866 4206 970 4259 hoe
1000 4208 1162 4261 verbo
1196 4207 1264 4260 de
1297 4206 1458 4259 rebus
1489 4205 1747 4278 venditis,
1831 4230 1854 4256 ι
1874 4208 2152 4264 damnatus
2198 4207 2388 4258 fuerat.
2410 4228 2432 4251 κ
2478 4205 2665 4276 Coqere
2701 4199 2824 4254 dicit

746 4288 890 4341 'unde
917 4291 1144 4360 pecunia
1171 4289 1463 4340 conficitur.
1496 4289 1604 4341 Cic.
1623 4290 1744 4339 Ver.
1826 4285 2243 4338 Terent.'I·Iemt.
2265 4287 2315 4344 1,
2343 4301 2388 4350 ι,
2407 4281 2592 4335 eodem
2618 4297 2789 4331 sensu.
