3200 5117
804 571 1638 639 DECLAMATIONES.
1685 573 2059 640 ccxcvl.
2359 576 2476 656 187

391 695 583 768 aliud
602 753 622 787 ,
653 722 865 795 quam
896 716 975 766 ut
1009 715 1073 767 te
1102 694 1379 766 abdicet
1412 694 1787 793 indulgens
1818 695 2050 794 pater?
2077 693 2253 794 quid
2288 695 2482 767 enim

394 835 493 885 est
518 813 853 913 parasitus
872 870 890 903 ,
918 812 1049 884 nisi
1080 838 1311 885 comes
1339 810 1715 883 vitiorum?
1744 812 2120 909 turpissimi
2148 812 2483 914 cujusque

394 930 554 1002 facti
595 926 952 1001 laudator?
992 954 1220 1000 unum
1265 948 1500 1002 tamen
1541 926 1905 998 videbatur
1938 952 2080 998 esse
2124 926 2483 1017 solatium,
2537 999 2542 1006 ,

399 1042 585 1144 quod
619 1042 962 1145 ejusmodi
990 1041 1159 1132 vita,
1199 1040 1285 1113 ad
1315 1040 1779 1113 homicidium
1814 1068 2030 1140 usque
2064 1068 2208 1112 non
2244 1069 2487 1140 perve-

400 1159 598 1230 niret.
635 1157 910 1258 Objicio
942 1157 1106 1245 tibi,
1153 1154 1344 1254 quod
1386 1157 1671 1227 fratrem
1710 1156 1888 1227 intra
1931 1155 2103 1228 fines
2137 1156 2431 1228 invitasti
2469 1184 2483 1227 :

398 1274 606 1345 fuerit
635 1272 1068 1372 quantalibet
1099 1297 1299 1345 causa
1338 1272 1668 1360 convivii,
1709 1270 1961 1342 melius
1990 1284 2104 1342 ea¹
2141 1292 2315 1342 certe
2344 1272 2490 1369 ipse
2597 1360 2602 1368 Ι

402 1386 490 1459 ad
522 1389 808 1460 fratrem
842 1387 1022 1458 isses.
1055 1387 1297 1457 Manet
1324 1383 1457 1457 hoc
1488 1386 1720 1484 ipsum
1749 1385 1931 1456 inter
1958 1410 2197 1456 causas
2221 1384 2492 1456 abdica-

402 1501 609 1576 tionis
643 1530 659 1573 :
708 1500 916 1601 objici
957 1500 1085 1571 tibi
1130 1518 1385 1597 potest,
1431 1497 1621 1598 quod
1669 1518 1812 1569 tam
1857 1497 2112 1598 impius
2144 1526 2213 1570 es
2247 1526 2261 1569 ε
2304 1497 2494 1598 quod

403 1617 683 1689 fratrem
712 1637 866 1717 post
899 1615 1093 1704 illam
1125 1615 1448 1686 miseram
1480 1614 1834 1685 fortunam
1869 1640 2012 1687 non
2042 1613 2289 1686 videris
2309 1671 2328 1705 ,
2359 1611 2492 1686 nisi

404 1731 495 1803 ad
528 1733 599 1804 te'
625 1730 1183 1803 descendentem.
1226 1731 1410 1800 Nam
1453 1727 1554 1802 illi
1590 1728 1848 1827 ignosci
1893 1749 2150 1830 potest,
2186 1729 2293 1802 vel
2329 1756 2492 1802 cum

406 1846 712 1945 periculo
747 1844 1140 1917 venienti²:
1187 1841 1368 1913 nihil
1413 1842 1537 1913 tibi
1580 1869 1740 1915 vero
1784 1844 1937 1939 quis
1977 1844 2325 1942 ignoscat,
2369 1843 2492 1943 qui

405 1987 628 2059 quum
658 1959 804 2031 sine
835 1957 1141 2057 periculo
1165 1956 1254 2028 ad
1281 1957 1485 2029 illum
1510 1958 1608 2030 ire
1631 1985 1861 2059 posses
1878 2018 1897 2050 ‚
1923 1960 1998 2030 in
2028 1959 2101 2031 id
2126 1957 2494 2031 discrimen

407 2074 773 2148 adduxeris
794 2075 1081 2145 fratrem
1112 2095 1315 2145 tuum
1336 2131 1354 2162 ,
1382 2095 1461 2145 ut
1485 2101 1648 2146 eum
1674 2076 1882 2147 etiam
1909 2077 2250 2175 parasitus
2275 2095 2499 2174 posset

408 2189 739 2260 occidere.
763 2188 1045 2290 Objicio
1072 2187 1197 2259 tibi
1212 2187 1265 2279 3,
1295 2189 1484 2287 quod
1513 2188 1914 2262 adhibueris
1943 2216 2149 2263 coenae
2175 2190 2491 2262 tertium:

407 2304 465 2375 si
492 2303 624 2376 hoc
647 2305 906 2376 factum
932 2304 1198 2404 pietatis
1219 2325 1348 2394 est,
1375 2332 1550 2404 opus
1572 2327 1671 2379 est
1688 2328 1973 2379 secreto:
2002 2306 2286 2408 objicio,
2309 2302 2498 2402 quod

409 2421 791 2519 parasitum
836 2421 1279 2519 potissimum
1323 2423 1777 2495 adhibueris:
1823 2424 1956 2497 hoc
1998 2425 2189 2496 enim
2218 2423 2501 2496 vacabat

413 2535 659 2608 misero
675 2592 691 2624 ‚
722 2535 854 2607 hoc
878 2536 1092 2607 exsuli
1119 2563 1132 2607 :
1167 2538 1473 2609 coenabat
1496 2565 1659 2610 cum
1683 2539 1979 2637 parasito
1993 2537 2046 2609 4.
2073 2540 2329 2611 Caetera
2349 2536 2500 2637 jam

306 2669 313 2678 ·
413 2649 722 2749 intelligo
765 2676 907 2721 non
952 2649 1296 2748 pertinere
1339 2651 1427 2722 ad
1466 2652 2020 2724 abdicationem:
2069 2652 2311 2724 altiora
2342 2667 2505 2722 sunt

415 2767 708 2840 crimina
740 2788 811 2840 et
842 2767 985 2839 suis
1017 2767 1283 2865 legibus
1315 2768 1567 2868 digna,
1605 2796 1747 2841 non
1787 2790 2022 2843 tamen
2058 2768 2314 2841 debent
2346 2766 2502 2838 ideo

416 2879 773 2972 lucrifieri,
823 2882 1012 2980 quod
1061 2883 1133 2954 in
1185 2904 1450 2982 patrem
1500 2885 1917 2957 inciderunt.
1966 2884 2336 2986 Objiciunt
2373 2880 2503 2954 tibi

418 2997 770 3069 occidendi
792 2997 1013 3070 fratris
1042 2999 1437 3071 consilium.
1473 3000 1544 3071 Si
1573 3019 1930 3073 accusator
1957 3027 2206 3088 essem,
2239 2997 2293 3069 si
2322 3017 2388 3068 te
2426 2995 2505 3066 in

424 3109 741 3184 culeum⁵
772 3133 1071 3212 peterem
1094 3171 1113 3206 ‚
1150 3113 1267 3185 illa
1296 3115 1623 3190 dixissem
1655 3144 1670 3186 :
1713 3143 2006 3214 persona
2038 3111 2317 3185 crimini
2348 3110 2505 3182 ido-

500 3265 543 3299 1.
569 3249 759 3303 Melius
787 3270 864 3303 ea.
900 3253 978 3302 Eo
1007 3250 1296 3320 Ugolinus‚
1326 3250 1417 3302 sed

420 3329 639 3391 omittit,
657 3331 727 3381 ad
736 3329 974 3399 flamm.
997 3332 1069 3382 Ut
1085 3342 1138 3381 et
1155 3329 1335 3382 AErod.
1359 3349 1419 3381 ea

421 3403 560 3457 delet
581 3407 837 3474 latinius,
863 3410 955 3461 sed
979 3410 1195 3476 retinet,
1219 3408 1290 3461 ad
1300 3409 1419 3482 fra-

423 3497 568 3537 mm.

492 3582 539 3617 2.
570 3567 695 3617 Cum
723 3567 959 3638 periculo
992 3568 1250 3619 vem'enti:
1285 3566 1425 3619 nihil

420 3642 511 3694 tibi
532 3663 647 3697 vero
665 3647 785 3719 quis
806 3646 1037 3718 iquosce‘t.
1066 3647 1151 3698 Sic
1176 3646 1420 3699 Pithoeus.

420 3723 735 3792 Thaddaeus,
749 3727 884 3777 mihi
899 3727 992 3779 tibi
1007 3746 1137 3778 vero.
1156 3728 1419 3792 Asu-odius,

423 3821 566 3857 nunc
586 3807 679 3857 tibi
702 3826 836 3860 vero.
862 3809 1006 3877 Quin
1027 3822 1084 3860 tu
1105 3827 1286 3861 omnes
1307 3809 1422 3861 illas

422 3900 591 3953 nugas
632 3888 855 3958 exstirpa
872 3924 889 3952 ,
927 3899 978 3937 et
1020 3903 1229 3937 mecum
1272 3886 1385 3956 lege
1408 3907 1420 3938 ε

420 3962 564 4014 Nam
589 3962 676 4013 illi
698 3965 890 4037 ignosci
907 3976 1074 4037 potest
1095 3963 1177 4016 vel
1194 3983 1311 4014 cum
1333 3983 1423 4035 pe-

423 4042 588 4096 riculo
612 4047 838 4098 venienti
852 4069 867 4098 .-
892 4048 983 4114 tibi
1006 4063 1123 4096 vero
1144 4047 1257 4116 quis
1278 4046 1424 4117 iquo-

417 4133 551 4186 scaet,
567 4135 669 4173 etc.
692 4139 812 4175 oum
831 4125 1260 4193 interrogationis
1279 4137 1421 4175 nota.

420 4202 586 4255 Giton.
606 4202 796 4272 Βάρκη
812 4204 952 4257 nihil
965 4204 1083 4256 Sch.
1102 4205 1216 4255 Lat.
1229 4203 1421 4255 etObr.

494 4281 543 4332 3.
575 4282 818 4335 oxiam
841 4284 1023 4356 objicio
1049 4282 1156 4334 tibi.
1188 4281 1427 4334 Occidens

1498 3251 1681 3322 objicio
1699 3249 1793 3301 tibi
1803 3248 1945 3323 quod
1953 3250 2238 3321 parasitum
2259 3246 2506 3298 adhibue-

1500 3329 1598 3380 ris.-
1628 3325 1724 3378 hoc
1754 3327 1895 3377 enim
1929 3329 2144 3377 vacabat
2176 3323 2353 3377 misero
2385 3324 2506 3376 huic

1497 3405 1665 3458 exsuli
1687 3415 1745 3456 ut
1767 3413 1986 3456 coenaret
2007 3422 2125 3455 cum
2143 3419 2272 3476 par;
2299 3405 2506 3455 omissis

1500 3484 1735 3554 reliquis.
1763 3481 1941 3534 AErod.

1572 3565 1622 3632 4.
1646 3565 1889 3616 Coenabat
1902 3581 2018 3616 cum
2034 3566 2279 3637 parasito.
2299 3561 2504 3614 Scribe:

1500 3644 1617 3697 Hoc
1643 3645 1781 3693 enim
1809 3643 2022 3694 vacabat
2043 3644 2224 3694 misero
2241 3681 2258 3708 ,
2291 3639 2388 3691 hoc
2415 3657 2507 3689 ex-

1501 3723 1606 3776 suli
1620 3763 1638 3790 ,
1663 3742 1863 3776 coenare
1885 3742 1999 3776 cum
2026 3725 2273 3795 parasito.
2297 3716 2424 3784 Vel,
2450 3730 2510 3769 ut

1502 3813 1726 3855 coenamt
1752 3820 1867 3853 cum
1900 3802 2128 3873 parasito
2145 3840 2161 3866 ,
2187 3813 2245 3850 ut
2277 3810 2330 3849 et
2353 3798 2509 3848 AEro-

1502 3879 1639 3932 dius.
1665 3881 1832 3930 Gnon.
1860 3881 1971 3944 An,
1998 3879 2100 3930 huc
2126 3877 2264 3928 em‘m
2295 3874 2513 3926 vocabat

1502 3961 1778 4022 miserum,
1812 3956 1911 4009 huc
1938 3954 2159 4009 exsulem
2178 3993 2196 4020 ,
2222 3953 2315 4006 ubi
2338 3970 2510 4004 coena-

1503 4043 1591 4091 bat
1621 4058 1666 4091 c.
1701 4056 1758 4110 p.
1782 4036 1893 4103 vel,
1924 4037 2021 4088 hoc
2051 4036 2192 4087 enim
2225 4052 2408 4086 vacare
2438 4044 2512 4086 est

1504 4122 1689 4173 misero
1715 4120 1765 4171 h.
1792 4139 1835 4171 e.
1863 4138 2061 4171 caenare
2085 4138 2127 4171 c.
2151 4140 2207 4192 p.
2235 4117 2454 4169 Senum.

1577 4199 1629 4252 5.
1655 4199 1719 4249 In
1739 4197 1966 4250 culeum.
1988 4197 2118 4266 Alii,
2134 4201 2189 4249 in
2208 4195 2509 4269 equuleum,

1504 4298 1672 4352 marg.
1699 4278 1915 4332 AErodii.
