3200 5117
788 558 916 628 ,οε
1285 555 1382 619 M.
1430 553 1683 619 men
1728 554 2374 638 QUINTlLIANl

1560 767 2107 836 NARRATIO.

883 927 953 1001 Si
981 927 1117 999 alio
1141 945 1504 998 accusante
1528 923 1832 999 dicerem
1859 953 2140 999 causam
2157 983 2176 1014 ,
2201 927 2503 1002 sciebam
2519 986 2537 1019 ,
2564 949 2630 1002 et
2653 955 2886 1032 exper-

787 1064 900 1115 tus
943 1040 1248 1141 proxime
1290 1065 1518 1131 eram,
1556 1066 1700 1112 esse
1738 1041 1939 1113 nobis
1973 1068 2285 1140 aequam,
2321 1043 2530 1116 etiam
2559 1046 2885 1120 adversus

787 1158 1068 1248 divites,
1107 1156 1537 1229 libertatem:
1580 1156 1699 1227 sed
1739 1184 1890 1249 me,
1931 1184 2366 1257 quamquam
2404 1159 2885 1259 indignissime

787 1295 1011 1373 petar,
1049 1300 1194 1345 non
1235 1293 1376 1344 tam
1417 1271 1561 1363 lex,
1606 1298 1825 1371 qnam
1869 1273 2037 1345 ratio
2078 1273 2402 1371 prohibet
2448 1301 2488 1347 a
2534 1276 2880 1352 conviciis.

786 1389 933 1486 Ego
982 1387 1175 1459 hunc
1225 1386 1537 1459 amicum
1587 1413 1864 1487 semper
1906 1389 2137 1487 optavi
2165 1389 2202 1479 ,'
2242 1389 2450 1461 etiam
2504 1412 2884 1489 antequam

785 1530 1006 1577 essem
1032 1529 1246 1593 socer,
1274 1523 1344 1576 et
1367 1502 1592 1594 colui,
1625 1523 1692 1576 et
1714 1504 1981 1603 aliquid
2006 1504 2219 1577 etiam
2244 1531 2452 1604 supra
2475 1505 2646 1578 vires
2670 1507 2886 1580 facul-

787 1640 1008 1692 tatum
1045 1645 1364 1691 mearum
1382 1676 1401 1709 ,
1429 1618 1503 1690 in
1529 1618 1937 1720 excipiendo
1968 1645 2085 1709 eo,
2114 1645 2323 1692 ausus
2350 1646 2530 1692 sum.
2555 1622 2782 1719 Atque
2810 1621 2883 1694 id

790 1760 904 1805 me
943 1734 1180 1806 fecisse
1228 1753 1387 1806 ante
1430 1732 1672 1806 omnia
1712 1732 2070 1822 confiteor,
2113 1753 2190 1805 ut
2218 1731 2560 1832 potiorem
2601 1734 2886 1806 haberet

792 1850 937 1923 filia
966 1876 1125 1922 mea
1145 1865 1161 1895 ¹
1188 1877 1204 1922 ε
1242 1876 1435 1922 nunc
1461 1876 1621 1921 vero
1650 1877 1815 1921 eum
1849 1849 2027 1921 mihi
2055 1850 2336 1922 fortuna
2370 1850 2514 1949 ipsa
2545 1875 2882 1949 generum

789 1964 1012 2053 dedit,
1039 1993 1253 2065 quem
1289 1965 1592 2037 maxime
1628 1964 2011 2065 diligebam
2039 1993 2052 2037 :
2088 1985 2227 2037 tota
2259 1966 2491 2064 itaque
2520 1966 2705 2057 haec,
2730 1994 2883 2066 quae

789 2107 915 2179 pro
949 2079 1352 2153 innocentia
1389 2106 1550 2152 mea
1580 2078 1978 2171 adhibetur,
2017 2107 2162 2153 non
2197 2101 2339 2152 tam
2375 2081 2685 2154 defensio
2723 2082 2882 2173 erit,

791 2220 1005 2290 quam
1036 2192 1442 2266 satisfactio:
1473 2192 1755 2266 fortasse
1780 2190 2143 2266 detrectet:
2172 2193 2293 2267 sed
2320 2214 2560 2267 tamen
2585 2194 2881 2285 audebo,

791 2335 878 2380 ne
914 2335 1040 2381 nos
1066 2307 1383 2381 fastidiat.
1415 2310 1574 2380 Nou
1598 2335 1757 2380 sum
1783 2306 2075 2406 quidem
2099 2305 2445 2407 locuples,
2479 2308 2599 2382 sed
2631 2330 2884 2408 quotus

790 2422 1129 2521 quisque?
1170 2423 1373 2522 inops
1406 2450 1654 2513 censu,
1688 2422 1810 2494 sed
1842 2422 2142 2521 integer,
2185 2422 2333 2495 sine
2365 2425 2693 2513 crimine,
2732 2424 2884 2499 sinc

789 2540 1111 2612 fabula2:
1149 2567 1292 2613 non
1324 2539 1658 2638 indiguus
1685 2537 2062 2638 aliquando
2097 2538 2262 2611 huic
2290 2539 2475 2612 diviti
2511 2540 2723 2628 visus,
2761 2539 2884 2637 qui

789 2654 1056 2727 amicus
1094 2681 1373 2726 vocarer
1415 2682 1430 2725 :
1482 2653 1572 2726 ad
1620 2651 1818 2753 cujus
1862 2679 2120 2726 meusae
2159 2680 2439 2753 quoque
2484 2653 2882 2725 societatem

792 2768 1159 2841 abundans
1189 2789 1256 2840 et
1282 2766 1589 2867 locuples
1621 2767 2010 2859 accederet,
2036 2788 2104 2840 et
2125 2768 2541 2841 existimaret
2571 2768 2715 2839 fore
2745 2765 2883 2840 hoc

790 2910 1071 2981 quoque
1097 2883 1279 2955 inter
1297 2909 1534 2955 causas
1554 2881 1912 2972 amicitiae,
1937 2882 1992 2955 si
2013 2884 2363 2956 coenulam
2394 2882 2589 2957 diviti
2621 2909 2885 2984 pauper

788 2999 1084 3087 fecisset,
1111 3024 1253 3070 non
1281 2993 1477 3069 illam
1502 2997 1780 3069 beatam
1799 3055 1819 3089 ,
1852 3024 1984 3070 nec
2012 2998 2295 3096 qualem
2323 2997 2439 3073 hic
2463 3016 2708 3099 potest,
2739 3021 2883 3069 non

790 3114 1190 3186 instructam
1226 3111 1660 3185 ministeriis:
1691 3113 1880 3184 unde
1915 3111 2105 3186 enim
2140 3111 2345 3184 nobis
2375 3112 2618 3185 omnia
2652 3107 2885 3211 profe-

791 3228 1049 3302 renda³
1080 3250 1242 3302 suut
1276 3231 1349 3301 in
1378 3229 1692 3302 medium
1711 3287 1729 3320 ,
1759 3257 1984 3330 quum
2012 3228 2393 3331 praesertim
2419 3229 2542 3302 iste
2575 3255 2700 3300 nos
2722 3255 2886 3329 pro·
2927 3298 2951 3320 ,

788 3404 849 3442 ut
880 3390 1024 3443 Dect.
1059 3394 1263 3446 cccve
1304 3415 1326 3440 ιι
1346 3411 1497 3446 sume
1533 3393 1795 3446 carnificis
1903 3437 1910 3444 .
1950 3409 1999 3444 2.
2025 3394 2152 3447 Sine
2164 3390 2374 3464 fabula.
2399 3394 2469 3444 Ut
2489 3390 2636 3444 Decl.
2658 3388 2882 3462 praed.

795 3493 818 3516 οι
837 3470 1090 3522 animum.
1110 3493 1134 3518 ι·
1152 3473 1370 3527 Surum.
1384 3474 1653 3541 Iracundi,
1669 3474 1796 3546 quia
1881 3496 1904 3520 ι
1926 3472 2085 3525 Nulla
2111 3472 2292 3525 fabula
2318 3486 2440 3525 ante
2459 3486 2677 3545 partum
2705 3484 2886 3524 secuta

792 3559 968 3623 rapta,
993 3550 1174 3603 AErod.
1880 3574 1904 3601 α
1923 3567 2019 3606 est.
2041 3577 2063 3601 n
2087 3553 2155 3604 Et
2171 3554 2368 3607 cccvi
2389 3573 2402 3604 ε
2427 3576 2450 3601 α
2470 3556 2581 3606 Cur
2595 3554 2653 3603 iu
2673 3550 2886 3604 fabulas

867 3647 911 3684 1.
936 3633 1006 3685 Ut
1023 3635 1280 3706 potiorem
1300 3632 1642 3708 habent-filia
1661 3652 1793 3688 mea.
1884 3656 1907 3680 ιι
1926 3647 2028 3687 eat.
2051 3657 2073 3682 n
2100 3665 2174 3675 —
2197 3634 2483 3689 Coenulavn.
2520 3637 2586 3686 Et
2617 3632 2722 3685 boc
2755 3651 2887 3705 pro-

790 3714 1063 3782 [En-odius,
1089 3727 1151 3767 ut
1171 3718 1425 3787 potiorem
1448 3737 1534 3770 me
1557 3717 1763 3770 haberet
1778 3739 1792 3767 .-
1875 3717 2017 3789 Prie,
2040 3716 2145 3768 vid.
2173 3716 2241 3769 ad
2265 3719 2476 3769 Petu-on.
2501 3715 2687 3766 XXVI.

789 3795 857 3848 ud
899 3795 1030 3847 alios
1072 3797 1235 3848 refert
1260 3818 1272 3847 ε
1316 3807 1377 3848 ut
1411 3797 1649 3870 potentia
1690 3800 1796 3869 ejus
1945 3797 1997 3849 3.
2013 3798 2366 3852 Nobiscum
2382 3796 2717 3870 proferenda.
2741 3796 2886 3850 Unde

790 3879 1035 3930 marinum
1051 3881 1306 3951 potiorem
1333 3878 1552 3931 haberet.
1571 3877 1706 3930 vide
1723 3896 1794 3931 au
1873 3879 2014 3929 enim
2030 3880 2206 3932 nobis?
2224 3880 2404 3931 omnia
2418 3878 2766 3950 profemcda,
2782 3891 2880 3930 etc.

788 3971 896 4009 nou
913 3959 979 4009 sit
995 3959 1159 4010 tutius
1178 3978 1190 4008 ε
1215 3969 1271 4009 ut
1289 3970 1573 4030 patronum
1590 3956 1798 4009 haberet
1871 3959 2132 4013 Obrecht.
2149 3959 2241 4013 sed
2252 3959 2615 4030 Schultingius
2631 3959 2884 4030 (undique

774 4032 905 4104 filia
920 4037 1221 4088 memssnou.
1236 4037 1310 4088 lta
1326 4039 1483 4089 etiam
1498 4035 1792 4106 Schulting.
1873 4039 2014 4089 enim
2035 4040 2182 4091 nobis
2203 4057 2250 4091 o.
2273 4056 2330 4109 p.
2355 4057 2393 4090 s.
2422 4039 2456 4089 ι’.
2479 4055 2549 4089 m.
2577 4056 2629 4111 q.
2646 4058 2703 4110 p.
2727 4039 2764 4088 ἰ.
2791 4054 2885 4088 nos

791 4116 1105 4184 conjecerat.
1153 4115 1221 4166 Ut
1256 4125 1592 4187 protectorem
1608 4153 1635 4182 „
1661 4114 1792 4167 Obr-
1869 4119 2086 4189 propius
2127 4135 2233 4170 non
2272 4115 2609 4192 cognoverit)
2648 4129 2700 4167 ct
2739 4127 2885 4167 certe

788 4193 935 4264 quod
948 4196 1342 4266 minuselegnns
1353 4198 1789 4268 etparumlatine.
1873 4199 2098 4268 primam
2119 4200 2285 4252 fuisse
2309 4198 2598 4261 coenuhm,
2620 4214 2776 4267 quam
2801 4193 2885 4247 di-

788 4275 1174 4329 *Mibetun
1206 4279 1317 4350 Rip.
1339 4278 1675 4333 adhibebitur.
1698 4280 1787 4332 En.
1871 4280 1964 4333 viti
1984 4283 2184 4335 faceret
2205 4299 2431 4356 pauper,
2453 4298 2516 4335 ex
2540 4277 2882 4350 sequentibus
