3200 5117
743 540 1580 609 DECLAMATIONES.
1627 544 2045 614 cccxxn.
2307 549 2434 617 303

1117 809 1213 832 m

1605 810 1894 834 mm

2286 817 2435 839 m

1114 1013 1670 1090 CCCXXII.

954 1225 1223 1310 Abdico
1258 1250 1353 1326 te,
1388 1241 1518 1309 nisi
1548 1236 1819 1312 desinis.

341 1443 561 1504 Stricto
583 1441 794 1525 gladio
816 1454 877 1504 et
898 1455 1156 1504 cruento
1180 1443 1474 1525 processit
1496 1433 1847 1501 adolescens
1874 1441 1942 1500 in
1965 1441 2359 1503 concionem:
2382 1457 2442 1505 et

420 1537 599 1614 dixit,
622 1541 892 1599 occisum
912 1560 950 1597 a
969 1560 1030 1599 se
1049 1552 1286 1621 patrem
1300 1582 1317 1612 ‚
1336 1537 1510 1620 quod
1530 1537 1611 1595 ab
1631 1557 1705 1597 eo
1724 1537 2009 1619 tyrannis
2028 1537 2438 1600 affectaretur.

420 1637 709 1697 Perduxit
746 1639 1176 1718 magistratum
1211 1637 1276 1694 in
1315 1634 1609 1696 domum:
1649 1635 1918 1696 ostendit
1950 1652 2313 1719 apparatum
2345 1653 2438 1721 ty·

422 1734 719 1794 rannidis.
756 1736 969 1812 Quum
1006 1746 1384 1795 excuteretur
1419 1754 1676 1816 corpus,
1713 1734 1981 1795 inventae
2016 1749 2162 1795 sunt
2195 1736 2438 1797 tabellae

424 1832 504 1892 ad
529 1830 762 1893 filium:
787 1833 854 1893 in
873 1833 1102 1915 quibus
1130 1845 1261 1893 erat
1281 1830 1431 1908 hoc,
1455 1834 1689 1893 Aemoo
1711 1853 1814 1909 τε,
1845 1854 1967 1894 nm
1996 1853 2264 1895 nnsmts:
2293 1855 2364 1894 ετ
2383 1856 2437 1896 st

424 1948 936 2007 oon-numnius,
971 1949 1258 1992 mchno
1288 1949 1527 1990 musas.
1561 1932 1720 1991 Reus
1747 1944 1835 1990 est
1860 1927 2107 2012 juvenis
2139 1929 2439 1994 affectatae

424 2025 798 2108 tyrannidis,

1036 2176 1743 2243 DECLAMA'I’IO.

443 2332 658 2424 Quod
699 2333 876 2405 circa
917 2331 1403 2432 probationem
1444 2331 1760 2406 criminis
1805 2331 2211 2434 hujusmodi
2252 2334 2441 2406 diffi-

344 2446 695 2521 cillimum
722 2449 891 2521 solet
918 2474 1093 2539 esse,
1124 2468 1389 2521 certum
1415 2468 1513 2528 est
1538 2448 1928 2520 affectatam
1959 2449 2398 2549 tyrannidem
2417 2507 2436 2540 ,

343 2584 614 2635 certum
644 2585 746 2636 est
783 2565 1174 2636 affectatam
1208 2591 1349 2636 esse
1389 2564 1461 2634 in
1502 2563 1634 2635 hac
1676 2564 1926 2636 domo:
1961 2565 2328 2664 omnisque
2359 2592 2438 2637 eo

345 2677 714 2750 deducitur
741 2678 1058 2776 quaestio,
1094 2698 1173 2750 ut
1195 2677 1608 2778 dispiciatiS,
1640 2699 1876 2750 utrum
1909 2706 1950 2750 a
1980 2701 2170 2777 patre
2193 2680 2315 2781 huj
2328 2706 2441 2772 us,

344 2820 434 2864 an
471 2794 561 2866 ab
596 2793 729 2866 hoc
760 2793 847 2866 sit
881 2795 1226 2866 affectata.
1256 2793 1456 2866 Nihil
1492 2793 1580 2865 de
1616 2794 1930 2867 moribus
1964 2795 2174 2897 hujus
2208 2796 2438 2868 adhuc

347 2907 498 2981 dico
536 2936 550 2979 :
597 2929 819 2981 aetates
861 2929 1252 3007 comparate
1283 2935 1297 2980 :
1334 2935 1542 2981 senex
1581 2909 1736 2999 ille,
1786 2932 1854 2984 et
1894 2911 2104 2984 aetatis
2149 2933 2437 3004 exactae,

348 3049 561 3121 quam
589 3024 925 3097 rationem
950 3023 1356 3097 affectandae
1382 3026 1771 3123 tyrannidis
1796 3025 2080 3098 habuit?
2109 3027 2239 3099 nisi
2263 3029 2439 3099 forte

346 3157 626 3236 propter
666 3137 896 3209 filium
938 3136 1073 3209 hoc
1118 3138 1303 3210 fecit.
1353 3137 1492 3209 Hic
1539 3138 1947 3213 adolescens
1991 3162 2091 3213 est
2130 3169 2144 3212 :
2196 3169 2439 3214 omnes

348 3253 799 3352 cupiditates„
834 3281 1079 3325 omnes
1117 3254 1424 3352 impetus
1462 3256 1537 3325 in
1571 3255 1702 3327 hac
1738 3278 1931 3329 aetate
1964 3257 2232 3329 facilius
2266 3287 2437 3331 con-

348 3368 761 3454 valescunv.
804 3371 924 3441 Est
956 3369 1279 3467 quaedam
1312 3390 1638 3469 praeterea
1672 3371 1840 3444 ratio
1880 3373 2146 3446 sceleris
2179 3376 2273 3471 (si
2306 3376 2438 3449 hoc

348 3502 585 3556 tamen
620 3510 884 3556 nomen
922 3482 1149 3556 ullum
1186 3483 1451 3583 accepit
1483 3484 1782 3581 scelus),
1826 3486 1900 3558 id
1938 3488 2263 3579 tentavit,
2298 3517 2438 3589 quo

295 3642 300 3646 -
348 3597 488 3668 frui
527 3599 649 3671 diu
681 3618 929 3698 posset.
968 3601 1134 3671 Haec
1177 3620 1452 3672 aetatum
1499 3601 1963 3697 comparatio,
2006 3602 2125 3675 illa
2159 3604 2434 3675 animo·

428 3790 473 3824 1.
501 3775 886 3830 convalescunt.
919 3775 1250 3843 coalescunt,
1281 3777 1350 3831 al.
1435 3777 1609 3830 ullum
1640 3778 1832 3852 accipit
1862 3776 2083 3850 scelus):
2121 3781 2163 3831 is
2190 3779 2437 3841 tentavit,

347 3854 491 3907 -St'
509 3853 605 3909 hoo
629 3869 799 3909 tamen
825 3877 1014 3910 nomen
1038 3859 1248 3914 nullum
1270 3879 1353 3911 ac·
1432 3857 1525 3928 qui
1548 3856 1672 3927 frui
1704 3857 1797 3908 diu
1832 3869 2012 3928 posset.
2060 3859 2173 3907 Hoc
2210 3874 2405 3907 nomen
2422 3895 2438 3920 ‚

348 3934 503 4005 cepit.
528 3933 803 3989 AErodius:
835 3937 894 3990 Si
923 3956 1076 3990 senex
1110 3938 1205 3990 hoc
1239 3948 1354 3989 teu-
1433 3947 1564 4007 puta
1589 3936 1824 3987 rationis.
1851 3937 1905 3987 Si
1928 3935 1983 3985 in
2006 3932 2116 3984 ullo
2143 3934 2338 3986 scelere
2362 3949 2440 3987 est

350 4025 515 4083 tanet,
531 4035 595 4068 cx
611 4015 707 4069 hoc
722 4017 928 4071 nullum
943 4019 1354 4071 emolumentum
1433 4021 1586 4069 ratio.
1612 4017 1779 4069 Gnon.
1809 4014 1988 4067 Ullum
2009 4026 2063 4065 et
2083 4013 2438 4086 Schultingius

346 4094 644 4165 accepisset.-
649 4098 860 4169 juvenis
872 4095 1031 4151 scelus
1047 4096 1104 4148 id
1121 4098 1352 4149 tentavit.
1435 4111 1488 4150 et
1510 4096 1815 4150 Obrechtus
1840 4109 2178 4167 receperunt,
2202 4097 2295 4150 sed
2319 4097 2437 4152 reli-

349 4175 462 4228 Nos
489 4177 696 4229 mitius:
727 4179 823 4231 Est
846 4178 1082 4251 quoedam
1112 4188 1358 4249 preterea
1435 4197 1544 4251 qua
1558 4180 1755 4231 intacta
1771 4178 2112 4249 reliquerunt.
2126 4180 2332 4250 Bipont.
2350 4180 2432 4234 ed.

351 4257 481 4308 ratio
508 4257 707 4314 sceleris
734 4258 812 4329 (si
840 4258 936 4312 hoc
965 4272 1138 4312 tamen
1166 4279 1355 4314 nomen
1436 4277 1627 4312 nomen
1652 4258 1890 4326 nullum,
1913 4271 2011 4311 etc.
2031 4260 2124 4311 En.
