3200 5117
784 561 911 651 396
1286 561 1378 624 M.
1427 562 1678 625 FABII
1724 561 2366 645 QUINTILIANI

786 828 2034 851 mmmmmmmmmm
2041 832 2522 855 mmmmm
2529 835 2718 856 mm
2727 837 2812 856 m
2825 838 2879 858 Ἄ

1610 1032 2045 1110 CCCXL.

1425 1262 1744 1335 Novitius
1764 1277 2221 1361 praetextatus.
2291 1293 2297 1302 ·

786 1463 911 1539 Qui
938 1481 1297 1522 vomunt-r:
1318 1481 1543 1522 nomm
1572 1482 1638 1522 ut
1658 1481 1997 1522 ernanum-e
2017 1483 2270 1539 runnu,
2296 1483 2480 1525 menn
2502 1484 2614 1525 srr.
2638 1465 2872 1548 Mango

865 1560 1169 1619 novitium
1217 1581 1483 1641 puerum
1524 1581 1634 1642 per
1677 1559 2050 1642 publicanos
2093 1558 2359 1642 trajecit·
2407 1574 2871 1643 praetextatum:

865 1655 1090 1716 dicitur
1113 1655 1219 1716 ille
1245 1655 1420 1716 liber.

1472 1845 2177 1910 DECLAMATIO.

883 1991 1027 2081 QUI
1052 2011 1491 2064 VOLUNTATE
1518 2012 1783 2064 DOMINI
1811 2014 1885 2065 IN
1921 2012 2317 2065 LIBERTATE
2351 2014 2638 2084 FUERIT,
2671 2016 2875 2069 LIBER

786 2123 922 2175 sl'r.
964 2105 1443 2194 Quaerendum
1488 2106 1856 2197 estnobiS,
1889 2106 2059 2206 quid
2105 2106 2193 2178 sit
2233 2107 2305 2177 in
2344 2107 2650 2183 libertate
2689 2137 2870 2182 esse:

787 2219 1136 2292 voluntate
1161 2220 1426 2292 domini
1458 2241 1554 2293 est
1585 2220 1659 2291 in
1682 2220 1993 2293 libertate
2008 2234 2058 2311 ²,
2090 2249 2230 2321 quo
2249 2222 2526 2296 volente
2556 2224 2732 2296 liber
2756 2244 2873 2296 est.

787 2337 928 2408 Nos
964 2336 1248 2409 finimus
1280 2337 1411 2410 ita:
1443 2337 1794 2410 voluntate
1826 2337 2097 2410 domini
2135 2339 2208 2410 in
2243 2339 2561 2413 libertate
2591 2362 2721 2430 est,
2754 2340 2876 2439 qui

778 2449 897 2552 jus
917 2450 1240 2524 libertatis
1260 2451 1609 2551 usurpavit
1626 2451 1915 2523 domino
1931 2451 2225 2524 volente.
2244 2453 2320 2523 Id
2343 2454 2649 2553 primurn
2671 2454 2878 2555 scrip-

790 2585 858 2636 to
877 2566 1023 2665 ipso
1042 2567 1471 2665 colligemus:
1494 2594 1636 2638 non
1656 2567 1848 2639 enim
1870 2567 2154 2640 difficile
2174 2569 2314 2641 fuit
2333 2569 2426 2660 ei,
2444 2571 2558 2669 qui
2581 2570 2763 2641 hanc
2785 2570 2878 2640 le-

790 2706 949 2779 gem
985 2682 1476 2779 componebat,
1509 2681 1577 2752 id
1609 2682 1931 2754 seribere:
1964 2683 2112 2773 QUI
2142 2701 2571 2755 VOLUNTATE
2597 2702 2868 2754 DOMINI

789 2815 991 2867 Lmen
1040 2815 1250 2867 rtur:
1309 2823 1499 2868 nunc
1553 2795 1685 2867 hoc
1736 2798 2099 2870 scribendo
2119 2856 2137 2889 ,
2184 2799 2331 2889 Qm
2367 2820 2437 2870 m
2474 2817 2871 2869 Lim-:num

789 2929 1077 3001 FUERIT,
1106 2910 1268 2982 satis
1292 2910 1595 2983 ostendit
1614 2911 1811 2983 aliud
1836 2940 2002 3003 esse,
2027 2913 2101 2984 in
2123 2913 2429 2986 libertate
2452 2939 2622 3002 esse3
2652 2911 2876 3003 aiiud‚

789 3026 1091 3099 liberum
1118 3054 1284 3100 esse.
1316 3028 1760 3102 Excutiamus
1790 3029 1999 3102 etiam
2029 3058 2263 3104 causas
2295 3030 2723 3130 legishujuS.
2754 3032 2879 3100 In-

752 3149 761 3158 ’
794 3143 1085 3242 dignum
1116 3145 1380 3244 putavit
1402 3144 1840 3243 legumlator,
1867 3174 2066 3237 eum,
2094 3147 2212 3246 qui
2246 3147 2318 3218 in
2348 3148 2627 3219 fortuna
2653 3144 2880 3242 aliqua

793 3258 1223 3356 reipublicae,
1253 3260 1373 3359 qui
1410 3260 1483 3330 in
1513 3287 1806 3332 numero
1837 3262 2124 3334 civitatis
2156 3262 2432 3353 fuisset,
2475 3261 2780 3361 redigere
2805 3259 2875 3331 in

795 3373 1210 3447 servitutem.
1233 3375 1368 3447 Sed
1387 3374 1517 3448 hoc
1540 3375 1874 3474 quoniam
1889 3376 1917 3423 ³
1938 3377 2066 3449 sibi
2083 3376 2392 3475 nequitia
2413 3376 2688 3448 interim
2712 3400 2879 3447 asse-

872 3573 914 3607 1.
941 3558 1260 3631 Perpublica
1286 3571 1445 3614 rostra
1450 3562 1599 3635 jecit.
1625 3564 1795 3633 Lego,
1878 3575 1955 3617 ter
1994 3564 2208 3636 publica
2243 3576 2426 3637 portus
2444 3601 2462 3628 ,
2492 3561 2575 3614 vel
2615 3562 2877 3634 por-toria,-

790 3656 887 3710 per
925 3638 1227 3710 publicanos
1272 3645 1484 3714 trajecit.
1530 3645 1674 3695 Prrn.
1720 3643 1797 3694 Ita
1875 3644 1990 3710 vel,
2012 3656 2229 3717 propter
2250 3642 2555 3714 publicanos
2576 3653 2628 3692 et
2648 3641 2875 3714 portoria

794 3720 1091 3773 emendavit
1115 3721 1409 3788 Rubenius,
1432 3723 1597 3775 Elect.
1625 3722 1718 3774 lib.
1745 3724 1796 3790 1,
1865 3721 2002 3793 fecit
2014 3732 2398 3795 praetextatum.
2417 3724 2572 3774 Putat
2592 3734 2766 3771 autem
2782 3720 2878 3770 De-

800 3804 864 3855 16
883 3843 900 3870 ,
941 3803 1272 3875 approbante
1308 3805 1582 3870 Ferrario,
1621 3802 1687 3855 de
1723 3805 1800 3856 Re
1879 3805 2248 3858 clamationem
2274 3814 2584 3875 sequentem
2603 3801 2728 3852 huic
2752 3818 2880 3870 prte-

794 3886 939 3938 Vest.
958 3898 1091 3957 part.
1110 3888 1159 3950 1,
1173 3884 1263 3936 lib.
1282 3887 1376 3950 111,
1393 3905 1512 3956 cap.
1533 3884 1615 3949 24.
1636 3886 1801 3936 Fraus
1879 3884 2182 3957 ponendam
2195 3922 2211 3949 ,
2227 3897 2279 3935 et
2288 3881 2616 3954 jungendam
2632 3881 2769 3933 hanc
2783 3881 2881 3931 De-

797 3978 972 4015 autem
996 3964 1083 4016 hie
1110 3965 1251 4015 facta
1275 3965 1535 4036 portorio,
1569 3963 1634 4015 de
1660 3982 1798 4035 quo,
1879 3964 2183 4016 clamationi
2204 3962 2484 4014 CCCXLII.

796 4055 850 4092 et
888 4042 1340 4112 professionibuS,
1376 4062 1445 4094 ne
1483 4043 1624 4094 fraus
1657 4042 1801 4094 fieret
1952 4060 1998 4093 2.
2032 4040 2314 4094 Voluntate
2338 4040 2540 4092 domini
2556 4048 2630 4089 est
2652 4038 2705 4088 in
2730 4034 2883 4088 liber-

795 4120 1121 4191 publicanis,
1147 4124 1229 4192 egi
1254 4125 1308 4175 ln
1337 4122 1708 4175 dissertatione
1735 4122 1800 4174 de
1883 4130 2002 4172 tate.
2035 4120 2087 4170 V
2083 4119 2317 4172 oluntate
2339 4118 2542 4171 domini
2563 4127 2662 4182 est,
2688 4113 2881 4187 inquit,

796 4199 1155 4269 vectigalibus
1168 4201 1221 4252 P.
1235 4203 1426 4272 R.cap.
1442 4201 1580 4255 5.C1.
1598 4201 1801 4254 Schult.
1883 4199 1937 4250 ἰη
1959 4198 2221 4266 libertate,
2242 4200 2337 4270 qui
2354 4216 2414 4249 eo
2431 4195 2634 4248 volente
2648 4194 2688 4245 l.
2702 4213 2748 4245 e.
2765 4193 2882 4245 Scn.

798 4277 1093 4348 dubitabat,
1108 4300 1175 4333 an
1191 4280 1470 4352 legendum
1488 4296 1643 4348 esset,
1655 4299 1805 4354 prop-
1901 4319 1906 4324 .
1953 4278 2005 4330 3.
2044 4278 2145 4330 Sed
2177 4277 2275 4329 hoc
2306 4275 2576 4350 quoniam.
2617 4272 2720 4328 Sed
2757 4290 2887 4344 quo-
