3200 5117
796 447 922 572 2210
1295 486 1389 551 M.
1436 486 1689 549 mnu
1735 479 2373 567 QmNTlmANl

793 612 882 683 rit
913 607 1446 682 testamentum?
1495 626 1714 705 potest
1753 605 1967 680 videri
2013 605 2352 677 novitium
2375 663 2394 695 ,
2433 604 2625 704 quod
2667 610 2888 707 magis

781 727 941 826 jure
968 726 1277 823 primum
1309 722 1703 795 dixerimus.
1736 721 1870 794 Sed
1895 722 2501 818 quemadmodum
2532 723 2709 795 inter
2733 724 2891 824 plu·-

792 841 971 913 rima
1004 860 1440 929 testamenta,
1476 838 1811 911 ultimum
1840 837 2066 911 valere
2090 858 2400 937 oportet:
2441 838 2534 910 ita
2560 840 2707 912 haec
2740 870 2891 913 ma-

789 957 1037 1029 nifesta
1083 956 1252 1054 legis
1297 955 1612 1027 voluntas
1659 974 1798 1046 est,
1847 974 1927 1026 ut
1970 954 2045 1026 id
2091 974 2588 1028 testamentum
2624 956 2882 1046 valeat,

788 1092 940 1170 post
978 1070 1167 1170 quod
1209 1069 1491 1142 nullum
1533 1088 2026 1141 testamentum
2065 1088 2185 1141 est.
2222 1072 2468 1168 Neque
2510 1090 2614 1142 est
2659 1071 2885 1144 incre-

789 1186 1039 1276 dibile,
1072 1185 1219 1257 sine
1258 1183 1510 1273 dubio,
1546 1184 1756 1256 etiam
1796 1203 1956 1255 ante
1994 1182 2127 1255 boc
2166 1204 2696 1276 testamentum,
2740 1213 2880 1285 quo

787 1325 912 1399 ego
942 1298 1142 1371 heres
1174 1299 1393 1369 factus
1424 1323 1618 1387 sum,
1652 1296 1996 1395 scripsisse
2032 1296 2234 1369 illum
2263 1299 2398 1370 alia
2431 1320 2876 1391 testamenta,

785 1413 1150 1486 bominem
1194 1414 1594 1513 frequenter
1623 1426 1639 1457 ¹
1685 1412 1817 1484 boc
1854 1412 2269 1485 facientem:
2316 1415 2407 1487 ita
2449 1436 2516 1487 et
2548 1415 2880 1488 ultimum

787 1529 1003 1601 videri
1046 1549 1297 1628 potest,
1341 1529 1395 1600 si
1440 1549 1593 1626 post
1636 1527 1773 1601 alia
1807 1528 2141 1627 scriptum
2180 1549 2278 1601 est
2313 1558 2327 1601 :
2373 1551 2439 1603 et
2480 1531 2535 1602 si
2565 1531 2875 1629 primum

788 1646 1119 1744 scriptum
1159 1661 1292 1734 est,
1337 1644 1502 1744 quia
1538 1644 1820 1716 nullum
1865 1665 2099 1717 tamen
2142 1666 2277 1736 est,
2322 1646 2512 1743 quod
2545 1647 2773 1719 vincat
2812 1669 2876 1719 et

787 1762 1139 1859 potentius
1169 1760 1257 1831 sit
1279 1780 1515 1858 postea
1537 1815 1556 1847 ,
1593 1784 1718 1857 pro
1751 1759 2003 1830 ultimo
2028 1758 2436 1832 habendum
2467 1780 2608 1831 est:
2644 1760 2877 1833 subla-

783 1892 936 1946 tum
977 1874 1221 1945 dicunt
1251 1873 1441 1973 prius
1475 1893 1969 1946 testamentum
2011 1873 2388 1972 posteriore
2422 1893 2826 1946 testamento
2853 1902 2870 1947 t

785 2015 1013 2086 neque
1043 2015 1171 2087 ego
1198 1987 1493 2079 inficior,
1523 1988 1578 2061 si
1596 1988 1759 2088 jure
1785 1990 2049 2061 factum
2074 1989 2166 2061 sit
2188 2009 2710 2079 testamentum,
2747 1990 2873 2062 boc

786 2124 923 2192 est,
967 2104 1023 2175 si
1064 2113 1553 2176 testamentum
1592 2123 1731 2193 est,
1776 2103 2333 2201 potentissimam
2380 2129 2521 2176 esse
2563 2104 2872 2176 defuncti

784 2219 1169 2318 proximam
1191 2245 1545 2316 quamque
1564 2218 1992 2290 voluntatem
2014 2245 2030 2290 z
2054 2218 2174 2292 sed
2195 2246 2373 2319 nego
2392 2218 2620 2291 ullum
2642 2241 2872 2319 postea

784 2334 1049 2405 factum
1078 2354 1564 2406 testamentum
1599 2361 1615 2403 :
1661 2332 1835 2432 quid
1870 2355 1969 2406 est
2008 2335 2198 2405 enim
2237 2336 2769 2407 testamentum?
2799 2355 2873 2408 ut

785 2451 1053 2549 opinor,
1066 2451 1377 2524 voluntas
1390 2449 1696 2522 defuncti
1716 2449 2117 2550 consignata
2121 2452 2279 2552 jure
2297 2452 2704 2550 legibusque
2719 2452 2872 2524 civi-

784 2564 959 2636 tatis.
978 2567 1135 2635 Non
1155 2562 1441 2635 dixerim
1460 2590 1588 2663 ego
1605 2584 2093 2637 testamentum
2106 2622 2125 2654 ,
2147 2566 2259 2636 cui
2285 2592 2617 2638 numerus
2639 2566 2868 2663 signa-

784 2700 1013 2751 torum
1050 2678 1238 2749 deest
1269 2705 1283 2748 :
1323 2704 1464 2749 non
1507 2678 1798 2749 dixerim
1830 2699 2356 2767 testamentum,
2385 2678 2494 2750 cui
2531 2677 2863 2776 libripens

785 2811 855 2863 et
888 2811 1158 2890 emptor
1199 2790 1515 2881 familiae,
1554 2811 1622 2862 et
1658 2812 1898 2863 caetera
1929 2791 2073 2893 juri
2117 2792 2571 2865 necessaria²z
2611 2791 2862 2863 tabulae

784 2926 1021 2994 erunt;
1056 2906 1341 2976 fortasse
1376 2925 1441 2976 et
1469 2905 1804 3004 scriptum
1836 2905 1984 2977 erit.
2016 2909 2102 2978 Et
2130 2906 2294 2997 hoc,
2337 2929 2418 2980 ut
2444 2905 2679 3007 paullo
2708 2927 2864 2978 ante

784 3020 1135 3111 dicebam,
1175 3041 1394 3094 vestra
1436 3048 1713 3118 quoque
1763 3023 2220 3095 manifestum
2261 3024 2687 3120 confessione
2732 3043 2861 3112 est,

784 3163 923 3210 non
976 3163 1118 3209 esse
1162 3135 1347 3208 velut
1392 3155 1880 3210 testamentum
1918 3167 1932 3210 z
1984 3122 2159 3211 facto
2206 3139 2398 3212 enim
2448 3139 2568 3211 illo
2615 3140 2864 3211 dicitur

782 3323 893 3374 deri
922 3343 1025 3375 non
1061 3326 1263 3376 vitium.
1301 3325 1478 3378 Scribe
1506 3345 1602 3396 per
1623 3329 1785 3379 inter-
1865 3329 1986 3380 Haec
2010 3329 2054 3380 si
2077 3327 2277 3394 desint,
2298 3329 2495 3398 inquit,
2516 3326 2710 3380 ,tabulae
2729 3345 2863 3398 quae-

782 3403 1139 3470 rogationem:
1175 3415 1340 3476 potest
1376 3404 1538 3456 videri
1570 3405 1784 3456 novissi·-
1865 3406 1985 3458 dam
2006 3424 2117 3458 esse
2139 3419 2418 3476 poterunt,
2436 3419 2532 3457 aut
2549 3406 2750 3475 privata
2765 3402 2864 3455 alia

782 3500 928 3534 mum
949 3522 966 3548 ,
1008 3486 1151 3555 quod
1191 3485 1354 3557 maqis
1394 3487 1511 3555 iure
1553 3485 1784 3555 primum
1865 3484 2078 3556 quidem
2109 3488 2400 3554 scriptura:
2436 3482 2532 3536 sed
2563 3501 2675 3535 non
2705 3494 2863 3534 testa-

780 3562 1267 3615 dixen‘mus?Gnon.
1293 3565 1415 3616 Non
1439 3574 1607 3635 potest
1625 3564 1785 3615 videri
1862 3578 2097 3616 mentum
2117 3602 2135 3630 ,
2183 3567 2305 3635 quia
2351 3582 2461 3616 non
2505 3565 2862 3633 couscriptum

779 3642 1131 3695 novissimum.
1157 3644 1371 3696 Senum.
1854 3648 1974 3716 jure
2006 3645 2316 3719 legibusque
2335 3647 2599 3698 civitatis:
2629 3662 2735 3695 uon
2767 3659 2863 3693 vo·

857 3738 899 3772 1.
936 3723 1260 3795 Frequenter.
1296 3724 1373 3774 Ita
1405 3722 1533 3775 dicit
1562 3723 1777 3775 Sueten.
1861 3723 2076 3777 luntatis
2095 3743 2199 3778 suae
2213 3726 2356 3794 justa
2371 3724 2736 3788 sententia,ut
2747 3722 2864 3771 Mo-

778 3803 904 3855 Caes.
943 3804 1179 3855 LXXXII
1215 3824 1227 3854 ε
1270 3804 1592 3874 «Pompeius
1625 3802 1780 3856 bere·
1860 3804 2097 3859 destinus
2134 3806 2337 3858 ait'lib.
2375 3806 2422 3855 11
2457 3803 2860 3857 pandectarum.

784 3903 805 3926 ι
825 3881 943 3932 dem
969 3900 999 3932 a
1022 3883 1222 3935 Caesare
1245 3880 1404 3933 scribi
1425 3881 1656 3934 solitum.
1680 3905 1702 3928 υ
1866 3887 2039 3938 AEnon.
2065 3915 2138 3925 -
2163 3887 2288 3937 Non
2310 3903 2409 3938 esse
2431 3883 2587 3937 velut.
2614 3885 2740 3935 Nou
2764 3899 2863 3934 esse

850 3979 897 4012 α.
915 3963 989 4013 Et
1000 3973 1179 4015 coetera
1179 3965 1297 4035 juri
1314 3953 1608 4016 necessan'a.
1628 3965 1776 4029 Just,
1860 3983 2032 4017 venam
2064 3974 2422 4017 testamentum
2439 4002 2456 4028 ,
2482 3962 2614 4016 Obr.
2648 3964 2714 4013 Et
2737 3960 2824 4012 alii
2837 3996 2856 4024 ‚

779 4044 983 4111 opinor.
1027 4044 1195 4095 Gnon.
1234 4044 1302 4094 Ut
1347 4044 1579 4114 quinque
1626 4043 1778 4094 liberi
1858 4053 1944 4095 est.
1984 4043 2107 4094 Non
2144 4061 2244 4095 esse
2287 4041 2442 4094 vultis
2482 4049 2851 4093 testamentum.

779 4121 917 4172 cives
942 4125 1172 4188 romani,
1200 4124 1411 4175 testium
1438 4121 1615 4192 signa,
1641 4121 1780 4173 filio-
1859 4120 2076 4173 Senum.
2093 4151 2164 4161 -—-
2180 4121 2357 4173 Unum
2373 4119 2468 4170 hoc
2482 4128 2851 4172 testamentum.

778 4215 893 4248 rum
917 4200 1175 4252 institutio
1193 4200 1273 4252 vel
1288 4199 1651 4266 exheredatio,
1676 4214 1775 4252 etc.
1865 4198 1975 4251 Hoc
1997 4218 2105 4251 non
2128 4198 2290 4252 habet
2313 4196 2490 4250 AErod.
2523 4241 2540 4260 ,
