3200 5117
679 540 1521 607 DECLAMATIONES.
1569 543 1981 609 CCXLVII.
2308 547 2380 610 15

294 667 373 741 de
396 668 612 742 altera
634 666 853 765 quaeri
882 691 1387 764 supervacuum
1416 684 1550 737 est:
1584 667 1641 737 si
1663 668 1944 741 viduam
1959 725 1979 759 ,
2008 669 2380 769 interrogo,

291 809 373 855 an
421 801 597 854 esset
643 780 942 878 aliquis,
989 778 1190 880 eujus
1238 778 1642 879 nuptiarum
1686 781 2007 857 habitura
2050 805 2222 857 esset
2265 785 2383 885 jus

292 897 517 998 puella
562 927 578 969 :
635 897 989 970 crederem
1045 897 1254 996 igitur
1309 922 1539 996 neque
1590 895 1787 969 illam
1839 900 2178 1000 virginem
2236 929 2384 974 esse

292 1035 633 1104 constare,
677 1033 745 1085 et
780 1011 985 1083 illum
1023 1038 1167 1084 non
1204 1037 1344 1083 esse
1396 1009 1746 1102 caelibem,
1785 1014 1841 1084 si
1882 1014 2028 1087 haee
2071 1043 2276 1108 uxor,
2318 1037 2386 1090 et

292 1128 399 1201 ille
424 1127 741 1200 maritus.
772 1127 979 1199 Nunc
1005 1152 1267 1223 quaero,
1297 1124 1498 1224 cujus
1522 1125 1641 1197 ille
1668 1127 1987 1219 maritus,
2018 1132 2382 1233 cujushaec

291 1271 490 1316 uxor:
523 1243 802 1343 nuptias
834 1264 1070 1316 tamen
1095 1241 1169 1313 in
1204 1241 1438 1313 domo.
1466 1241 1747 1340 Nuptiae
1782 1243 1856 1314 in
1886 1245 2034 1318 aliis
2056 1247 2192 1320 sint
2217 1275 2382 1321 sane

291 1358 716 1434 necessariae:
747 1384 1176 1458 quamquam
1202 1382 1291 1428 ne
1316 1356 1391 1427 id
1422 1354 1720 1454 quidem
1744 1356 1988 1457 utique
2009 1359 2126 1459 jus
2155 1363 2388 1459 exigit,

291 1500 568 1548 causam
614 1495 855 1548 tamen
900 1471 975 1544 in
1016 1472 1230 1546 domo
1265 1471 1449 1543 hanc
1484 1469 1742 1544 habeto
1784 1476 2228 1549 ostendendae
2268 1504 2392 1548 vo-

291 1589 616 1679 luntatis,
648 1589 870 1663 filiam
905 1589 1031 1661 tihi
1052 1647 1070 1678 ‚
1102 1608 1222 1662 aut
1255 1614 1411 1660 eam
1446 1587 1667 1685 ipsam
1697 1591 2070 1693 conjungi,
2102 1619 2252 1689 quae
2280 1594 2389 1665 sui

288 1705 506 1777 habet
549 1725 975 1803 potestatem.
1028 1704 1183 1775 Hoc
1232 1700 1422 1800 quod
1476 1701 1731 1801 nuptiae
1780 1705 2145 1797 efficiunt,
2198 1707 2389 1806 optio

286 1820 493 1894 fecit:
545 1821 906 1892 videamus
947 1844 1042 1890 an
1083 1817 1301 1889 etiam
1344 1817 1583 1890 fortius
1623 1839 1827 1917 atque
1865 1821 2383 1894 vehementius:

290 1935 560 2034 quippe
602 1934 744 2006 illic
789 1933 1117 2006 voluntas
1142 1987 1163 2020 ,
1206 1931 1321 2003 hic
1380 1932 1583 2005 etiam
1625 1936 1994 2010 necessitas
2036 1940 2383 2035 quaeritur.

286 2049 543 2122 Ausim
581 2048 809 2120 dicere
838 2046 1080 2144 utique
1113 2045 1186 2117 in
1213 2045 1342 2118 hoc
1372 2073 1623 2147 genere
1655 2049 1824 2140 litis,
1853 2052 2082 2125 nullas
2112 2079 2254 2126 esse
2285 2053 2391 2125 di-

288 2165 615 2262 guiores,
659 2188 813 2262 quae
859 2161 1197 2236 retineant
1233 2161 1646 2235 maritorum
1678 2165 2124 2258 hereditates,
2170 2195 2386 2266 quam

289 2308 401 2353 eas
431 2335 455 2368 ‚
515 2304 671 2375 quae
717 2303 954 2350 uxores
1009 2302 1091 2350 ex
1138 2296 1335 2376 raptu
1390 2303 1534 2349 esse
1591 2303 1996 2377 coeperunt:
2053 2284 2389 2381 quoniam

290 2415 447 2493 post
480 2413 764 2493 raptum
792 2390 1001 2464 nulla
1019 2418 1191 2466 uxor
1222 2411 1353 2481 est,
1380 2393 1515 2464 nisi
1558 2393 1901 2467 beneficio
1930 2423 2055 2467 suo
2083 2423 2098 2467 :
2141 2423 2219 2468 ac
2245 2400 2392 2469 for-

293 2511 473 2584 sitan
500 2509 669 2582 inde
698 2508 907 2584 etiam
944 2507 1050 2580 lex
1078 2507 1205 2579 ista
1234 2506 1609 2581 descendit.
1643 2511 1755 2581 Ad
1798 2509 1920 2581 illa
1951 2509 2124 2606 libet
2159 2538 2396 2611 perve-

293 2628 489 2716 nire,
518 2625 611 2698 ad
643 2651 799 2724 quae
826 2650 982 2723 pars
1011 2623 1283 2695 diversa
1302 2644 1515 2696 vocat.
1546 2627 1660 2695 An
1693 2625 1839 2697 haec
1862 2625 2075 2725 digna
2100 2627 2212 2717 sit,
2243 2654 2394 2728 quae

296 2740 527 2814 uxoris
562 2767 827 2814 nomen
856 2740 1185 2840 accipiat:
1215 2739 1271 2812 si
1295 2739 1428 2813 hoo
1454 2760 1728 2812 tantum
1769 2742 2065 2814 dioerem
2085 2800 2103 2832 ,
2140 2746 2397 2818 meruit

296 2854 753 2929 hereditatem
786 2882 913 2954 pro
947 2854 1240 2953 injuria3
1282 2874 1507 2952 posset
1544 2875 1782 2926 tamen
1810 2855 2026 2929 videri
2053 2857 2394 2931 hereditas

297 2970 427 3042 ista
457 2997 677 3068 genus
715 2970 1075 3068 quoddam
1114 2969 1632 3042 satisfactionis:
1671 2990 1901 3041 amata
1945 2990 2045 3041 est
2091 2970 2180 3041 ah
2219 2971 2394 3042 ado-

299 3085 639 3162 lescente:
681 3086 891 3160 debet
920 3112 1205 3185 quoque
1242 3085 1376 3157 hoc
1408 3084 1634 3157 valere
1664 3084 1740 3156 in
1772 3085 2085 3184 portione
2109 3085 2248 3157 litis
2270 3086 2395 3158 hu-

297 3203 529 3300 jusoe3
572 3201 748 3276 nihil
780 3202 901 3275 isse
937 3202 1225 3292 maluit,
1252 3229 1470 3301 quarn
1503 3202 1629 3274 ista
1659 3202 1875 3291 bona,
1924 3201 2194 3274 etiamsi
2219 3201 2398 3273 vive-

316 3334 457 3404 ret,
494 3339 631 3390 esse
673 3316 1100 3390 eommunia.
1151 3316 1283 3387 llle
1313 3315 1479 3387 fecit
1510 3313 1621 3388 his
1655 3314 1859 3386 honis
1900 3313 2082 3385 hanc
2125 3314 2391 3413 legem:

306 3429 615 3529 speravit
647 3431 733 3503 de
756 3459 840 3504 ea
871 3431 1300 3505 adolescens:
1338 3431 1498 3504 ideo
1536 3457 1775 3530 rogare
1804 3456 2009 3502 ausus
2044 3452 2183 3503 est:
2215 3457 2398 3530 nup-

306 3545 440 3617 tias
484 3543 689 3644 petiit
741 3546 968 3645 puella
1012 3576 1025 3618 :
1076 3574 1221 3620 non
1277 3546 1431 3621 dico
1480 3573 1673 3618 nunc
1721 3546 1808 3617 de
1849 3544 2052 3647 jure:
2108 3546 2394 3644 cogitate

304 3682 659 3760 quantum
706 3659 1126 3735 beneficium
1176 3663 1336 3735 dare
1387 3661 1682 3735 voluerit
1722 3687 1736 3731 :
1801 3661 2021 3732 immo
2073 3659 2263 3759 quod
2308 3660 2396 3731 ad

304 3777 531 3876 ipsam
558 3778 889 3877 pertinet,
932 3779 1202 3853 dederit
1229 3808 1247 3852 τ
1284 3778 1541 3854 remisit
1581 3775 1909 3878 injuriam
1938 3796 2151 3873 raptae
2184 3774 2397 3873 virgi-

304 3892 542 3964 nitatis
583 3919 699 3985 ea,
744 3893 858 3966 cui
891 3891 999 3967 lex
1041 3915 1106 3966 et
1143 3915 1438 3967 mortem
1472 3890 1820 3964 vindicare
1852 3889 2227 3989 permisit¹.
2263 3889 2400 3962 Sed

302 4032 467 4078 sero
509 4007 643 4080 hoe
685 4008 903 4082 dedit.
946 4009 1243 4083 Etiamsi
1288 4009 1507 4112 hujus
1537 4006 1853 4081 tarditate
1893 4005 2152 4077 facturn
2186 4025 2396 4093 esset,

388 4199 430 4234 ι.
476 4186 577 4238 Cui
609 4184 699 4238 lex
730 4197 782 4238 α
815 4198 1036 4240 mortem
1065 4187 1325 4240 vindieat·
1403 4186 1693 4253 uindicare,
1730 4184 1927 4239 scilieet
1964 4183 2104 4235 illam
2137 4184 2396 4254 injuriam,

300 4266 556 4336 permisit.
577 4268 750 4337 Lege,
764 4280 931 4322 mone
949 4267 1225 4334 vindicari,
1239 4267 1323 4320 vel
1402 4271 1567 4322 Giton.
1590 4268 1764 4324 Morte
1785 4266 1984 4320 Schult.
2011 4279 2064 4318 et
2084 4265 2212 4318 obt.
