3200 5117
1230 523 1327 587 M:
1371 522 1619 585 FABII
1667 523 2299 607 QUINTILIANI

725 645 935 717 nullis
968 643 1243 743 captivae
1275 646 1523 716 forma¹
1559 645 2009 744 praestantior,
2039 645 2289 718 ultima
2319 672 2461 718 sors
2493 646 2809 720 habeba-

722 784 856 850 tur,
890 761 1273 858 quamlibet
1299 760 1551 833 nobilis
1584 783 1864 861 peteret.
1900 762 2249 861 Legistine
2272 763 2451 835 circa
2485 765 2809 837 decennis

721 876 887 947 belli
927 876 1199 947 exuvias
1240 875 1673 948 contendisse
1712 876 2122 948 clarissimos
2158 877 2393 975 reges?
2436 875 2808 953 haec'sacra

719 1011 879 1063 sunt
908 991 1183 1081 merita,
1214 990 1358 1062 haec
1382 990 1738 1091 conjurata
1765 994 2019 1065 virtus:
2048 993 2180 1064 hoc
2208 1014 2350 1065 erat
2374 990 2584 1084 illud,
2617 997 2808 1094 quod

715 1107 938 1179 volo².
972 1106 1042 1178 Si
1071 1131 1227 1178 vero
1256 1105 1380 1177 isto
1411 1107 1618 1178 verbo
1650 1107 2032 1180 immodico
2060 1109 2365 1181 abuteris
2391 1138 2408 1198 ;
2443 1111 2808 1210 responde-

715 1220 979 1293 bit.tibi
1023 1221 1444 1321 respublica3
1490 1222 1663 1319 quid
1705 1222 1981 1320 prodest
2007 1223 2280 1312 vicisse,
2319 1224 2376 1295 si
2411 1225 2639 1297 adhuc
2671 1226 2806 1298 ali-

715 1337 888 1435 quid
922 1363 1173 1436 negare
1209 1364 1354 1409 non
1387 1336 1715 1436 possum?
1740 1338 1837 1410 sic
1866 1364 2145 1409 mecum
2177 1337 2570 1436 loqueretur
2593 1339 2808 1412 victor

712 1451 925 1523 hostis
954 1479 968 1521 :
1007 1451 1181 1552 quid
1202 1451 1258 1523 si
1284 1451 1713 1550 templorum
1745 1450 2070 1523 incendia
2099 1452 2334 1550 petas?
2361 1451 2599 1550 legum
2626 1452 2806 1523 ohli-

713 1564 1040 1637 viones³?
1080 1566 1213 1637 hoc
1252 1566 1464 1637 niodo
1503 1586 1568 1637 et
1612 1564 1891 1663 nuptias
1927 1564 2164 1636 matris
2201 1584 2489 1664 optares,
2518 1566 2800 1655 Quanto

704 1682 957 1782 justius
982 1682 1105 1754 tibi
1135 1683 1393 1755 mulier
1416 1683 1678 1781 privata
1702 1682 2094 1782 respondet:
2120 1709 2262 1754 non
2285 1709 2408 1781 pro
2430 1708 2543 1753 me
2563 1702 2795 1754 tamen

712 1797 1060 1870 militasti:
1110 1796 1383 1898 appella
1425 1796 1970 1895 rempublicam,
2009 1796 2285 1897 appella
2322 1796 2796 1895 magistratus:

711 1938 855 1983 non
898 1933 1120 2011 potest
1155 1939 1199 1985 a
1227 1912 1492 2011 privato
1522 1911 1707 2002 dari,
1746 1910 1954 2010 quod.
1977 1912 2065 1983 ab
2108 1911 2438 1983 omnibus
2481 1909 2796 1982 debetur.

710 2029 875 2098 Haec
909 2027 1247 2118 dicerem,
1294 2029 1349 2098 si
1397 2027 1668 2127 aliquid
1718 2054 1801 2099 ex
1846 2027 2051 2100 rebus
2093 2027 2267 2098 meis
2313 2025 2798 2124 concupisses:

710 2168 902 2213 nunc
950 2142 1483 2216 matrimonium
1531 2143 1751 2242 peti5‚
1800 2143 1991 2242 quod
2039 2142 2163 2214 tihi
2211 2141 2609 2239 contingere
2657 2168 2800 2213 non

709 2277 927 2355 potest
971 2257 1121 2328 sine
1165 2256 1426 2327 invidia
1462 2257 1870 2355 captivitatis
1888 2255 1941 2327 4.
1993 2257 2063 2328 Si
2105 2276 2339 2329 tamen
2383 2255 2555 2327 urbe
2602 2277 2803 2355 capta

730 521 855 586 228

710 2411 847 2478 378.-
876 2410 1145 2462 «Bellator
1180 2411 1347 2475 ensis,
1369 2434 1391 2457 a
1428 2409 1515 2463 Sil.
1560 2411 1713 2475 xm,
1865 2410 1916 2462 3.
1966 2411 2162 2485 Legum
2209 2410 2508 2462 obliviones.
2556 2411 2801 2463 Fortasse

710 2488 845 2558 376;
877 2502 927 2540 et
959 2487 1079 2539 ideo
1113 2491 1288 2560 potuit
1314 2489 1509 2540 Noster
1536 2486 1711 2538 dicere

702 2570 822 2638 juro
865 2585 994 2632 suo,
1036 2565 1388 2618 «bellatorem
1430 2585 1659 2618 currum.
1682 2590 1704 2614 n

708 2648 877 2698 Bunu.

784 2744 831 2779 1.
877 2726 1119 2799 Captivoe.
1166 2726 1381 2797 Captiva
1395 2764 1414 2793 ,
1452 2724 1708 2777 Obrecht.

708 2805 799 2859 sed
820 2819 873 2857 et
888 2804 1101 2874 vulgata
1124 2805 1334 2855 retineri
1351 2816 1557 2874 potest,
1572 2821 1711 2874 sepe

708 2883 1040 2954 enimforma
1058 2884 1111 2932 in
1130 2881 1212 2933 his
1227 2881 1709 2934 Declamationibus

708 2982 806 3034 pro
827 2961 1004 3034 puella
1023 2962 1258 3013 formosa
1276 2963 1532 3026 occurrit,
1549 2973 1602 3012 et
1621 2958 1710 3011 ali-

709 3045 781 3096 bi.
802 3044 930 3095 Vide
953 3040 1185 3094 Declam.
1210 3043 1325 3107 XV,
1354 3059 1401 3092 2.
1428 3043 1596 3093 Bnnn.

784 3139 832 3172 2.
858 3121 973 3172 Hoc
994 3130 1107 3172 erat
1127 3118 1277 3172 illud.
1306 3119 1435 3170 Hoee
1459 3118 1622 3191 eligat
1643 3118 1712 3170 il-

710 3202 802 3254 !ud
818 3203 960 3276 quod
976 3201 1140 3266 volet,
1168 3199 1367 3252 Schult.
1389 3199 1508 3251 Vid.
1534 3199 1602 3252 ad
1622 3202 1715 3252 Pe-

711 3295 846 3332 tron.
870 3281 1044 3333 xcm.
1060 3281 1248 3331 -1510
1268 3280 1414 3332 verbo
1434 3279 1712 3331 immodico

710 3363 945 3413 abuteris.
989 3360 1232 3413 AErodius
1253 3383 1265 3412 τ
1308 3360 1388 3413 Sis
1423 3377 1539 3413 vero
1578 3360 1717 3412 istud

1792 2488 2008 2553 melius,
2041 2488 2363 2542 abolitiones.
2394 2492 2540 2542 Pt‘ru.
2568 2519 2641 2527 —
2674 2489 2802 2540 Non

1787 2584 1886 2636 pro
1906 2587 1989 2618 me
2009 2578 2183 2618 tamen
2202 2566 2457 2619 militasti.
2480 2565 2661 2617 Scribo
2677 2575 2796 2615 tan-

1793 2656 1921 2697 tum.
1965 2648 2080 2697 Hoc
2122 2659 2238 2710 est,
2281 2644 2649 2708 solumnodo,
2694 2661 2793 2693 nec

1791 2725 1931 2776 enim
1963 2722 2192 2794 negabat
2225 2742 2281 2776 se
2308 2737 2508 2795 partem
2536 2722 2793 2784 civitatis,

1790 2820 1892 2873 pro
1928 2821 2034 2873 qua
2072 2801 2397 2853 militaverat.
2437 2800 2671 2851 (honor.
2713 2800 2794 2849 Ita

1790 2882 2043 2937 Obrecht.
2074 2912 2147 2923 -—
2177 2885 2302 2936 Non
2332 2891 2494 2953 potest
2521 2900 2554 2931 a
2586 2880 2792 2950 primite

1789 2963 1921 3015 dari.
1947 2964 2056 3015 Cur
2078 2982 2217 3029 non,
2236 2963 2479 3036 privata?
2499 2961 2664 3013 Gnou.

1861 3045 1912 3112 4.
1934 3045 2269 3116 captivitatis.
2293 3043 2624 3117 cupiditatis,
2643 3040 2711 3094 al.
2725 3071 2798 3082 --

1789 3124 1916 3176 Non
1947 3124 2180 3196 auferret
2212 3123 2381 3177 hostis.
2412 3120 2574 3190 Quod
2605 3123 2796 3193 pignus

1789 3202 1953 3255 habet
1982 3203 2142 3274 hujus
2177 3202 2466 3255 clementiae
2496 3220 2559 3254 ac
2593 3203 2796 3253 miseri-

1791 3282 1982 3336 cordie
2015 3282 2286 3336 hostium?
2319 3286 2492 3353 Lege:
2527 3281 2587 3334 Si
2621 3292 2794 3333 umen

1791 3364 1910 3415 urbe
1931 3374 2084 3437 capta
2109 3364 2370 3414 invocaret
2388 3379 2567 3413 manes
2590 3361 2792 3425 mariti,

711 3442 917 3493 verbum
943 3441 999 3491 in
1022 3441 1224 3493 modico
1250 3441 1530 3492 habiturus.
1560 3441 1674 3509 Ego
1696 3461 1708 3490 ε
1781 3443 2148 3514 somnifer-ret
2166 3442 2335 3494 hostis.
2354 3440 2521 3492 Giton.
2539 3442 2649 3509 Ego
2666 3438 2796 3491 nihil

709 3523 768 3575 Si
793 3539 908 3574 vero
937 3522 1030 3574 isto
1058 3523 1203 3574 verbo
1232 3515 1505 3573 immodice
1529 3521 1714 3572 abute-

710 3603 793 3654 ris.
818 3602 1058 3653 Gnonov.
1087 3601 1163 3651 lta
1186 3613 1239 3651 et
1261 3598 1588 3664 Obrechtus:
1615 3617 1712 3671 pa-

708 3702 824 3734 rum
842 3682 1031 3733 refert:
1054 3681 1287 3751 quamvis
1306 3680 1581 3732 immodico
1602 3697 1711 3731 ver-

709 3762 769 3814 bo
788 3760 1113 3832 praeferrem‚
1130 3756 1275 3829 quod
1293 3773 1371 3810 est
1392 3756 1708 3829 superbum,

709 3835 957 3914 inagnum
983 3860 996 3891 τ
1036 3843 1109 3893 ita
1137 3862 1161 3886 ιι
1179 3836 1472 3891 immodicae
1508 3841 1661 3905 rixae,
1681 3862 1704 3887 ο

708 3919 1006 3974 Horat.Od.
1024 3923 1066 3984 1,
1090 3920 1171 3986 13,
1194 3937 1275 3986 ιο,
1299 3932 1351 3970 et
1374 3922 1444 3971 ita
1469 3918 1710 3970 homines

711 4003 1004 4066 immodici,
1034 4015 1094 4052 ut
1123 4002 1366 4053 Lucanus
1396 4022 1418 4046 κ
1437 3998 1708 4051 Gracchos

716 4105 739 4128 ι
758 4083 1066 4134 immodicos
1082 4082 1284 4152 legibus
1300 4106 1322 4130 n
1342 4080 1471 4132 dixit
1487 4081 1573 4144 Vl,
1585 4077 1707 4149 7963

710 4173 762 4212 et
782 4161 898 4212 Val.
918 4162 1136 4228 Flac.V‚
1158 4160 1289 4232 ⁵97²
1320 4182 1342 4206 κ
1361 4157 1709 4210 Immodicum

714 4261 738 4284 a
757 4236 925 4289 dictis.
950 4262 971 4286 a
1000 4240 1165 4290 Burin.

1791 3536 1957 3575 muto.
1995 3524 2122 3576 Non
2150 3522 2411 3594 auferret,
2444 3520 2500 3573 id
2536 3534 2647 3585 est,
2683 3539 2793 3571 non

1791 3603 1977 3668 ferret,
2000 3601 2146 3674 quod
2171 3615 2226 3653 tu
2252 3604 2414 3674 petis,
2440 3600 2534 3653 sed
2559 3601 2793 3652 remitte-

1790 3694 1867 3732 ret
1911 3683 2304 3733 matrimonium
2350 3679 2590 3744 mulieri,
2632 3696 2790 3750 quam

1790 3773 1940 3813 tanto
1971 3779 2152 3813 amore
2183 3760 2422 3813 defuncti
2453 3761 2618 3810 teneri
2645 3757 2794 3810 vide-

1789 3853 1886 3890 ret.
1911 3842 1987 3892 Ita
2010 3838 2214 3910 auferre
2233 3855 2332 3910 pro
2357 3839 2666 3908 impetrare,
2692 3836 2792 3888 ob-

1789 3919 1955 3971 tinere
1990 3920 2185 3990 passim
2220 3918 2407 3969 Cicero
2449 3917 2620 3986 ponit.
2657 3913 2791 3966 Vide

1789 3998 2041 4049 Passerat.
2079 3995 2146 4047 ad
2178 3997 2326 4049 Orat.
2357 4012 2455 4064 pro
2483 3994 2697 4059 Quinct.
2722 3991 2787 4056 5,

1787 4082 1840 4120 et
1862 4070 2025 4121 Graev.
2052 4067 2120 4119 ad
2142 4068 2212 4117 vl
2241 4064 2308 4118 ad
2335 4067 2481 4117 Fam.
2515 4082 2593 4116 12:
2619 4081 2788 4114 «con-

1787 4146 2010 4199 firmavit
2022 4185 2040 4213 .,
2059 4165 2117 4199 se
2134 4143 2473 4217 perceleriter
2488 4142 2788 4193 ablaturum

1787 4223 2037 4296 diploma.
2056 4249 2078 4273 ιι
2103 4226 2354 4292 Francius
2375 4219 2636 4293 probabat
2652 4218 2788 4270 Gro-
