3200 5117
848 542 970 620 584
1417 535 1955 601 CALPURNII
2000 534 2344 598 FLACCI

843 663 1033 751 tulit,
1064 686 1356 759 agnosce
1381 679 1446 730 te
1469 658 1693 730 filium
1720 657 1847 728 viri
1875 656 2099 744 fortis;
2123 656 2315 726 vince
2350 655 2681 743 feliciter,
2710 656 2802 727 id
2835 680 2945 728 est
2966 717 2987 746 ,

843 777 988 876 peri
1021 776 1317 847 fortiter:
1343 775 1488 848 haec
1520 793 1621 846 est
1647 773 1839 845 enim
1859 773 2013 875 jam
2044 791 2164 842 tua
2193 769 2339 842 sola
2369 771 2693 844 victoria.

849 1034 941 1053 m

2604 1031 2973 1054 m

1670 1215 2095 1292 XXXIX.

1353 1448 1759 1532 Morietur&
1794 1458 2164 1544 antequam
2192 1443 2425 1515 nubat.

849 1648 1174 1709 anrrcn
1198 1668 1291 1708 sn·
1314 1668 1508 1707 Act-10.
1534 1645 1900 1707 Adolescens
1924 1646 2081 1726 petit
2102 1647 2353 1727 nuptias
2374 1636 2650 1726 virginis
2682 1667 2719 1706 a
2758 1663 2964 1730 patre:

926 1758 1100 1828 pater
1117 1747 1372 1827 virginis
1397 1746 1474 1805 ad
1498 1765 1752 1805 uxorem
1777 1744 2000 1803 retulit.
2028 1742 2138 1801 Illa
2167 1743 2517 1825 respondit:
2546 1747 2720 1805 Ante
2742 1750 2963 1807 morie-

927 1854 1049 1917 tur,
1074 1863 1264 1924 quam
1292 1842 1384 1902 illi
1414 1841 1629 1902 nubat.
1656 1843 1834 1901 Pater
1857 1840 2054 1900 eidem
2084 1839 2452 1900 adolescenti
2481 1840 2885 1923 despondi13
2918 1860 2969 1902 et

929 1939 1096 1999 diem
1138 1941 1369 2021 nuptiis
1414 1940 1582 1999 dixit.
1632 1941 1803 1998 Intra
1843 1938 2009 1999 diem
2051 1936 2255 2020 puella
2299 1937 2458 1997 obiit
2500 1939 2727 1999 dubiis
2773 1943 2969 2022 signis

930 2039 1249 2099 cruditatis
1289 2052 1348 2099 et
1389 2040 1647 2115 veneni:
1691 2039 2089 2121 quaestionem
2133 2058 2327 2118 quum
2371 2036 2447 2097 de
2491 2036 2744 2099 familia
2792 2054 2971 2121 pater

929 2133 1216 2211 haberet,
1254 2156 1324 2195 ex
1352 2135 1592 2215 ancillis
1632 2155 1757 2194 una
1784 2134 2060 2195 confessa
2094 2148 2183 2195 est
2196 2180 2231 2209 ,.
2251 2134 2633 2195 adulterium
2667 2150 2823 2197 cum
2857 2137 2966 2196 ino

925 2231 1148 2312 juvene
1177 2233 1387 2291 matris
1414 2232 1849 2292 intercessisse:
1876 2243 2052 2312 pater
2080 2243 2327 2290 accusat
2350 2229 2639 2292 veneficii
2664 2248 2961 2293 matrem.

1519 2435 1850 2482 CONTRA
1898 2433 2263 2480 MATREM.

949 2557 1325 2646 Quaeritur,
1377 2556 1596 2627 filiam
1649 2554 1980 2626 cruditate
2028 2581 2117 2625 an
2164 2580 2434 2625 veneno
2482 2555 2953 2629 interfeceris:

855 2698 1018 2743 nam
1050 2692 1115 2743 et
1137 2671 1437 2743 cruditas
1460 2670 1745 2769 virginis
1764 2727 1782 2760 ‚
1816 2670 2078 2741 crimen
2105 2691 2204 2744 est
2228 2671 2467 2743 matris
2487 2685 2515 2715 ²
2537 2698 2550 2740 :
2576 2671 2948 2760 morietur,

858 2807 1229 2884 antequam
1263 2785 1520 2873 nubat3
1555 2807 1622 2856 et
1658 2805 1928 2855 mortua
1972 2804 2106 2855 est:
2149 2810 2189 2855 o
2233 2785 2531 2884 impiam
2570 2784 2955 2856 divinatio—

858 2929 1059 2992 nem,
1089 2901 1193 2975 vel
1219 2902 1448 3001 potius
1479 2899 2121 2972 denunciationem!
2161 2927 2200 2971 o
2232 2899 2473 2971 infelix
2505 2899 2777 2999 puella!
2818 2927 2950 2998 ego

857 3019 981 3091 tibi
1018 3019 1348 3119 parabam
1384 3018 1696 3120 nuptia5‚
1731 3038 1948 3089 mater
1980 3014 2413 3114 exsequias³l
2462 3015 2727 3115 placuit
2765 3017 2841 3087 in
2886 3037 2949 3088 te

857 3160 1108 3232 sponso
1153 3154 1273 3207 tuo
1313 3134 1691 3207 similitudo
1736 3155 2068 3204 materna.
2106 3135 2253 3231 Ego
2296 3151 2359 3202 te
2401 3132 2646 3220 fateor,
2688 3130 2947 3221 occidi,

858 3246 1032 3319 dum
1062 3276 1222 3320 cum
1258 3269 1471 3320 matre
1501 3246 1865 3320 contendo.

936 3451 978 3485 1.
1003 3436 1272 3489 Morietur.
1294 3436 1542 3505 Ejusdem
1566 3439 1858 3507 argumenti
1944 3456 1966 3481 ι
1986 3434 2123 3485 Nam
2152 3433 2297 3505 quod
2324 3434 2547 3486 invisum
2576 3434 2751 3485 fuisse
2781 3432 2949 3484 filium

857 3527 934 3565 est
970 3512 1295 3570 Declamatio
1336 3517 1556 3585 Quintil.
1600 3516 1856 3585 CCCLIV‚
1944 3538 1965 3560 α
1985 3517 2326 3585 patrijactat‚
2340 3517 2537 3566 crimen
2556 3533 2803 3566 novercae
2821 3528 2949 3580 erat,

856 3587 946 3644 nbi
964 3608 1137 3664 partes
1163 3614 1263 3647 reae
1287 3598 1464 3648 matris
1491 3595 1709 3667 obliqua
1737 3614 1858 3647 ora·
1944 3617 1965 3639 α
1988 3597 2029 3646 si
2054 3597 2438 3647 confiteremur.
2463 3619 2484 3642 ιι
2510 3597 2751 3663 Propert.
2779 3595 2949 3645 «Tam

860 3673 1001 3723 tione
1021 3685 1272 3743 aguntur-3
1293 3688 1344 3726 et
1363 3675 1544 3727 Senec.
1568 3674 1657 3725 lib.
1677 3676 1743 3724 Vl
1767 3678 1859 3727 Ex·
1945 3694 1966 3718 α
1986 3675 2218 3725 formosa
2270 3688 2417 3725 tuum
2474 3687 2687 3723 mortua
2746 3676 2945 3723 crimen

860 3764 1020 3822 cerpt.
1060 3751 1238 3802 Contr.
1273 3756 1360 3805 vt.
1401 3754 1519 3804 Vid.
1570 3769 1620 3807 et
1661 3753 1853 3827 Sulpic.
1945 3772 1965 3796 κ
1986 3754 2097 3803 erit.
2122 3776 2143 3800 n
2173 3755 2289 3805 Scn.
2311 3750 2429 3802 vid.
2456 3771 2573 3823 sup.
2600 3752 2755 3803 Decl.
2785 3751 2939 3802 xxa.

862 3829 1062 3882 Victor.
1089 3844 1209 3902 pag.
1239 3832 1356 3885 255.
1383 3833 1598 3886 Senum.
2008 3838 2059 3890 3.
2089 3839 2383 3913 Exsequias.
2416 3840 2598 3892 Senec.
2626 3839 2754 3893 loco
2786 3846 2937 3892 citato

932 3924 980 3959 2.
1027 3912 1256 3964 Cmditas
1294 3911 1504 3984 virginis
1545 3913 1740 3966 crimen
1787 3927 1859 3968 est
1934 3917 2074 3969 inter
2106 3918 2206 3969 alia
2247 3917 2460 3969 similia:
2502 3938 2710 3970 uversae
2742 3920 2932 3971 suntin

862 3989 1049 4042 matris.
1068 3990 1421 4058 Quintilianus
1436 3995 1618 4063 junior
1636 3993 1780 4046 Deci.
1803 3996 1849 4046 1:
1942 4020 1962 4043 ιι
1985 4000 2255 4071 exsequias
2280 4001 2492 4070 nuptiae.
2510 4023 2531 4047 a
2558 3999 2655 4051 En.

1765 4192 2040 4209 ψ
