3200 5117
1267 577 1358 640 M.
1408 573 1661 638 FABn
1706 571 2344 655 QUINTILlAm

761 717 859 768 tas
886 693 1055 795 legis
1083 696 1344 770 diversa
1366 716 1574 795 atque
1605 696 1944 768 contraria
1973 716 2117 769 est:
2151 716 2250 769 est
2276 717 2512 769 autem
2539 695 2807 771 diversa
2824 757 2843 789 ‚

766 831 842 882 ut
890 831 1187 910 apparet.
1246 815 1475 909 Atque
1526 836 1694 908 ego,
1744 810 1801 883 si
1854 809 2264 884 descendere
2309 811 2398 883 ad
2448 812 2581 886 hoc
2626 839 2847 911 genus

762 925 1116 998 actionum
1157 925 1444 1015 vellem,
1493 924 1583 996 ad
1625 923 1817 1024 quod
1862 951 1976 997 me
2011 952 2174 1024 pars
2217 924 2483 1000 diversa
2524 926 2843 1016 deducit,

763 1066 1034 1138 possem
1060 1041 1506 1131 contendere,
1526 1041 1668 1113 vim
1693 1041 1998 1114 duorum
2013 1040 2444 1140 judiciorum
2470 1042 2544 1113 in
2569 1042 2676 1114 his
2700 1069 2842 1116 non

763 1180 943 1228 esse:
975 1156 1231 1254 quare?
1262 1155 1602 1256 quoniam
1631 1154 1734 1227 lex
1764 1154 1889 1225 viri
1917 1155 2107 1226 fortis
2135 1154 2533 1229 intervenit:
2567 1178 2640 1230 et
2664 1183 2843 1256 prae-

766 1268 993 1341 mium
1028 1297 1184 1342 eam
1212 1271 1355 1344 vim
1385 1268 1667 1360 habuit,
1702 1290 1781 1342 ut
1805 1268 2154 1369 judicium
2193 1269 2381 1369 prius
2417 1285 2433 1315 ¹
2457 1271 2840 1344 tolleretur:

762 1384 999 1481 itaque
1052 1385 1321 1458 etiamsi
1374 1386 1563 1484 prius
1620 1383 2031 1471 damnatus,
2083 1405 2149 1457 et
2197 1405 2473 1483 propter
2517 1385 2649 1457 hoc
2695 1385 2841 1474 bis,

764 1498 1157 1596 ignominia
1189 1521 1497 1590 notatus,
1527 1500 1789 1572 fortiter
1815 1499 2122 1588 fecisset,
2156 1520 2225 1571 et
2258 1499 2524 1599 praemii
2558 1500 2842 1573 nomine

762 1614 1258 1688 restitutionem
1309 1615 1695 1715 quaesisset,
1747 1613 1968 1702 nihil,
2021 1639 2110 1685 ne
2164 1612 2303 1686 duo
2354 1614 2643 1711 quidem
2689 1641 2844 1687 vera

760 1727 1053 1800 crimina
1079 1729 1495 1802 valuissent:
1545 1754 1710 1826 ergo
1752 1754 1835 1799 eo
1874 1748 2223 1825 tempore,
2266 1755 2407 1827 quo
2445 1729 2735 1827 optavit,
2770 1750 2845 1802 ut
2929 1823 2936 1832 Ι

760 1865 1193 1915 accusaretur
1220 1845 1503 1932 iterum,
1533 1842 1668 1914 hoc
1700 1841 1989 1941 optavit,
2020 1863 2098 1914 ut
2119 1863 2293 1915 esset
2324 1869 2448 1942 pro
2477 1843 2843 1917 damnato?

761 1956 831 2027 Si
881 1983 1043 2055 ergo
1089 1958 1320 2057 prius²
1359 1957 1715 2060 judicium
1759 1957 1890 2029 hoc
1939 1956 2038 2028 illi
2090 1958 2437 2056 praestitit,
2489 1978 2558 2031 et
2604 1959 2844 2031 merito

761 2075 1101 2172 praestitit,
1139 2075 1209 2147 in
1239 2103 1521 2148 summa
1546 2074 1837 2173 quidem
1869 2073 2173 2178 secundo
2189 2073 2459 2175 judicio
2481 2076 2842 2172 quaesitum

763 2209 899 2276 est,
943 2215 1037 2260 an
1075 2189 1187 2262 hic
1226 2190 1503 2262 adulter
1529 2209 1736 2279 esset,
1769 2214 1982 2288 quare
2023 2209 2375 2262 accusatus
2410 2188 2622 2262 esset?
2663 2216 2845 2289 quo-

762 2303 951 2375 niam
986 2325 1347 2403 tamquam
1377 2305 1463 2379 de
1488 2306 1856 2379 innocente
1876 2362 1895 2396 ,
1921 2325 1990 2378 et
2013 2305 2097 2377 de
2121 2305 2341 2379 dubio
2365 2305 2844 2396 arbitrabatur,

759 2445 840 2490 ac
883 2419 937 2490 si
984 2421 1174 2519 prius
1204 2422 1557 2525 judicium
1608 2449 1752 2494 non
1791 2443 1998 2511 esset3
2048 2421 2261 2495 altero
2306 2421 2626 2498 damnari
2664 2421 2845 2497 nihil

759 2535 1040 2610 attinuit
1081 2566 1096 2610 z
1151 2561 1292 2613 erat
1335 2540 1524 2613 enim
1578 2540 1968 2614 damnatus.
2018 2540 2149 2612 Vel
2196 2540 2372 2640 elige
2423 2540 2611 2639 quod
2660 2540 2842 2611 voles

758 2675 1151 2727 accusator:
1193 2656 1431 2753 utique
1475 2656 1773 2731 alterum
1817 2684 1897 2729 ex
1939 2657 2258 2732 duobus:
2299 2682 2464 2730 nam
2507 2655 2557 2726 si
2590 2653 2838 2742 valuit,

754 2767 931 2842 illud
983 2770 1190 2845 fuisse
1242 2773 1657 2846 sententiam
1687 2771 1716 2818 ³
1753 2801 1769 2846 :
1823 2773 2119 2848 alterum
2167 2795 2267 2847 est
2309 2800 2430 2874 pro
2477 2755 2834 2843 sententia.

768 573 893 641 250

745 2921 867 2988 jure
882 2920 959 2972 vel
977 2921 1167 2992 injuria
1183 2922 1463 2977 damnatus
1479 2926 1543 2977 sit
1555 2964 1572 2989 ,
1593 2925 1759 2977 altero

746 2997 952 3067 judicio
986 3014 1279 3072 appareret.
1318 3004 1483 3074 Igitur
1508 3002 1620 3056 haec
1650 3001 1757 3056 duo

750 3075 983 3144 judicia,
1007 3081 1163 3131 unius
1195 3080 1316 3133 loco
1346 3100 1460 3134 esse
1483 3104 1497 3145 ;
1525 3082 1757 3153 ideoque

758 3177 867 3210 non
894 3158 1022 3229 legis
1044 3159 1233 3227 verba,
1264 3160 1360 3214 sed
1389 3176 1619 3216 mentem
1652 3182 1761 3216 am-

758 3238 914 3307 plecti
940 3255 1202 3312 oportere.
1229 3244 1408 3296 AEtton.

844 3345 885 3379 ι.
928 3329 1229 3386 Tollen-etur.
1276 3330 1535 3396 Tolleret,
1581 3332 1759 3385 ,En-od.

756 3399 926 3450 inutili
972 3400 1043 3451 ad
1089 3422 1299 3455 sensum
1345 3405 1654 3455 mutatione.
1690 3434 1763 3444 —

753 3479 810 3530 Si
836 3480 983 3550 prius
1012 3481 1308 3548 damnatus,
1340 3496 1390 3535 et
1417 3495 1636 3556 propter
1667 3484 1763 3536 hoc

754 3562 826 3612 bis
854 3560 1159 3633 iqnomt'm‘a.
1188 3563 1291 3615 Alii
1320 3564 1764 3634 apud'AErodium

749 3654 951 3716 proeter.
990 3641 1095 3695 Sed
1130 3645 1533 3716 transponenda·
1565 3664 1724 3698 voces
1744 3668 1758 3697 t

754 3727 942 3797 Itaque
966 3725 1168 3777 etiamsi
1190 3727 1338 3797 prius
1362 3726 1437 3780 δίε
1457 3726 1759 3791 damnans,

753 3819 802 3859 et
829 3816 1042 3879 propter
1075 3805 1172 3858 hoc
1203 3806 1493 3878 ignominia
1523 3818 1759 3874 notatus,

744 3886 962 3956 fortiter
988 3883 1211 3955 fecisset.
1255 3884 1422 3938 Gnox«.
1468 3887 1538 3938 Et
1578 3899 1767 3959 proeter

755 3964 869 4015 hoc.
908 3963 1128 4016 Senum.
1162 3993 1233 4003 —
1271 3964 1513 4034 Optavit,
1548 3975 1610 4017 ut
1641 3977 1765 4020 esset

750 4061 846 4113 pro
866 4042 1132 4095 damnato.
1150 4043 1491 4114 conjeceram
1510 4066 1522 4095 ε
1541 4063 1639 4116 pro
1656 4063 1762 4098 non

752 4118 1020 4172 damnato.
1068 4123 1127 4171 ln
1170 4119 1409 4172 eamdem
1450 4123 1762 4174 sententiam

754 4196 970 4248 ,Erodio
1012 4195 1279 4268 placuisse
1314 4197 1501 4250 video:
1542 4218 1609 4250 ne
1643 4211 1762 4253 esset

750 4293 847 4347 pro
872 4277 1136 4328 damnato.
1162 4278 1325 4328 Giton.
1359 4276 1461 4328 Sed
1491 4279 1531 4328 si
1559 4296 1656 4346 per
1682 4279 1763 4328 in-

1842 2928 2249 2996 terrogationem
2278 2922 2500 2996 legatur,
2520 2934 2580 2974 ut
2602 2919 2842 2973 Obrech-

1841 3019 1924 3057 tus
1951 3003 2143 3071 edidit,
2170 3002 2358 3056 eodem
2381 3002 2535 3057 redit.

1911 3102 1959 3136 a.
2003 3083 2169 3136 Prius.
2206 3082 2293 3135 Aa
2326 3084 2486 3155 prius.
2522 3083 2742 3138 Senum.
2778 3107 2846 3119 -

1841 3164 1957 3216 Hoc
1981 3162 2066 3214 illi
2086 3161 2348 3233 prostitit,
2376 3173 2429 3214 et
2453 3161 2633 3214 merito
2654 3160 2846 3232 proestt'-

1842 3244 1935 3294 tit.-
1974 3242 2030 3293 t'n
2063 3258 2264 3294 summa
2297 3238 2530 3311 quidem.
2567 3236 2842 3290 AErodius:

1840 3320 1925 3373 illi
1955 3319 2038 3373 vel
2067 3321 2249 3374 merito
2271 3318 2510 3389 proestt’tt't
2541 3319 2596 3369 in
2623 3335 2846 3369 summa·

1841 3419 1944 3473 que
1967 3401 2119 3454 idem.
2152 3396 2500 3450 Scribendum
2534 3415 2724 3449 censeo
2748 3416 2761 3446 z
2790 3394 2847 3447 Si

1840 3498 1959 3551 enyo
1980 3479 2125 3549 prius
2130 3476 2395 3550 judicium
2419 3473 2516 3528 Ιιοσ
2541 3473 2683 3528 illim
2703 3474 2848 3525 meri·

1842 3571 1950 3612 tum
1977 3556 2206 3623 rescidit,
2231 3565 2283 3607 et
2309 3555 2366 3607 ἰη
2387 3574 2590 3608 summa
2615 3554 2752 3606 idem
2775 3570 2845 3605 se-

1840 3635 2012 3688 cundo
2023 3635 2229 3707 judicio
2255 3634 2530 3706 quoesitum
2560 3643 2649 3684 est.
2677 3631 2842 3682 Gaea.

1838 3747 1909 3757 —-
1933 3718 2087 3770 Prius
2097 3716 2365 3788 judicium
2390 3732 2498 3766 non
2520 3724 2658 3767 esset.
2683 3710 2744 3764 ld
2769 3725 2846 3764 est

1840 3793 2046 3848 nullum
2083 3807 2234 3847 esset.
2273 3796 2342 3845 Ut
2377 3810 2534 3858 mox,
2571 3791 2740 3843 «Nou
2773 3802 2849 3844 est

1849 3900 1871 3923 ιι
1891 3877 2196 3948 ignominia.
2214 3898 2236 3921 ιι
2257 3871 2846 3942 Senum—Tamquam

1841 3955 1906 4007 de
1930 3956 2204 4007 innocente
2224 3964 2277 4006 et
2302 3953 2365 4005 de
2387 3950 2539 4004 dubio
2566 3948 2848 4001 arbitraba-

1843 4047 1939 4090 tur.
1966 4038 2152 4102 Forte,
2175 4033 2543 4106 ambigebatur.
2568 4031 2732 4084 Gnou.

1912 4117 1964 4169 3.
1997 4117 2057 4170 Si
2093 4115 2258 4169 valuit
2291 4113 2428 4168 illud
2448 4112 2615 4183 fuisse
2643 4121 2844 4165 senten-

1842 4196 1986 4247 tiam.
2015 4196 2129 4246 Hoc
2154 4192 2299 4258 vult,
2328 4191 2583 4244 arbitror:
2616 4190 2668 4242 Si
2700 4188 2845 4259 prius

1836 4276 2092 4345 judicium
2117 4294 2282 4347 -aeque
2323 4274 2489 4327 latum
2528 4274 2625 4336 sit,
2664 4282 2714 4324 et
2745 4288 2846 4342 pro
