<?xml version="1.0" encoding="UTF-8"?>
<!DOCTYPE html PUBLIC "-//W3C//DTD XHTML 1.0 Transitional//EN"
    "http://www.w3.org/TR/xhtml1/DTD/xhtml1-transitional.dtd">
<html xmlns="http://www.w3.org/1999/xhtml" xml:lang="en" lang="en">
 <head>
  <title>
</title>
<meta http-equiv="Content-Type" content="text/html;charset=utf-8" />
  <meta name='ocr-system' content='tesseract 3.04.00' />
  <meta name='ocr-capabilities' content='ocr_page ocr_carea ocr_par ocr_line ocrx_word'/>
</head>
<body>
  <div class='ocr_page' id='page_1' title='image "./deinstitutioneo00flacgoog_0413.png"; bbox 0 0 3200 5117; ppageno 0'>
   <div class='ocr_carea' id='block_1_1' title="bbox 767 577 2459 662">
    <p class='ocr_par' dir='ltr' id='par_1_1' title="bbox 767 577 2459 662">
     <span class='ocr_line' id='line_1_1' title="bbox 767 577 2459 662; baseline 0.004 -18"><span class='ocrx_word' id='word_1_1' title='bbox 767 577 1606 644; x_wconf 82' lang='lat' dir='ltr'><strong>DECLAMATIONES.</strong></span> <span class='ocrx_word' id='word_1_2' title='bbox 1650 579 2063 644; x_wconf 87' lang='lat' dir='ltr'>CCCXLII.</span> <span class='ocrx_word' id='word_1_3' title='bbox 2336 581 2459 662; x_wconf 73' lang='grc'><strong>405</strong></span> 
     </span>
    </p>
   </div>
   <div class='ocr_carea' id='block_1_2' title="bbox 1542 837 2462 879">
    <p class='ocr_par' dir='ltr' id='par_1_2' title="bbox 1542 837 2462 879">
     <span class='ocr_line' id='line_1_2' title="bbox 1542 837 2462 879; baseline -0.002 -2"><span class='ocrx_word' id='word_1_4' title='bbox 1542 856 1830 879; x_wconf 59' lang='lat' dir='ltr'><strong>mm</strong></span> <span class='ocrx_word' id='word_1_5' title='bbox 1835 856 2316 878; x_wconf 62' lang='lat' dir='ltr'>mmmmm</span> <span class='ocrx_word' id='word_1_6' title='bbox 2320 837 2416 877; x_wconf 48' lang='lat' dir='ltr'>m</span> <span class='ocrx_word' id='word_1_7' title='bbox 2423 858 2462 875; x_wconf 54' lang='lat' dir='ltr'>A</span> 
     </span>
    </p>
   </div>
   <div class='ocr_carea' id='block_1_3' title="bbox 1157 854 1539 877">
    <p class='ocr_par' dir='ltr' id='par_1_3' title="bbox 1157 854 1539 877">
     <span class='ocr_line' id='line_1_3' title="bbox 1157 854 1539 877; baseline 0 4240"><span class='ocrx_word' id='word_1_8' title='bbox 1157 854 1539 877; x_wconf 95' lang='lat' dir='ltr'><strong> </strong></span> 
     </span>
    </p>
   </div>
   <div class='ocr_carea' id='block_1_4' title="bbox 377 856 1152 879">
    <p class='ocr_par' dir='ltr' id='par_1_4' title="bbox 377 856 1152 879">
     <span class='ocr_line' id='line_1_4' title="bbox 377 856 1152 879; baseline -0.001 -2"><span class='ocrx_word' id='word_1_9' title='bbox 377 856 1152 879; x_wconf 65' lang='lat' dir='ltr'><strong>mmmm</strong></span> 
     </span>
    </p>
   </div>
   <div class='ocr_carea' id='block_1_5' title="bbox 1149 1068 1700 1146">
    <p class='ocr_par' dir='ltr' id='par_1_5' title="bbox 1149 1068 1700 1146">
     <span class='ocr_line' id='line_1_5' title="bbox 1149 1068 1700 1146; baseline -0.004 0"><span class='ocrx_word' id='word_1_10' title='bbox 1149 1068 1700 1146; x_wconf 88' lang='lat' dir='ltr'>CCCXLII.</span> 
     </span>
    </p>
   </div>
   <div class='ocr_carea' id='block_1_6' title="bbox 720 1313 2124 1414">
    <p class='ocr_par' dir='ltr' id='par_1_6' title="bbox 720 1313 2124 1414">
     <span class='ocr_line' id='line_1_6' title="bbox 720 1313 2124 1414; baseline -0.004 -21"><span class='ocrx_word' id='word_1_11' title='bbox 720 1317 999 1392; x_wconf 84' lang='lat' dir='ltr'><em>Ancilla</em></span> <span class='ocrx_word' id='word_1_12' title='bbox 1035 1322 1109 1388; x_wconf 85' lang='lat' dir='ltr'><strong>in</strong></span> <span class='ocrx_word' id='word_1_13' title='bbox 1137 1313 1578 1414; x_wconf 59' lang='lat' dir='ltr'><strong>archipirata?</strong></span> <span class='ocrx_word' id='word_1_14' title='bbox 1605 1321 1876 1414; x_wconf 81' lang='lat' dir='ltr'><strong><em>nuptias</em></strong></span> <span class='ocrx_word' id='word_1_15' title='bbox 1906 1322 2124 1389; x_wconf 84' lang='lat' dir='ltr'><strong>missa.</strong></span> 
     </span>
    </p>
   </div>
   <div class='ocr_carea' id='block_1_7' title="bbox 378 1524 2474 2083">
    <p class='ocr_par' dir='ltr' id='par_1_7' title="bbox 378 1524 2474 2083">
     <span class='ocr_line' id='line_1_7' title="bbox 378 1524 2474 1606; baseline -0.003 -18"><span class='ocrx_word' id='word_1_16' title='bbox 378 1528 505 1606; x_wconf 83' lang='lat' dir='ltr'><strong>Qm</strong></span> <span class='ocrx_word' id='word_1_17' title='bbox 543 1546 903 1588; x_wconf 68' lang='lat' dir='ltr'><strong>vomu-nn:</strong></span> <span class='ocrx_word' id='word_1_18' title='bbox 942 1544 1169 1584; x_wconf 78' lang='lat' dir='ltr'><strong>nomm</strong></span> <span class='ocrx_word' id='word_1_19' title='bbox 1207 1541 1274 1583; x_wconf 79' lang='lat' dir='ltr'><strong>m</strong></span> <span class='ocrx_word' id='word_1_20' title='bbox 1311 1540 1649 1582; x_wconf 68' lang='lat' dir='ltr'><strong>mutan-1⁹13</strong></span> <span class='ocrx_word' id='word_1_21' title='bbox 1686 1542 1936 1597; x_wconf 67' lang='lat' dir='ltr'><strong>runnu,</strong></span> <span class='ocrx_word' id='word_1_22' title='bbox 1975 1543 2154 1583; x_wconf 70' lang='lat' dir='ltr'><strong>unm</strong></span> <span class='ocrx_word' id='word_1_23' title='bbox 2191 1544 2302 1583; x_wconf 75' lang='lat' dir='ltr'><strong>srr.</strong></span> <span class='ocrx_word' id='word_1_24' title='bbox 2340 1524 2474 1600; x_wconf 74' lang='lat' dir='ltr'><strong>Qui</strong></span> 
     </span>
     <span class='ocr_line' id='line_1_8' title="bbox 458 1619 2470 1703; baseline -0.001 -20"><span class='ocrx_word' id='word_1_25' title='bbox 458 1621 726 1683; x_wconf 80' lang='lat' dir='ltr'><strong>habebat</strong></span> <span class='ocrx_word' id='word_1_26' title='bbox 750 1635 985 1703; x_wconf 83' lang='lat' dir='ltr'><strong>patrem</strong></span> <span class='ocrx_word' id='word_1_27' title='bbox 1007 1634 1068 1680; x_wconf 89' lang='lat' dir='ltr'><strong>et</strong></span> <span class='ocrx_word' id='word_1_28' title='bbox 1089 1638 1390 1694; x_wconf 82' lang='lat' dir='ltr'><strong>sororem,</strong></span> <span class='ocrx_word' id='word_1_29' title='bbox 1416 1631 1634 1701; x_wconf 80' lang='lat' dir='ltr'><strong>captus</strong></span> <span class='ocrx_word' id='word_1_30' title='bbox 1656 1631 1745 1679; x_wconf 83' lang='lat' dir='ltr'><strong>est</strong></span> <span class='ocrx_word' id='word_1_31' title='bbox 1773 1640 1807 1679; x_wconf 79' lang='lat' dir='ltr'><strong>a</strong></span> <span class='ocrx_word' id='word_1_32' title='bbox 1831 1619 2061 1702; x_wconf 84' lang='lat' dir='ltr'>piratis.</span> <span class='ocrx_word' id='word_1_33' title='bbox 2088 1619 2470 1701; x_wconf 78' lang='lat' dir='ltr'><strong>Scripserunt</strong></span> 
     </span>
     <span class='ocr_line' id='line_1_9' title="bbox 458 1714 2467 1802; baseline -0.002 -22"><span class='ocrx_word' id='word_1_34' title='bbox 458 1722 674 1802; x_wconf 83' lang='lat' dir='ltr'>piratae</span> <span class='ocrx_word' id='word_1_35' title='bbox 693 1719 852 1801; x_wconf 79' lang='lat' dir='ltr'><strong>petri</strong></span> <span class='ocrx_word' id='word_1_36' title='bbox 864 1763 880 1792; x_wconf 90' lang='lat'><em>,</em></span> <span class='ocrx_word' id='word_1_37' title='bbox 900 1731 969 1777; x_wconf 90' lang='lat' dir='ltr'><strong>ut</strong></span> <span class='ocrx_word' id='word_1_38' title='bbox 988 1718 1255 1777; x_wconf 88' lang='lat' dir='ltr'><strong>mitteret</strong></span> <span class='ocrx_word' id='word_1_39' title='bbox 1272 1717 1562 1776; x_wconf 82' lang='lat' dir='ltr'><strong>vicariam</strong></span> <span class='ocrx_word' id='word_1_40' title='bbox 1580 1714 1776 1776; x_wconf 82' lang='lat' dir='ltr'>filiam</span> <span class='ocrx_word' id='word_1_41' title='bbox 1789 1714 2066 1777; x_wconf 84' lang='lat' dir='ltr'><strong>futuram</strong></span> <span class='ocrx_word' id='word_1_42' title='bbox 2080 1714 2467 1798; x_wconf 70' lang='lat' dir='ltr'><strong>archipiratae</strong></span> 
     </span>
     <span class='ocr_line' id='line_1_10' title="bbox 458 1810 2469 1876; baseline -0.001 0"><span class='ocrx_word' id='word_1_43' title='bbox 458 1836 733 1876; x_wconf 84' lang='lat' dir='ltr'><strong>uxorem.</strong></span> <span class='ocrx_word' id='word_1_44' title='bbox 759 1814 933 1873; x_wconf 87' lang='lat' dir='ltr'>Misit</span> <span class='ocrx_word' id='word_1_45' title='bbox 956 1813 1059 1873; x_wconf 90' lang='lat' dir='ltr'><strong>ille</strong></span> <span class='ocrx_word' id='word_1_46' title='bbox 1083 1813 1417 1873; x_wconf 80' lang='lat' dir='ltr'><strong>matronali</strong></span> <span class='ocrx_word' id='word_1_47' title='bbox 1435 1810 1689 1873; x_wconf 86' lang='lat' dir='ltr'><strong>habitu¹</strong></span> <span class='ocrx_word' id='word_1_48' title='bbox 1718 1813 2043 1874; x_wconf 80' lang='lat' dir='ltr'>ancillam:</span> <span class='ocrx_word' id='word_1_49' title='bbox 2073 1816 2356 1875; x_wconf 78' lang='lat' dir='ltr'><strong>remissus</strong></span> <span class='ocrx_word' id='word_1_50' title='bbox 2379 1827 2469 1874; x_wconf 83' lang='lat' dir='ltr'><strong>est</strong></span> 
     </span>
     <span class='ocr_line' id='line_1_11' title="bbox 463 1907 2472 1993; baseline 0 -21"><span class='ocrx_word' id='word_1_51' title='bbox 463 1912 838 1972; x_wconf 78' lang='lat' dir='ltr'><strong>adolescens,</strong></span> <span class='ocrx_word' id='word_1_52' title='bbox 887 1910 1001 1970; x_wconf 84' lang='lat' dir='ltr'>Illa</span> <span class='ocrx_word' id='word_1_53' title='bbox 1047 1907 1126 1970; x_wconf 81' lang='lat' dir='ltr'><strong>ab</strong></span> <span class='ocrx_word' id='word_1_54' title='bbox 1177 1908 1549 1993; x_wconf 82' lang='lat' dir='ltr'>archipirata</span> <span class='ocrx_word' id='word_1_55' title='bbox 1595 1909 1772 1972; x_wconf 81' lang='lat' dir='ltr'><strong>heres</strong></span> <span class='ocrx_word' id='word_1_56' title='bbox 1824 1912 2112 1973; x_wconf 86' lang='lat' dir='ltr'><strong>omnium</strong></span> <span class='ocrx_word' id='word_1_57' title='bbox 2153 1912 2472 1973; x_wconf 85' lang='lat' dir='ltr'><strong>bonorum</strong></span> 
     </span>
     <span class='ocr_line' id='line_1_12' title="bbox 462 2006 1959 2083; baseline 0 -15"><span class='ocrx_word' id='word_1_58' title='bbox 462 2006 669 2069; x_wconf 85' lang='lat' dir='ltr'><strong>relicta</strong></span> <span class='ocrx_word' id='word_1_59' title='bbox 686 2051 705 2083; x_wconf 85' lang='lat'>,</span> <span class='ocrx_word' id='word_1_60' title='bbox 728 2006 909 2069; x_wconf 85' lang='lat' dir='ltr'><strong>rediit</strong></span> <span class='ocrx_word' id='word_1_61' title='bbox 934 2009 1001 2067; x_wconf 87' lang='lat' dir='ltr'><strong>in</strong></span> <span class='ocrx_word' id='word_1_62' title='bbox 1029 2008 1357 2067; x_wconf 80' lang='lat' dir='ltr'><strong>civitatem.</strong></span> <span class='ocrx_word' id='word_1_63' title='bbox 1386 2008 1628 2068; x_wconf 86' lang='lat' dir='ltr'><strong>Dicitur</strong></span> <span class='ocrx_word' id='word_1_64' title='bbox 1652 2007 1895 2069; x_wconf 81' lang='lat' dir='ltr'>ancilla.</span> <span class='ocrx_word' id='word_1_65' title='bbox 1956 2008 1959 2012; x_wconf 66' lang='grc'>’</span> 
     </span>
    </p>
   </div>
   <div class='ocr_carea' id='block_1_8' title="bbox 1240 2212 1602 2278">
    <p class='ocr_par' dir='ltr' id='par_1_8' title="bbox 1240 2212 1602 2278">
     <span class='ocr_line' id='line_1_13' title="bbox 1240 2212 1602 2278; baseline -0.003 -1"><span class='ocrx_word' id='word_1_66' title='bbox 1240 2212 1602 2278; x_wconf 91' lang='lat' dir='ltr'>SERMO.</span> 
     </span>
    </p>
   </div>
   <div class='ocr_carea' id='block_1_9' title="bbox 380 2384 2479 3110">
    <p class='ocr_par' dir='ltr' id='par_1_9' title="bbox 380 2384 2479 3110">
     <span class='ocr_line' id='line_1_14' title="bbox 472 2384 2465 2477; baseline -0.002 -24"><span class='ocrx_word' id='word_1_67' title='bbox 472 2386 727 2453; x_wconf 85' lang='lat' dir='ltr'>Similes</span> <span class='ocrx_word' id='word_1_68' title='bbox 743 2387 1138 2477; x_wconf 84' lang='lat' dir='ltr'><strong>quaestiones</strong></span> <span class='ocrx_word' id='word_1_69' title='bbox 1155 2401 1310 2452; x_wconf 86' lang='lat' dir='ltr'>sunt</span> <span class='ocrx_word' id='word_1_70' title='bbox 1324 2387 1560 2474; x_wconf 86' lang='lat' dir='ltr'><strong>prioris</strong></span> <span class='ocrx_word' id='word_1_71' title='bbox 1583 2384 1941 2468; x_wconf 74' lang='lat' dir='ltr'><strong>divisionist,</strong></span> <span class='ocrx_word' id='word_1_72' title='bbox 1970 2384 2202 2452; x_wconf 84' lang='lat' dir='ltr'><strong>eadem</strong></span> <span class='ocrx_word' id='word_1_73' title='bbox 2223 2385 2465 2452; x_wconf 84' lang='lat' dir='ltr'><strong>finitio:</strong></span> 
     </span>
     <span class='ocr_line' id='line_1_15' title="bbox 384 2493 2479 2584; baseline -0 -25"><span class='ocrx_word' id='word_1_74' title='bbox 384 2494 545 2559; x_wconf 89' lang='lat' dir='ltr'><strong>dicit</strong></span> <span class='ocrx_word' id='word_1_75' title='bbox 565 2495 741 2559; x_wconf 88' lang='lat' dir='ltr'><strong>enim</strong></span> <span class='ocrx_word' id='word_1_76' title='bbox 765 2496 849 2572; x_wconf 76' lang='lat' dir='ltr'><strong>is,</strong></span> <span class='ocrx_word' id='word_1_77' title='bbox 887 2494 1001 2584; x_wconf 91' lang='lat' dir='ltr'><strong>qui</strong></span> <span class='ocrx_word' id='word_1_78' title='bbox 1025 2494 1192 2583; x_wconf 87' lang='lat' dir='ltr'><strong>petit</strong></span> <span class='ocrx_word' id='word_1_79' title='bbox 1210 2493 1278 2557; x_wconf 88' lang='lat' dir='ltr'><strong>in</strong></span> <span class='ocrx_word' id='word_1_80' title='bbox 1298 2494 1684 2558; x_wconf 83' lang='lat' dir='ltr'><strong>servitutem</strong></span> <span class='ocrx_word' id='word_1_81' title='bbox 1702 2542 1719 2572; x_wconf 90' lang='lat'>,</span> <span class='ocrx_word' id='word_1_82' title='bbox 1743 2517 1894 2558; x_wconf 89' lang='lat' dir='ltr'><strong>eum</strong></span> <span class='ocrx_word' id='word_1_83' title='bbox 1918 2516 2060 2558; x_wconf 84' lang='lat' dir='ltr'><strong>esse</strong></span> <span class='ocrx_word' id='word_1_84' title='bbox 2079 2494 2148 2557; x_wconf 88' lang='lat' dir='ltr'><strong>in</strong></span> <span class='ocrx_word' id='word_1_85' title='bbox 2166 2493 2479 2558; x_wconf 79' lang='lat' dir='ltr'><strong>libertate</strong></span> 
     </span>
     <span class='ocr_line' id='line_1_16' title="bbox 384 2599 2468 2690; baseline -0.001 -25"><span class='ocrx_word' id='word_1_86' title='bbox 384 2600 637 2666; x_wconf 88' lang='lat' dir='ltr'><strong>domini</strong></span> <span class='ocrx_word' id='word_1_87' title='bbox 676 2604 1049 2681; x_wconf 83' lang='lat' dir='ltr'><strong>voluntate,</strong></span> <span class='ocrx_word' id='word_1_88' title='bbox 1089 2623 1287 2690; x_wconf 89' lang='lat' dir='ltr'><strong>quem</strong></span> <span class='ocrx_word' id='word_1_89' title='bbox 1325 2599 1613 2665; x_wconf 85' lang='lat' dir='ltr'><strong>liberum</strong></span> <span class='ocrx_word' id='word_1_90' title='bbox 1651 2624 1792 2667; x_wconf 84' lang='lat' dir='ltr'><strong>esse</strong></span> <span class='ocrx_word' id='word_1_91' title='bbox 1829 2600 2136 2666; x_wconf 86' lang='lat' dir='ltr'><strong>dominus</strong></span> <span class='ocrx_word' id='word_1_92' title='bbox 2164 2600 2468 2665; x_wconf 81' lang='lat' dir='ltr'><strong>voluerit.</strong></span> 
     </span>
     <span class='ocr_line' id='line_1_17' title="bbox 380 2703 2476 2795; baseline 0 -26"><span class='ocrx_word' id='word_1_93' title='bbox 380 2707 615 2772; x_wconf 81' lang='lat' dir='ltr'><strong>Nostra</strong></span> <span class='ocrx_word' id='word_1_94' title='bbox 647 2730 798 2795; x_wconf 82' lang='lat' dir='ltr'>pars</span> <span class='ocrx_word' id='word_1_95' title='bbox 833 2707 1029 2786; x_wconf 84' lang='lat' dir='ltr'><strong>dixit,</strong></span> <span class='ocrx_word' id='word_1_96' title='bbox 1065 2707 1134 2770; x_wconf 89' lang='lat' dir='ltr'><strong>in</strong></span> <span class='ocrx_word' id='word_1_97' title='bbox 1166 2705 1467 2770; x_wconf 80' lang='lat' dir='ltr'><strong>libertate</strong></span> <span class='ocrx_word' id='word_1_98' title='bbox 1495 2729 1638 2771; x_wconf 89' lang='lat' dir='ltr'><strong>esse</strong></span> <span class='ocrx_word' id='word_1_99' title='bbox 1670 2703 1923 2771; x_wconf 87' lang='lat' dir='ltr'><strong>domini</strong></span> <span class='ocrx_word' id='word_1_100' title='bbox 1951 2706 2289 2771; x_wconf 79' lang='lat' dir='ltr'><strong>voluntate</strong></span> <span class='ocrx_word' id='word_1_101' title='bbox 2323 2727 2476 2783; x_wconf 64' lang='grc' dir='ltr'><strong>θος,</strong></span> 
     </span>
     <span class='ocr_line' id='line_1_18' title="bbox 382 2809 2474 2903; baseline -0.001 -28"><span class='ocrx_word' id='word_1_102' title='bbox 382 2813 499 2900; x_wconf 90' lang='lat' dir='ltr'><strong>qui</strong></span> <span class='ocrx_word' id='word_1_103' title='bbox 533 2809 782 2903; x_wconf 81' lang='lat' dir='ltr'><strong>aliquid</strong></span> <span class='ocrx_word' id='word_1_104' title='bbox 812 2836 935 2902; x_wconf 89' lang='lat' dir='ltr'><strong>pro</strong></span> <span class='ocrx_word' id='word_1_105' title='bbox 970 2812 1193 2875; x_wconf 87' lang='lat' dir='ltr'><strong>liberis</strong></span> <span class='ocrx_word' id='word_1_106' title='bbox 1233 2834 1310 2874; x_wconf 88' lang='lat' dir='ltr'><strong>ex</strong></span> <span class='ocrx_word' id='word_1_107' title='bbox 1342 2810 1684 2876; x_wconf 77' lang='lat' dir='ltr'><strong>voluntate</strong></span> <span class='ocrx_word' id='word_1_108' title='bbox 1717 2810 1972 2877; x_wconf 89' lang='lat' dir='ltr'><strong>domini</strong></span> <span class='ocrx_word' id='word_1_109' title='bbox 1994 2812 2319 2877; x_wconf 86' lang='lat' dir='ltr'><strong>fecerunt.</strong></span> <span class='ocrx_word' id='word_1_110' title='bbox 2350 2813 2474 2874; x_wconf 88' lang='lat' dir='ltr'><strong>Re-</strong></span> 
     </span>
     <span class='ocr_line' id='line_1_19' title="bbox 384 2914 2477 3006; baseline 0.002 -26"><span class='ocrx_word' id='word_1_111' title='bbox 384 2917 689 3003; x_wconf 83' lang='lat' dir='ltr'><strong>pellenda</strong></span> <span class='ocrx_word' id='word_1_112' title='bbox 732 2934 831 2982; x_wconf 85' lang='lat' dir='ltr'><strong>est</strong></span> <span class='ocrx_word' id='word_1_113' title='bbox 872 2917 1063 2982; x_wconf 83' lang='lat' dir='ltr'><strong>nobis</strong></span> <span class='ocrx_word' id='word_1_114' title='bbox 1105 2917 1317 2981; x_wconf 85' lang='lat' dir='ltr'><strong>finitio</strong></span> <span class='ocrx_word' id='word_1_115' title='bbox 1360 2919 1561 3006; x_wconf 82' lang='lat' dir='ltr'>partis</span> <span class='ocrx_word' id='word_1_116' title='bbox 1602 2915 1932 2998; x_wconf 80' lang='lat' dir='ltr'><strong>adversae3</strong></span> <span class='ocrx_word' id='word_1_117' title='bbox 1969 2914 2212 2982; x_wconf 90' lang='lat' dir='ltr'><strong>deinde</strong></span> <span class='ocrx_word' id='word_1_118' title='bbox 2248 2932 2477 2984; x_wconf 81' lang='lat' dir='ltr'><strong>nostra</strong></span> 
     </span>
     <span class='ocr_line' id='line_1_20' title="bbox 384 3020 2156 3110; baseline 0.001 -26"><span class='ocrx_word' id='word_1_119' title='bbox 384 3020 847 3087; x_wconf 80' lang='lat' dir='ltr'><strong>confirmanda.</strong></span> <span class='ocrx_word' id='word_1_120' title='bbox 875 3022 1051 3086; x_wconf 86' lang='lat' dir='ltr'>Finis</span> <span class='ocrx_word' id='word_1_121' title='bbox 1075 3023 1276 3109; x_wconf 81' lang='lat' dir='ltr'>partis</span> <span class='ocrx_word' id='word_1_122' title='bbox 1300 3020 1593 3086; x_wconf 79' lang='lat' dir='ltr'><strong>adversae</strong></span> <span class='ocrx_word' id='word_1_123' title='bbox 1619 3025 1712 3086; x_wconf 85' lang='lat' dir='ltr'><strong>sic</strong></span> <span class='ocrx_word' id='word_1_124' title='bbox 1729 3043 1750 3068; x_wconf 81' lang='lat'>²</span> <span class='ocrx_word' id='word_1_125' title='bbox 1777 3020 2156 3110; x_wconf 84' lang='lat' dir='ltr'><strong>repelletur.</strong></span> 
     </span>
    </p>
   </div>
   <div class='ocr_carea' id='block_1_10' title="bbox 382 3240 2481 3392">
    <p class='ocr_par' dir='ltr' id='par_1_10' title="bbox 382 3240 2481 3392">
     <span class='ocr_line' id='line_1_21' title="bbox 461 3240 2481 3314; baseline 0 -23"><span class='ocrx_word' id='word_1_126' title='bbox 461 3242 905 3297; x_wconf 72' lang='lat' dir='ltr'><strong>1.Matn·moniali</strong></span> <span class='ocrx_word' id='word_1_127' title='bbox 919 3243 1270 3296; x_wconf 80' lang='lat' dir='ltr'><strong>habitu.Vide</strong></span> <span class='ocrx_word' id='word_1_128' title='bbox 1283 3244 1386 3295; x_wconf 76' lang='lat' dir='ltr'><strong>nu·</strong></span> <span class='ocrx_word' id='word_1_129' title='bbox 1465 3246 1603 3296; x_wconf 87' lang='lat' dir='ltr'><strong>enim</strong></span> <span class='ocrx_word' id='word_1_130' title='bbox 1630 3242 1750 3295; x_wconf 83' lang='lat' dir='ltr'>libri</span> <span class='ocrx_word' id='word_1_131' title='bbox 1767 3256 1892 3296; x_wconf 80' lang='lat' dir='ltr'><strong>vett.</strong></span> <span class='ocrx_word' id='word_1_132' title='bbox 1917 3242 2011 3295; x_wconf 85' lang='lat' dir='ltr'><strong>ubi</strong></span> <span class='ocrx_word' id='word_1_133' title='bbox 2030 3240 2316 3311; x_wconf 73' lang='lat' dir='ltr'>subjiciunt</span> <span class='ocrx_word' id='word_1_134' title='bbox 2327 3276 2344 3305; x_wconf 86' lang='lat'>‚</span> <span class='ocrx_word' id='word_1_135' title='bbox 2347 3240 2481 3314; x_wconf 73' lang='lat' dir='ltr'><strong>jure,</strong></span> 
     </span>
     <span class='ocr_line' id='line_1_22' title="bbox 382 3319 2467 3392; baseline -0.002 -18"><span class='ocrx_word' id='word_1_136' title='bbox 382 3320 504 3374; x_wconf 85' lang='lat' dir='ltr'><strong>ben.</strong></span> <span class='ocrx_word' id='word_1_137' title='bbox 532 3322 598 3375; x_wconf 87' lang='lat' dir='ltr'><strong>de</strong></span> <span class='ocrx_word' id='word_1_138' title='bbox 620 3325 696 3377; x_wconf 80' lang='lat' dir='ltr'><strong>Re</strong></span> <span class='ocrx_word' id='word_1_139' title='bbox 717 3326 990 3389; x_wconf 81' lang='lat' dir='ltr'><strong>vestiaria,</strong></span> <span class='ocrx_word' id='word_1_140' title='bbox 1014 3323 1104 3376; x_wconf 87' lang='lat' dir='ltr'><strong>lib.</strong></span> <span class='ocrx_word' id='word_1_141' title='bbox 1133 3327 1184 3390; x_wconf 80' lang='lat'><strong>1,</strong></span> <span class='ocrx_word' id='word_1_142' title='bbox 1207 3343 1255 3376; x_wconf 89' lang='lat' dir='ltr'><strong>e.</strong></span> <span class='ocrx_word' id='word_1_143' title='bbox 1292 3325 1384 3392; x_wconf 26' lang='lat'><strong>16⁶,</strong></span> <span class='ocrx_word' id='word_1_144' title='bbox 1466 3334 1557 3372; x_wconf 83' lang='lat' dir='ltr'><strong>aut</strong></span> <span class='ocrx_word' id='word_1_145' title='bbox 1591 3322 1816 3373; x_wconf 77' lang='lat' dir='ltr'><strong>nomine.</strong></span> <span class='ocrx_word' id='word_1_146' title='bbox 1855 3319 1969 3373; x_wconf 75' lang='lat' dir='ltr'>Lib.</span> <span class='ocrx_word' id='word_1_147' title='bbox 1989 3321 2113 3386; x_wconf 77' lang='lat' dir='ltr'><strong>vll,</strong></span> <span class='ocrx_word' id='word_1_148' title='bbox 2145 3339 2192 3372; x_wconf 90' lang='lat' dir='ltr'><strong>c.</strong></span> <span class='ocrx_word' id='word_1_149' title='bbox 2215 3319 2275 3385; x_wconf 87' lang='lat'><strong>3,</strong></span> <span class='ocrx_word' id='word_1_150' title='bbox 2297 3320 2346 3386; x_wconf 75' lang='lat' dir='ltr'><strong>S.</strong></span> <span class='ocrx_word' id='word_1_151' title='bbox 2371 3333 2467 3371; x_wconf 82' lang='lat'><strong>20:</strong></span> 
     </span>
    </p>
   </div>
   <div class='ocr_carea' id='block_1_11' title="bbox 382 3401 1388 4351">
    <p class='ocr_par' dir='ltr' id='par_1_11' title="bbox 382 3401 1388 4351">
     <span class='ocr_line' id='line_1_23' title="bbox 383 3401 1386 3474; baseline -0.001 -21"><span class='ocrx_word' id='word_1_152' title='bbox 383 3401 475 3453; x_wconf 86' lang='lat' dir='ltr'><strong>ubi</strong></span> <span class='ocrx_word' id='word_1_153' title='bbox 490 3403 624 3456; x_wconf 78' lang='lat' dir='ltr'><strong>male</strong></span> <span class='ocrx_word' id='word_1_154' title='bbox 638 3404 763 3456; x_wconf 84' lang='lat' dir='ltr'><strong>hinc</strong></span> <span class='ocrx_word' id='word_1_155' title='bbox 779 3403 980 3474; x_wconf 79' lang='lat' dir='ltr'>colligit</span> <span class='ocrx_word' id='word_1_156' title='bbox 996 3403 1209 3455; x_wconf 77' lang='lat' dir='ltr'><strong>libertas</strong></span> <span class='ocrx_word' id='word_1_157' title='bbox 1226 3420 1386 3474; x_wconf 81' lang='lat' dir='ltr'><strong>quan-</strong></span> 
     </span>
     <span class='ocr_line' id='line_1_24' title="bbox 382 3478 1388 3554; baseline -0.001 -23"><span class='ocrx_word' id='word_1_158' title='bbox 382 3478 558 3552; x_wconf 81' lang='lat' dir='ltr'><strong>doque</strong></span> <span class='ocrx_word' id='word_1_159' title='bbox 574 3496 813 3554; x_wconf 71' lang='lat' dir='ltr'><strong>portasse</strong></span> <span class='ocrx_word' id='word_1_160' title='bbox 827 3480 1008 3534; x_wconf 81' lang='lat' dir='ltr'><strong>stolas.</strong></span> <span class='ocrx_word' id='word_1_161' title='bbox 1025 3483 1243 3534; x_wconf 70' lang='lat' dir='ltr'><strong>Senum.</strong></span> <span class='ocrx_word' id='word_1_162' title='bbox 1265 3482 1388 3532; x_wconf 82' lang='grc' dir='ltr'><strong>Μα-</strong></span> 
     </span>
     <span class='ocr_line' id='line_1_25' title="bbox 383 3558 1312 3624; baseline 0 -14"><span class='ocrx_word' id='word_1_163' title='bbox 383 3559 609 3624; x_wconf 73' lang='lat' dir='ltr'><strong>tronali,</strong></span> <span class='ocrx_word' id='word_1_164' title='bbox 631 3558 808 3612; x_wconf 78' lang='lat' dir='ltr'><strong>AErod.</strong></span> <span class='ocrx_word' id='word_1_165' title='bbox 836 3558 968 3612; x_wconf 80' lang='lat' dir='ltr'><strong>Pith.</strong></span> <span class='ocrx_word' id='word_1_166' title='bbox 998 3573 1050 3611; x_wconf 88' lang='lat' dir='ltr'><strong>et</strong></span> <span class='ocrx_word' id='word_1_167' title='bbox 1073 3577 1188 3611; x_wconf 75' lang='lat' dir='ltr'><strong>nos·</strong></span> <span class='ocrx_word' id='word_1_168' title='bbox 1219 3559 1312 3610; x_wconf 85' lang='lat' dir='ltr'><strong>Eo.</strong></span> 
     </span>
     <span class='ocr_line' id='line_1_26' title="bbox 457 3635 1386 3709; baseline -0.002 -21"><span class='ocrx_word' id='word_1_169' title='bbox 457 3654 506 3688; x_wconf 75' lang='lat'><strong>2.</strong></span> <span class='ocrx_word' id='word_1_170' title='bbox 536 3637 675 3689; x_wconf 73' lang='lat' dir='ltr'>Finis</span> <span class='ocrx_word' id='word_1_171' title='bbox 695 3638 860 3709; x_wconf 74' lang='lat' dir='ltr'><strong>partis</strong></span> <span class='ocrx_word' id='word_1_172' title='bbox 884 3639 1105 3691; x_wconf 72' lang='lat' dir='ltr'><strong>adverse</strong></span> <span class='ocrx_word' id='word_1_173' title='bbox 1124 3639 1194 3690; x_wconf 73' lang='lat' dir='ltr'><strong>sic</strong></span> <span class='ocrx_word' id='word_1_174' title='bbox 1219 3635 1386 3708; x_wconf 85' lang='lat' dir='ltr'><strong>repel-</strong></span> 
     </span>
     <span class='ocr_line' id='line_1_27' title="bbox 385 3715 1384 3782; baseline 0 -14"><span class='ocrx_word' id='word_1_175' title='bbox 385 3715 537 3768; x_wconf 76' lang='lat' dir='ltr'><strong>letur.</strong></span> <span class='ocrx_word' id='word_1_176' title='bbox 572 3717 655 3768; x_wconf 84' lang='lat' dir='ltr'><strong>sie</strong></span> <span class='ocrx_word' id='word_1_177' title='bbox 686 3731 739 3768; x_wconf 87' lang='lat' dir='ltr'><strong>et</strong></span> <span class='ocrx_word' id='word_1_178' title='bbox 762 3718 1077 3771; x_wconf 75' lang='lat' dir='ltr'><strong>Thaddaeus.</strong></span> <span class='ocrx_word' id='word_1_179' title='bbox 1106 3718 1351 3770; x_wconf 77' lang='lat' dir='ltr'><strong>AErodius</strong></span> <span class='ocrx_word' id='word_1_180' title='bbox 1368 3754 1384 3782; x_wconf 87' lang='lat'><strong>‚</strong></span> 
     </span>
     <span class='ocr_line' id='line_1_28' title="bbox 382 3795 1386 3870; baseline -0.001 -23"><span class='ocrx_word' id='word_1_181' title='bbox 382 3795 593 3848; x_wconf 63' lang='lat' dir='ltr'><strong>fruitio.</strong></span> <span class='ocrx_word' id='word_1_182' title='bbox 611 3796 711 3848; x_wconf 88' lang='lat' dir='ltr'><strong>Sed</strong></span> <span class='ocrx_word' id='word_1_183' title='bbox 730 3800 901 3868; x_wconf 73' lang='lat' dir='ltr'>ipsum</span> <span class='ocrx_word' id='word_1_184' title='bbox 920 3797 1054 3849; x_wconf 88' lang='lat' dir='ltr'><strong>illud</strong></span> <span class='ocrx_word' id='word_1_185' title='bbox 1062 3795 1206 3870; x_wconf 75' lang='lat' dir='ltr'>finis.</span> <span class='ocrx_word' id='word_1_186' title='bbox 1223 3795 1386 3864; x_wconf 88' lang='lat' dir='ltr'><strong>Quin-</strong></span> 
     </span>
     <span class='ocr_line' id='line_1_29' title="bbox 385 3875 1380 3949; baseline -0.001 -22"><span class='ocrx_word' id='word_1_187' title='bbox 385 3877 626 3944; x_wconf 72' lang='lat' dir='ltr'><strong>tilianus,</strong></span> <span class='ocrx_word' id='word_1_188' title='bbox 648 3881 771 3931; x_wconf 80' lang='lat' dir='ltr'><strong>lost.</strong></span> <span class='ocrx_word' id='word_1_189' title='bbox 795 3879 887 3930; x_wconf 87' lang='lat' dir='ltr'><strong>lib.</strong></span> <span class='ocrx_word' id='word_1_190' title='bbox 911 3880 996 3943; x_wconf 76' lang='lat' dir='ltr'><strong>lv,</strong></span> <span class='ocrx_word' id='word_1_191' title='bbox 1020 3897 1139 3949; x_wconf 81' lang='lat' dir='ltr'><strong>cap.</strong></span> <span class='ocrx_word' id='word_1_192' title='bbox 1163 3877 1223 3943; x_wconf 77' lang='grc'><strong>4,</strong></span> <span class='ocrx_word' id='word_1_193' title='bbox 1246 3875 1291 3946; x_wconf 72' lang='lat'><strong>§-</strong></span> <span class='ocrx_word' id='word_1_194' title='bbox 1317 3877 1349 3941; x_wconf 73' lang='grc'><strong><em>4</em></strong></span> <span class='ocrx_word' id='word_1_195' title='bbox 1369 3897 1380 3927; x_wconf 88' lang='lat'>:</span> 
     </span>
     <span class='ocr_line' id='line_1_30' title="bbox 388 3953 1385 4031; baseline -0.005 -22"><span class='ocrx_word' id='word_1_196' title='bbox 388 3976 410 4001; x_wconf 69' lang='grc' dir='ltr'>ι</span> <span class='ocrx_word' id='word_1_197' title='bbox 432 3955 534 4009; x_wconf 87' lang='lat' dir='ltr'><strong>Sed</strong></span> <span class='ocrx_word' id='word_1_198' title='bbox 558 3976 943 4031; x_wconf 78' lang='lat' dir='ltr'><strong>nonnunquam</strong></span> <span class='ocrx_word' id='word_1_199' title='bbox 964 3955 1117 4008; x_wconf 79' lang='lat' dir='ltr'><strong>valde</strong></span> <span class='ocrx_word' id='word_1_200' title='bbox 1141 3953 1282 4006; x_wconf 76' lang='lat' dir='ltr'>utilis</span> <span class='ocrx_word' id='word_1_201' title='bbox 1307 3968 1385 4005; x_wconf 73' lang='lat' dir='ltr'><strong>est</strong></span> 
     </span>
     <span class='ocr_line' id='line_1_31' title="bbox 389 4031 1384 4110; baseline 0.002 -26"><span class='ocrx_word' id='word_1_202' title='bbox 389 4057 410 4083; x_wconf 79' lang='grc' dir='ltr'><strong>ιι</strong></span> <span class='ocrx_word' id='word_1_203' title='bbox 431 4038 696 4103; x_wconf 76' lang='lat' dir='ltr'><strong>narratio,</strong></span> <span class='ocrx_word' id='word_1_204' title='bbox 730 4041 1025 4110; x_wconf 67' lang='lat' dir='ltr'><strong>praecipue,</strong></span> <span class='ocrx_word' id='word_1_205' title='bbox 1048 4036 1142 4087; x_wconf 82' lang='lat' dir='ltr'><strong>ubi</strong></span> <span class='ocrx_word' id='word_1_206' title='bbox 1174 4053 1255 4087; x_wconf 81' lang='lat' dir='ltr'><strong>res</strong></span> <span class='ocrx_word' id='word_1_207' title='bbox 1288 4031 1384 4086; x_wconf 86' lang='lat' dir='ltr'><strong>de-</strong></span> 
     </span>
     <span class='ocr_line' id='line_1_32' title="bbox 388 4116 1386 4191; baseline -0.002 -22"><span class='ocrx_word' id='word_1_208' title='bbox 388 4138 410 4164; x_wconf 77' lang='lat'><strong>·</strong></span> <span class='ocrx_word' id='word_1_209' title='bbox 429 4118 573 4171; x_wconf 77' lang='lat' dir='ltr'><strong>feudi</strong></span> <span class='ocrx_word' id='word_1_210' title='bbox 601 4138 708 4171; x_wconf 88' lang='lat' dir='ltr'><strong>non</strong></span> <span class='ocrx_word' id='word_1_211' title='bbox 738 4132 944 4191; x_wconf 77' lang='lat' dir='ltr'><strong>potest,</strong></span> <span class='ocrx_word' id='word_1_212' title='bbox 972 4116 1039 4169; x_wconf 88' lang='lat' dir='ltr'><strong>de</strong></span> <span class='ocrx_word' id='word_1_213' title='bbox 1066 4117 1170 4169; x_wconf 83' lang='lat' dir='ltr'><strong>fine</strong></span> <span class='ocrx_word' id='word_1_214' title='bbox 1200 4117 1386 4187; x_wconf 83' lang='lat' dir='ltr'>quaeri-</span> 
     </span>
     <span class='ocr_line' id='line_1_33' title="bbox 389 4194 1385 4270; baseline -0.004 -22"><span class='ocrx_word' id='word_1_215' title='bbox 389 4217 411 4240; x_wconf 72' lang='lat'>⁸</span> <span class='ocrx_word' id='word_1_216' title='bbox 431 4209 543 4249; x_wconf 77' lang='lat' dir='ltr'><strong>tur:</strong></span> <span class='ocrx_word' id='word_1_217' title='bbox 565 4212 623 4249; x_wconf 81' lang='lat' dir='ltr'><strong>ut</strong></span> <span class='ocrx_word' id='word_1_218' title='bbox 644 4217 741 4270; x_wconf 85' lang='lat' dir='ltr'><strong>pro</strong></span> <span class='ocrx_word' id='word_1_219' title='bbox 762 4217 827 4250; x_wconf 92' lang='lat' dir='ltr'><strong>eo</strong></span> <span class='ocrx_word' id='word_1_220' title='bbox 841 4235 858 4264; x_wconf 85' lang='lat'>‚</span> <span class='ocrx_word' id='word_1_221' title='bbox 875 4199 967 4267; x_wconf 81' lang='lat' dir='ltr'><strong>qui</strong></span> <span class='ocrx_word' id='word_1_222' title='bbox 983 4197 1264 4267; x_wconf 81' lang='lat' dir='ltr'><strong>pecuniam</strong></span> <span class='ocrx_word' id='word_1_223' title='bbox 1282 4194 1385 4265; x_wconf 79' lang='lat' dir='ltr'>pri-</span> 
     </span>
     <span class='ocr_line' id='line_1_34' title="bbox 390 4276 1384 4351; baseline -0.001 -22"><span class='ocrx_word' id='word_1_224' title='bbox 390 4296 413 4324; x_wconf 75' lang='lat'><strong>·-</strong></span> <span class='ocrx_word' id='word_1_225' title='bbox 429 4290 601 4330; x_wconf 78' lang='lat' dir='ltr'><strong>vatam</strong></span> <span class='ocrx_word' id='word_1_226' title='bbox 637 4278 705 4332; x_wconf 84' lang='lat' dir='ltr'><strong>de</strong></span> <span class='ocrx_word' id='word_1_227' title='bbox 748 4278 947 4351; x_wconf 83' lang='lat' dir='ltr'><strong>templo</strong></span> <span class='ocrx_word' id='word_1_228' title='bbox 984 4276 1211 4335; x_wconf 74' lang='lat' dir='ltr'>sustulit.</span> <span class='ocrx_word' id='word_1_229' title='bbox 1233 4301 1259 4328; x_wconf 65' lang='lat' dir='ltr'><em>n</em></span> <span class='ocrx_word' id='word_1_230' title='bbox 1301 4276 1384 4329; x_wconf 80' lang='lat' dir='ltr'><strong>sie</strong></span> 
     </span>
    </p>
   </div>
   <div class='ocr_carea' id='block_1_12' title="bbox 1462 3396 2482 4344">
    <p class='ocr_par' dir='ltr' id='par_1_12' title="bbox 1462 3396 2482 4344">
     <span class='ocr_line' id='line_1_35' title="bbox 1471 3396 2470 3469; baseline -0.001 -18"><span class='ocrx_word' id='word_1_231' title='bbox 1471 3421 1493 3444; x_wconf 76' lang='grc' dir='ltr'><strong>«ι</strong></span> <span class='ocrx_word' id='word_1_232' title='bbox 1513 3398 1747 3469; x_wconf 84' lang='lat' dir='ltr'><strong>Ideoque</strong></span> <span class='ocrx_word' id='word_1_233' title='bbox 1767 3402 1820 3452; x_wconf 88' lang='lat' dir='ltr'><strong>in</strong></span> <span class='ocrx_word' id='word_1_234' title='bbox 1841 3397 2049 3464; x_wconf 81' lang='lat' dir='ltr'><strong>schola,</strong></span> <span class='ocrx_word' id='word_1_235' title='bbox 2066 3397 2157 3456; x_wconf 69' lang='lat' dir='ltr'><strong>ubi</strong></span> <span class='ocrx_word' id='word_1_236' title='bbox 2174 3396 2470 3468; x_wconf 76' lang='lat' dir='ltr'><strong>nobisipsis</strong></span> 
     </span>
     <span class='ocr_line' id='line_1_36' title="bbox 1473 3477 2470 3550; baseline -0.002 -19"><span class='ocrx_word' id='word_1_237' title='bbox 1473 3501 1495 3525; x_wconf 69' lang='lat' dir='ltr'>a</span> <span class='ocrx_word' id='word_1_238' title='bbox 1514 3479 1760 3550; x_wconf 76' lang='lat' dir='ltr'>fingimus</span> <span class='ocrx_word' id='word_1_239' title='bbox 1793 3477 2268 3540; x_wconf 75' lang='lat' dir='ltr'><strong>contradictionem</strong></span> <span class='ocrx_word' id='word_1_240' title='bbox 2283 3516 2301 3544; x_wconf 83' lang='lat'>,</span> <span class='ocrx_word' id='word_1_241' title='bbox 2332 3477 2470 3530; x_wconf 75' lang='lat' dir='ltr'><strong>duos</strong></span> 
     </span>
     <span class='ocr_line' id='line_1_37' title="bbox 1474 3555 2471 3630; baseline -0.004 -21"><span class='ocrx_word' id='word_1_242' title='bbox 1474 3581 1495 3603; x_wconf 82' lang='grc' dir='ltr'>ι</span> <span class='ocrx_word' id='word_1_243' title='bbox 1512 3577 1716 3630; x_wconf 82' lang='lat' dir='ltr'><strong>ponere</strong></span> <span class='ocrx_word' id='word_1_244' title='bbox 1766 3557 2020 3610; x_wconf 76' lang='lat' dir='ltr'><strong>debemus</strong></span> <span class='ocrx_word' id='word_1_245' title='bbox 2072 3556 2201 3609; x_wconf 78' lang='lat' dir='ltr'><strong>fines</strong></span> <span class='ocrx_word' id='word_1_246' title='bbox 2220 3594 2237 3622; x_wconf 86' lang='lat'><strong>.,</strong></span> <span class='ocrx_word' id='word_1_247' title='bbox 2288 3555 2471 3627; x_wconf 75' lang='lat' dir='ltr'><strong>quales</strong></span> 
     </span>
     <span class='ocr_line' id='line_1_38' title="bbox 1471 3633 2472 3709; baseline -0.005 -23"><span class='ocrx_word' id='word_1_248' title='bbox 1471 3658 1494 3682; x_wconf 72' lang='grc' dir='ltr'><strong><em>α</em></strong></span> <span class='ocrx_word' id='word_1_249' title='bbox 1516 3638 1764 3709; x_wconf 78' lang='lat' dir='ltr'><strong>utrinque</strong></span> <span class='ocrx_word' id='word_1_250' title='bbox 1810 3636 1997 3708; x_wconf 83' lang='lat' dir='ltr'><strong>optimi</strong></span> <span class='ocrx_word' id='word_1_251' title='bbox 2040 3647 2308 3707; x_wconf 80' lang='lat' dir='ltr'><strong>poterunt.</strong></span> <span class='ocrx_word' id='word_1_252' title='bbox 2331 3657 2353 3680; x_wconf 73' lang='grc' dir='ltr'><strong>υ</strong></span> <span class='ocrx_word' id='word_1_253' title='bbox 2405 3633 2472 3683; x_wconf 87' lang='lat' dir='ltr'><strong>Et</strong></span> 
     </span>
     <span class='ocr_line' id='line_1_39' title="bbox 1463 3714 2470 3785; baseline -0.009 -18"><span class='ocrx_word' id='word_1_254' title='bbox 1463 3733 1617 3781; x_wconf 81' lang='lat' dir='ltr'><strong>mox,</strong></span> <span class='ocrx_word' id='word_1_255' title='bbox 1645 3715 1677 3766; x_wconf 93' lang='lat' dir='ltr'><strong>l.</strong></span> <span class='ocrx_word' id='word_1_256' title='bbox 1702 3735 1749 3768; x_wconf 85' lang='lat' dir='ltr'><strong>c.</strong></span> <span class='ocrx_word' id='word_1_257' title='bbox 1776 3714 1821 3785; x_wconf 87' lang='lat'><strong>§.</strong></span> <span class='ocrx_word' id='word_1_258' title='bbox 1845 3715 1942 3767; x_wconf 78' lang='lat'><strong>25:</strong></span> <span class='ocrx_word' id='word_1_259' title='bbox 1969 3735 1991 3759; x_wconf 70' lang='grc' dir='ltr'><strong><em>α</em></strong></span> <span class='ocrx_word' id='word_1_260' title='bbox 2014 3715 2272 3766; x_wconf 74' lang='lat' dir='ltr'>Maximus</span> <span class='ocrx_word' id='word_1_261' title='bbox 2291 3721 2470 3761; x_wconf 80' lang='lat' dir='ltr'><strong>autem</strong></span> 
     </span>
     <span class='ocr_line' id='line_1_40' title="bbox 1473 3789 2471 3867; baseline -0.009 -19"><span class='ocrx_word' id='word_1_262' title='bbox 1473 3817 1495 3841; x_wconf 75' lang='grc' dir='ltr'><strong>α</strong></span> <span class='ocrx_word' id='word_1_263' title='bbox 1508 3814 1635 3850; x_wconf 77' lang='lat' dir='ltr'>usus</span> <span class='ocrx_word' id='word_1_264' title='bbox 1648 3797 1701 3850; x_wconf 82' lang='lat' dir='ltr'><strong>in</strong></span> <span class='ocrx_word' id='word_1_265' title='bbox 1713 3793 2063 3867; x_wconf 80' lang='lat' dir='ltr'><strong>approbando</strong></span> <span class='ocrx_word' id='word_1_266' title='bbox 2071 3789 2471 3860; x_wconf 83' lang='lat' dir='ltr'><strong>refellendoque</strong></span> 
     </span>
     <span class='ocr_line' id='line_1_41' title="bbox 1472 3869 2471 3944; baseline -0.01 -17"><span class='ocrx_word' id='word_1_267' title='bbox 1472 3895 1493 3919; x_wconf 73' lang='grc' dir='ltr'><strong><em>α</em></strong></span> <span class='ocrx_word' id='word_1_268' title='bbox 1514 3873 1620 3926; x_wconf 85' lang='lat' dir='ltr'><strong>fine</strong></span> <span class='ocrx_word' id='word_1_269' title='bbox 1636 3875 1978 3944; x_wconf 81' lang='lat' dir='ltr'><strong>propriorum</strong></span> <span class='ocrx_word' id='word_1_270' title='bbox 1996 3890 2058 3923; x_wconf 79' lang='lat' dir='ltr'><strong>ac</strong></span> <span class='ocrx_word' id='word_1_271' title='bbox 2077 3869 2436 3924; x_wconf 79' lang='lat' dir='ltr'><strong>differentium</strong></span> <span class='ocrx_word' id='word_1_272' title='bbox 2453 3906 2471 3932; x_wconf 80' lang='grc'><em>,</em></span> 
     </span>
     <span class='ocr_line' id='line_1_42' title="bbox 1471 3949 2465 4026; baseline -0.01 -20"><span class='ocrx_word' id='word_1_273' title='bbox 1471 3977 1494 4001; x_wconf 74' lang='grc' dir='ltr'><strong>α</strong></span> <span class='ocrx_word' id='word_1_274' title='bbox 1514 3973 1900 4026; x_wconf 76' lang='lat' dir='ltr'><strong>nonnunquam</strong></span> <span class='ocrx_word' id='word_1_275' title='bbox 1916 3954 2075 4010; x_wconf 76' lang='lat' dir='ltr'><strong>etiam</strong></span> <span class='ocrx_word' id='word_1_276' title='bbox 2085 3949 2465 4024; x_wconf 74' lang='lat' dir='ltr'><strong>etymologiae.»</strong></span> 
     </span>
     <span class='ocr_line' id='line_1_43' title="bbox 1462 4026 2469 4095; baseline -0.005 -13"><span class='ocrx_word' id='word_1_277' title='bbox 1462 4031 1583 4086; x_wconf 76' lang='lat' dir='ltr'><strong>V&#39;ul.</strong></span> <span class='ocrx_word' id='word_1_278' title='bbox 1606 4034 1760 4084; x_wconf 80' lang='lat' dir='ltr'><strong>etiam</strong></span> <span class='ocrx_word' id='word_1_279' title='bbox 1781 4033 1945 4086; x_wconf 78' lang='lat' dir='ltr'><strong>Instit.</strong></span> <span class='ocrx_word' id='word_1_280' title='bbox 1969 4031 2060 4082; x_wconf 77' lang='lat' dir='ltr'><strong>Or.</strong></span> <span class='ocrx_word' id='word_1_281' title='bbox 2085 4031 2157 4095; x_wconf 84' lang='lat'><strong>11,</strong></span> <span class='ocrx_word' id='word_1_282' title='bbox 2186 4026 2277 4094; x_wconf 83' lang='lat'><strong>15,</strong></span> <span class='ocrx_word' id='word_1_283' title='bbox 2307 4043 2396 4094; x_wconf 79' lang='lat'><strong>12,</strong></span> <span class='ocrx_word' id='word_1_284' title='bbox 2417 4038 2469 4078; x_wconf 86' lang='lat' dir='ltr'><strong>et</strong></span> 
     </span>
     <span class='ocr_line' id='line_1_44' title="bbox 1464 4104 2465 4180; baseline -0.007 -17"><span class='ocrx_word' id='word_1_285' title='bbox 1464 4110 1629 4180; x_wconf 82' lang='lat'><strong>35-37</strong></span> <span class='ocrx_word' id='word_1_286' title='bbox 1646 4132 1658 4161; x_wconf 72' lang='grc' dir='ltr'><strong><em>ε</em></strong></span> <span class='ocrx_word' id='word_1_287' title='bbox 1677 4109 1810 4163; x_wconf 81' lang='lat' dir='ltr'><strong>adde</strong></span> <span class='ocrx_word' id='word_1_288' title='bbox 1823 4111 1912 4176; x_wconf 83' lang='lat' dir='ltr'><strong>IV,</strong></span> <span class='ocrx_word' id='word_1_289' title='bbox 1930 4107 1982 4176; x_wconf 77' lang='grc'><strong>4,</strong></span> <span class='ocrx_word' id='word_1_290' title='bbox 1997 4110 2031 4161; x_wconf 85' lang='grc'>3</span> <span class='ocrx_word' id='word_1_291' title='bbox 2046 4129 2062 4171; x_wconf 73' lang='lat'>3</span> <span class='ocrx_word' id='word_1_292' title='bbox 2077 4107 2145 4175; x_wconf 83' lang='lat' dir='ltr'><strong>V,</strong></span> <span class='ocrx_word' id='word_1_293' title='bbox 2166 4123 2244 4175; x_wconf 84' lang='lat'><strong>10,</strong></span> <span class='ocrx_word' id='word_1_294' title='bbox 2263 4104 2349 4173; x_wconf 77' lang='grc'><strong>54,</strong></span> <span class='ocrx_word' id='word_1_295' title='bbox 2365 4117 2465 4158; x_wconf 81' lang='lat' dir='ltr'><strong>etc.</strong></span> 
     </span>
     <span class='ocr_line' id='line_1_45' title="bbox 1463 4188 2467 4264; baseline -0.008 -20"><span class='ocrx_word' id='word_1_296' title='bbox 1463 4193 1554 4244; x_wconf 85' lang='lat' dir='ltr'><strong>Eo.</strong></span> <span class='ocrx_word' id='word_1_297' title='bbox 1580 4193 1656 4245; x_wconf 82' lang='lat' dir='ltr'><strong>Ex</strong></span> <span class='ocrx_word' id='word_1_298' title='bbox 1680 4191 1873 4264; x_wconf 78' lang='lat' dir='ltr'>quibus</span> <span class='ocrx_word' id='word_1_299' title='bbox 1897 4202 2118 4263; x_wconf 82' lang='lat' dir='ltr'><strong>apparet</strong></span> <span class='ocrx_word' id='word_1_300' title='bbox 2141 4188 2227 4239; x_wconf 84' lang='lat' dir='ltr'><strong>hie</strong></span> <span class='ocrx_word' id='word_1_301' title='bbox 2251 4203 2467 4258; x_wconf 77' lang='lat' dir='ltr'><strong>quoque</strong></span> 
     </span>
     <span class='ocr_line' id='line_1_46' title="bbox 1463 4267 2482 4344; baseline -0.005 -15"><span class='ocrx_word' id='word_1_302' title='bbox 1463 4271 1825 4328; x_wconf 73' lang='lat' dir='ltr'><strong>scribendum</strong></span> <span class='ocrx_word' id='word_1_303' title='bbox 1838 4273 1896 4325; x_wconf 79' lang='lat' dir='ltr'><strong>F.</strong></span> <span class='ocrx_word' id='word_1_304' title='bbox 1905 4291 1961 4344; x_wconf 87' lang='lat' dir='ltr'><strong>p.</strong></span> <span class='ocrx_word' id='word_1_305' title='bbox 1972 4292 2022 4324; x_wconf 73' lang='lat' dir='ltr'><strong>a.</strong></span> <span class='ocrx_word' id='word_1_306' title='bbox 2033 4288 2073 4324; x_wconf 78' lang='lat' dir='ltr'><strong>s.</strong></span> <span class='ocrx_word' id='word_1_307' title='bbox 2086 4267 2482 4343; x_wconf 47' lang='lat' dir='ltr'><strong>refelletur-G&amp;</strong></span> 
     </span>
    </p>
   </div>
  </div>
 </body>
</html>
