<?xml version="1.0" encoding="UTF-8"?>
<!DOCTYPE html PUBLIC "-//W3C//DTD XHTML 1.0 Transitional//EN"
    "http://www.w3.org/TR/xhtml1/DTD/xhtml1-transitional.dtd">
<html xmlns="http://www.w3.org/1999/xhtml" xml:lang="en" lang="en">
 <head>
  <title>
</title>
<meta http-equiv="Content-Type" content="text/html;charset=utf-8" />
  <meta name='ocr-system' content='tesseract 3.04.00' />
  <meta name='ocr-capabilities' content='ocr_page ocr_carea ocr_par ocr_line ocrx_word'/>
</head>
<body>
  <div class='ocr_page' id='page_1' title='image "./deinstitutioneo00flacgoog_0111.png"; bbox 0 0 3200 5117; ppageno 0'>
   <div class='ocr_carea' id='block_1_1' title="bbox 1847 411 1868 444">
    <p class='ocr_par' dir='ltr' id='par_1_1' title="bbox 1847 411 1868 444">
     <span class='ocr_line' id='line_1_1' title="bbox 1847 411 1868 444; baseline 0 0"><span class='ocrx_word' id='word_1_1' title='bbox 1847 411 1868 444; x_wconf 60' lang='grc' dir='ltr'><strong>Χ</strong></span> 
     </span>
    </p>
   </div>
   <div class='ocr_carea' id='block_1_2' title="bbox 732 597 2457 673">
    <p class='ocr_par' dir='ltr' id='par_1_2' title="bbox 732 597 2457 673">
     <span class='ocr_line' id='line_1_2' title="bbox 732 597 2457 673; baseline -0.004 0"><span class='ocrx_word' id='word_1_2' title='bbox 732 603 1575 673; x_wconf 86' lang='lat' dir='ltr'><strong>DECLAMATIONES.</strong></span> <span class='ocrx_word' id='word_1_3' title='bbox 1622 603 2083 673; x_wconf 85' lang='lat' dir='ltr'>CCLXVIII.</span> <span class='ocrx_word' id='word_1_4' title='bbox 2339 597 2457 667; x_wconf 80' lang='lat'><strong>105</strong></span> 
     </span>
    </p>
   </div>
   <div class='ocr_carea' id='block_1_3' title="bbox 365 724 2470 4104">
    <p class='ocr_par' dir='ltr' id='par_1_3' title="bbox 365 724 2470 3785">
     <span class='ocr_line' id='line_1_3' title="bbox 365 724 2458 826; baseline -0.001 -26"><span class='ocrx_word' id='word_1_5' title='bbox 365 729 454 800; x_wconf 85' lang='lat' dir='ltr'><strong>ad</strong></span> <span class='ocrx_word' id='word_1_6' title='bbox 475 728 914 802; x_wconf 84' lang='lat' dir='ltr'><strong>evertendam</strong></span> <span class='ocrx_word' id='word_1_7' title='bbox 937 726 1448 826; x_wconf 83' lang='lat' dir='ltr'>rempublicam</span> <span class='ocrx_word' id='word_1_8' title='bbox 1466 785 1487 819; x_wconf 86' lang='lat'>,</span> <span class='ocrx_word' id='word_1_9' title='bbox 1505 725 1617 799; x_wconf 85' lang='lat' dir='ltr'><strong>his</strong></span> <span class='ocrx_word' id='word_1_10' title='bbox 1633 727 1845 799; x_wconf 87' lang='lat' dir='ltr'><strong>veluti</strong></span> <span class='ocrx_word' id='word_1_11' title='bbox 1865 728 2073 801; x_wconf 90' lang='lat' dir='ltr'><strong>armis</strong></span> <span class='ocrx_word' id='word_1_12' title='bbox 2089 724 2417 800; x_wconf 85' lang='lat' dir='ltr'><strong>succincti</strong></span> <span class='ocrx_word' id='word_1_13' title='bbox 2439 780 2458 812; x_wconf 90' lang='lat'><strong>‚</strong></span> 
     </span>
     <span class='ocr_line' id='line_1_4' title="bbox 366 840 2458 941; baseline -0.001 -27"><span class='ocrx_word' id='word_1_14' title='bbox 366 842 836 916; x_wconf 86' lang='lat' dir='ltr'><strong>accesserunt?</strong></span> <span class='ocrx_word' id='word_1_15' title='bbox 879 841 1076 931; x_wconf 86' lang='lat' dir='ltr'><strong>Quid</strong></span> <span class='ocrx_word' id='word_1_16' title='bbox 1119 867 1248 941; x_wconf 78' lang='lat' dir='ltr'><strong>ego</strong></span> <span class='ocrx_word' id='word_1_17' title='bbox 1291 841 1557 931; x_wconf 85' lang='lat' dir='ltr'><strong>dicam,</strong></span> <span class='ocrx_word' id='word_1_18' title='bbox 1607 862 1952 941; x_wconf 87' lang='lat' dir='ltr'><strong>quantum</strong></span> <span class='ocrx_word' id='word_1_19' title='bbox 1997 840 2252 914; x_wconf 89' lang='lat' dir='ltr'><strong>civitati</strong></span> <span class='ocrx_word' id='word_1_20' title='bbox 2292 866 2458 940; x_wconf 78' lang='lat' dir='ltr'><strong>pto-</strong></span> 
     </span>
     <span class='ocr_line' id='line_1_5' title="bbox 367 956 2461 1058; baseline -0 -30"><span class='ocrx_word' id='word_1_21' title='bbox 367 958 579 1030; x_wconf 87' lang='lat' dir='ltr'><strong>fuerit</strong></span> <span class='ocrx_word' id='word_1_22' title='bbox 599 956 1036 1058; x_wconf 82' lang='lat' dir='ltr'>eloquentia?</span> <span class='ocrx_word' id='word_1_23' title='bbox 1055 956 1188 1028; x_wconf 86' lang='lat' dir='ltr'><strong>sibi</strong></span> <span class='ocrx_word' id='word_1_24' title='bbox 1211 956 1478 1030; x_wconf 85' lang='lat' dir='ltr'><strong>nocuit.</strong></span> <span class='ocrx_word' id='word_1_25' title='bbox 1500 957 1836 1029; x_wconf 89' lang='lat' dir='ltr'><strong>Summos</strong></span> <span class='ocrx_word' id='word_1_26' title='bbox 1859 956 2222 1057; x_wconf 83' lang='lat' dir='ltr'><strong>utriusque</strong></span> <span class='ocrx_word' id='word_1_27' title='bbox 2246 956 2461 1056; x_wconf 83' lang='lat' dir='ltr'><strong>partis</strong></span> 
     </span>
     <span class='ocr_line' id='line_1_6' title="bbox 368 1070 2463 1173; baseline 0 -30"><span class='ocrx_word' id='word_1_28' title='bbox 368 1094 665 1146; x_wconf 80' lang='lat' dir='ltr'><strong>oratores</strong></span> <span class='ocrx_word' id='word_1_29' title='bbox 684 1073 1039 1146; x_wconf 87' lang='lat' dir='ltr'><strong>videamus</strong></span> <span class='ocrx_word' id='word_1_30' title='bbox 1058 1099 1073 1143; x_wconf 74' lang='grc' dir='ltr'>ε</span> <span class='ocrx_word' id='word_1_31' title='bbox 1099 1097 1336 1145; x_wconf 90' lang='lat' dir='ltr'><strong>nonne</strong></span> <span class='ocrx_word' id='word_1_32' title='bbox 1358 1070 1908 1144; x_wconf 83' lang='lat' dir='ltr'><strong>Demosthenem</strong></span> <span class='ocrx_word' id='word_1_33' title='bbox 1929 1071 2133 1146; x_wconf 89' lang='lat' dir='ltr'><strong>illum</strong></span> <span class='ocrx_word' id='word_1_34' title='bbox 2149 1127 2169 1160; x_wconf 87' lang='lat'>‚</span> <span class='ocrx_word' id='word_1_35' title='bbox 2188 1089 2463 1173; x_wconf 89' lang='lat' dir='ltr'><strong>oppres·</strong></span> 
     </span>
     <span class='ocr_line' id='line_1_7' title="bbox 371 1186 2460 1278; baseline 0 -18"><span class='ocrx_word' id='word_1_36' title='bbox 371 1216 530 1261; x_wconf 88' lang='lat' dir='ltr'><strong>sum</strong></span> <span class='ocrx_word' id='word_1_37' title='bbox 554 1215 823 1262; x_wconf 87' lang='lat' dir='ltr'><strong>veneno</strong></span> <span class='ocrx_word' id='word_1_38' title='bbox 857 1215 983 1261; x_wconf 89' lang='lat' dir='ltr'><strong>suo</strong></span> <span class='ocrx_word' id='word_1_39' title='bbox 1020 1188 1322 1260; x_wconf 81' lang='lat' dir='ltr'><strong>scimus?</strong></span> <span class='ocrx_word' id='word_1_40' title='bbox 1351 1213 1591 1260; x_wconf 90' lang='lat' dir='ltr'><strong>nonne</strong></span> <span class='ocrx_word' id='word_1_41' title='bbox 1622 1186 2035 1260; x_wconf 85' lang='lat' dir='ltr'><strong>Ciceronem</strong></span> <span class='ocrx_word' id='word_1_42' title='bbox 2069 1187 2142 1259; x_wconf 93' lang='lat' dir='ltr'><strong>in</strong></span> <span class='ocrx_word' id='word_1_43' title='bbox 2177 1186 2351 1278; x_wconf 88' lang='lat' dir='ltr'><strong>illis,</strong></span> <span class='ocrx_word' id='word_1_44' title='bbox 2386 1188 2460 1262; x_wconf 89' lang='lat' dir='ltr'><strong>in</strong></span> 
     </span>
     <span class='ocr_line' id='line_1_8' title="bbox 373 1302 2466 1404; baseline -0 -28"><span class='ocrx_word' id='word_1_45' title='bbox 373 1304 626 1401; x_wconf 90' lang='lat' dir='ltr'><strong>quibus</strong></span> <span class='ocrx_word' id='word_1_46' title='bbox 665 1305 857 1377; x_wconf 85' lang='lat' dir='ltr'><strong>toties</strong></span> <span class='ocrx_word' id='word_1_47' title='bbox 897 1303 1286 1404; x_wconf 82' lang='lat' dir='ltr'><strong>placuerat,</strong></span> <span class='ocrx_word' id='word_1_48' title='bbox 1332 1302 1561 1374; x_wconf 83' lang='lat' dir='ltr'><strong>rostris</strong></span> <span class='ocrx_word' id='word_1_49' title='bbox 1596 1329 1817 1401; x_wconf 84' lang='lat' dir='ltr'><strong>poenae</strong></span> <span class='ocrx_word' id='word_1_50' title='bbox 1859 1328 2000 1373; x_wconf 83' lang='lat' dir='ltr'><strong>suae</strong></span> <span class='ocrx_word' id='word_1_51' title='bbox 2034 1302 2466 1402; x_wconf 86' lang='lat' dir='ltr'><strong>expositum?</strong></span> 
     </span>
     <span class='ocr_line' id='line_1_9' title="bbox 369 1413 2466 1491; baseline -0.002 0"><span class='ocrx_word' id='word_1_52' title='bbox 369 1421 539 1491; x_wconf 75' lang='lat' dir='ltr'><strong>Hoec</strong></span> <span class='ocrx_word' id='word_1_53' title='bbox 584 1419 833 1490; x_wconf 81' lang='lat' dir='ltr'><strong>dixisse</strong></span> <span class='ocrx_word' id='word_1_54' title='bbox 880 1418 1040 1491; x_wconf 86' lang='lat' dir='ltr'><strong>satis</strong></span> <span class='ocrx_word' id='word_1_55' title='bbox 1087 1438 1272 1490; x_wconf 87' lang='lat' dir='ltr'><strong>erat:</strong></span> <span class='ocrx_word' id='word_1_56' title='bbox 1320 1442 1489 1489; x_wconf 88' lang='lat' dir='ltr'><strong>nam</strong></span> <span class='ocrx_word' id='word_1_57' title='bbox 1540 1416 1597 1488; x_wconf 88' lang='lat' dir='ltr'><strong>si</strong></span> <span class='ocrx_word' id='word_1_58' title='bbox 1646 1413 1904 1487; x_wconf 82' lang='lat' dir='ltr'><strong>civitati</strong></span> <span class='ocrx_word' id='word_1_59' title='bbox 1940 1415 2119 1487; x_wconf 89' lang='lat' dir='ltr'><strong>nihil</strong></span> <span class='ocrx_word' id='word_1_60' title='bbox 2153 1415 2466 1488; x_wconf 85' lang='lat' dir='ltr'><strong>utilitatis</strong></span> 
     </span>
     <span class='ocr_line' id='line_1_10' title="bbox 372 1528 2464 1632; baseline -0.001 -28"><span class='ocrx_word' id='word_1_61' title='bbox 372 1534 680 1608; x_wconf 87' lang='lat' dir='ltr'><strong>afferunt</strong></span> <span class='ocrx_word' id='word_1_62' title='bbox 710 1534 821 1623; x_wconf 86' lang='lat' dir='ltr'><strong>hi,</strong></span> <span class='ocrx_word' id='word_1_63' title='bbox 851 1561 1017 1606; x_wconf 89' lang='lat' dir='ltr'><strong>cum</strong></span> <span class='ocrx_word' id='word_1_64' title='bbox 1048 1532 1304 1632; x_wconf 88' lang='lat' dir='ltr'><strong>quibus</strong></span> <span class='ocrx_word' id='word_1_65' title='bbox 1332 1528 1703 1619; x_wconf 81' lang='lat' dir='ltr'><strong>contendi3</strong></span> <span class='ocrx_word' id='word_1_66' title='bbox 1738 1530 1898 1603; x_wconf 85' lang='lat' dir='ltr'><strong>satis</strong></span> <span class='ocrx_word' id='word_1_67' title='bbox 1932 1551 2074 1603; x_wconf 84' lang='lat' dir='ltr'><strong>erat</strong></span> <span class='ocrx_word' id='word_1_68' title='bbox 2094 1586 2113 1620; x_wconf 90' lang='lat'>,</span> <span class='ocrx_word' id='word_1_69' title='bbox 2143 1530 2464 1603; x_wconf 89' lang='lat' dir='ltr'><strong>relictum</strong></span> 
     </span>
     <span class='ocr_line' id='line_1_11' title="bbox 372 1645 2463 1747; baseline -0.001 -26"><span class='ocrx_word' id='word_1_70' title='bbox 372 1676 517 1722; x_wconf 89' lang='lat' dir='ltr'><strong>esse</strong></span> <span class='ocrx_word' id='word_1_71' title='bbox 551 1677 666 1722; x_wconf 93' lang='lat' dir='ltr'><strong>me</strong></span> <span class='ocrx_word' id='word_1_72' title='bbox 694 1651 944 1722; x_wconf 91' lang='lat' dir='ltr'><strong>solum.</strong></span> <span class='ocrx_word' id='word_1_73' title='bbox 974 1649 1231 1747; x_wconf 89' lang='lat' dir='ltr'><strong>Aliqua</strong></span> <span class='ocrx_word' id='word_1_74' title='bbox 1258 1669 1493 1719; x_wconf 87' lang='lat' dir='ltr'><strong>tamen</strong></span> <span class='ocrx_word' id='word_1_75' title='bbox 1524 1645 1610 1719; x_wconf 88' lang='lat' dir='ltr'><strong>de</strong></span> <span class='ocrx_word' id='word_1_76' title='bbox 1641 1646 1992 1720; x_wconf 87' lang='lat' dir='ltr'><strong>medicina</strong></span> <span class='ocrx_word' id='word_1_77' title='bbox 2014 1648 2287 1738; x_wconf 83' lang='lat' dir='ltr'><strong>dicam3</strong></span> <span class='ocrx_word' id='word_1_78' title='bbox 2320 1673 2463 1719; x_wconf 92' lang='lat' dir='ltr'><strong>non</strong></span> 
     </span>
     <span class='ocr_line' id='line_1_12' title="bbox 373 1761 2465 1864; baseline 0 -30"><span class='ocrx_word' id='word_1_79' title='bbox 373 1763 771 1837; x_wconf 84' lang='lat' dir='ltr'><strong>mehercule</strong></span> <span class='ocrx_word' id='word_1_80' title='bbox 786 1764 1098 1864; x_wconf 87' lang='lat' dir='ltr'><strong>jactandi</strong></span> <span class='ocrx_word' id='word_1_81' title='bbox 1130 1761 1271 1835; x_wconf 90' lang='lat' dir='ltr'><strong>mei</strong></span> <span class='ocrx_word' id='word_1_82' title='bbox 1292 1787 1496 1833; x_wconf 89' lang='lat' dir='ltr'><strong>causa</strong></span> <span class='ocrx_word' id='word_1_83' title='bbox 1513 1819 1532 1851; x_wconf 89' lang='lat'>‚</span> <span class='ocrx_word' id='word_1_84' title='bbox 1566 1761 1686 1835; x_wconf 88' lang='lat' dir='ltr'><strong>sed</strong></span> <span class='ocrx_word' id='word_1_85' title='bbox 1706 1763 2279 1835; x_wconf 76' lang='lat' dir='ltr'><strong>commendandae</strong></span> <span class='ocrx_word' id='word_1_86' title='bbox 2304 1762 2465 1835; x_wconf 87' lang='lat' dir='ltr'><strong>artis</strong></span> 
     </span>
     <span class='ocr_line' id='line_1_13' title="bbox 373 1876 2463 1977; baseline 0.001 -29"><span class='ocrx_word' id='word_1_87' title='bbox 373 1878 590 1977; x_wconf 88' lang='lat' dir='ltr'><strong>ipsius</strong></span> <span class='ocrx_word' id='word_1_88' title='bbox 607 1936 626 1968; x_wconf 83' lang='lat'>‚</span> <span class='ocrx_word' id='word_1_89' title='bbox 650 1878 763 1977; x_wconf 91' lang='lat' dir='ltr'><strong>cuj</strong></span> <span class='ocrx_word' id='word_1_90' title='bbox 774 1906 854 1950; x_wconf 87' lang='lat' dir='ltr'><strong>us</strong></span> <span class='ocrx_word' id='word_1_91' title='bbox 876 1898 1185 1949; x_wconf 81' lang='lat' dir='ltr'><strong>auctores</strong></span> <span class='ocrx_word' id='word_1_92' title='bbox 1210 1896 1369 1948; x_wconf 90' lang='lat' dir='ltr'><strong>ante</strong></span> <span class='ocrx_word' id='word_1_93' title='bbox 1389 1877 1629 1949; x_wconf 86' lang='lat' dir='ltr'><strong>omnia</strong></span> <span class='ocrx_word' id='word_1_94' title='bbox 1649 1877 2043 1976; x_wconf 87' lang='lat' dir='ltr'><strong>accepimus</strong></span> <span class='ocrx_word' id='word_1_95' title='bbox 2062 1877 2223 1949; x_wconf 87' lang='lat' dir='ltr'><strong>deos</strong></span> <span class='ocrx_word' id='word_1_96' title='bbox 2248 1904 2263 1948; x_wconf 74' lang='grc' dir='ltr'>ε</span> <span class='ocrx_word' id='word_1_97' title='bbox 2291 1876 2430 1950; x_wconf 89' lang='lat' dir='ltr'><strong>sive</strong></span> <span class='ocrx_word' id='word_1_98' title='bbox 2444 1933 2463 1965; x_wconf 91' lang='lat'><strong>‚</strong></span> 
     </span>
     <span class='ocr_line' id='line_1_14' title="bbox 372 1990 2468 2080; baseline 0.001 -19"><span class='ocrx_word' id='word_1_99' title='bbox 372 2012 454 2075; x_wconf 84' lang='lat' dir='ltr'><strong>ut</strong></span> <span class='ocrx_word' id='word_1_100' title='bbox 495 1992 801 2063; x_wconf 82' lang='lat' dir='ltr'><strong>maxime</strong></span> <span class='ocrx_word' id='word_1_101' title='bbox 842 2016 1016 2080; x_wconf 84' lang='lat' dir='ltr'><strong>reor,</strong></span> <span class='ocrx_word' id='word_1_102' title='bbox 1066 2011 1145 2061; x_wconf 90' lang='lat' dir='ltr'><strong>ut</strong></span> <span class='ocrx_word' id='word_1_103' title='bbox 1185 1990 1328 2062; x_wconf 83' lang='lat' dir='ltr'><strong>haec</strong></span> <span class='ocrx_word' id='word_1_104' title='bbox 1369 1990 1736 2064; x_wconf 85' lang='lat' dir='ltr'><strong>infirmitas</strong></span> <span class='ocrx_word' id='word_1_105' title='bbox 1767 1991 2147 2064; x_wconf 90' lang='lat' dir='ltr'><strong>hominum</strong></span> <span class='ocrx_word' id='word_1_106' title='bbox 2178 1991 2468 2064; x_wconf 87' lang='lat' dir='ltr'><strong>haberet</strong></span> 
     </span>
     <span class='ocr_line' id='line_1_15' title="bbox 369 2103 2463 2204; baseline 0 -27"><span class='ocrx_word' id='word_1_107' title='bbox 369 2105 787 2204; x_wconf 88' lang='lat' dir='ltr'><strong>adjumenta</strong></span> <span class='ocrx_word' id='word_1_108' title='bbox 825 2103 1061 2203; x_wconf 89' lang='lat' dir='ltr'><strong>aliqua</strong></span> <span class='ocrx_word' id='word_1_109' title='bbox 1100 2124 1304 2203; x_wconf 90' lang='lat' dir='ltr'><strong>atque</strong></span> <span class='ocrx_word' id='word_1_110' title='bbox 1346 2105 1621 2193; x_wconf 66' lang='lat' dir='ltr'><strong>solati-‘213</strong></span> <span class='ocrx_word' id='word_1_111' title='bbox 1656 2106 1795 2178; x_wconf 86' lang='lat' dir='ltr'><strong>sive</strong></span> <span class='ocrx_word' id='word_1_112' title='bbox 1829 2128 2102 2180; x_wconf 87' lang='lat' dir='ltr'><strong>tantum</strong></span> <span class='ocrx_word' id='word_1_113' title='bbox 2134 2106 2304 2178; x_wconf 89' lang='lat' dir='ltr'><strong>huic</strong></span> <span class='ocrx_word' id='word_1_114' title='bbox 2337 2105 2463 2179; x_wconf 87' lang='lat' dir='ltr'><strong>arti</strong></span> 
     </span>
     <span class='ocr_line' id='line_1_16' title="bbox 367 2218 2463 2321; baseline 0.001 -30"><span class='ocrx_word' id='word_1_115' title='bbox 367 2219 678 2291; x_wconf 83' lang='lat' dir='ltr'><strong>tribuere</strong></span> <span class='ocrx_word' id='word_1_116' title='bbox 699 2218 991 2318; x_wconf 86' lang='lat' dir='ltr'><strong>majores</strong></span> <span class='ocrx_word' id='word_1_117' title='bbox 1004 2275 1023 2307; x_wconf 89' lang='lat'><strong>‚</strong></span> <span class='ocrx_word' id='word_1_118' title='bbox 1046 2240 1122 2290; x_wconf 88' lang='lat' dir='ltr'><strong>ut</strong></span> <span class='ocrx_word' id='word_1_119' title='bbox 1140 2245 1293 2291; x_wconf 89' lang='lat' dir='ltr'><strong>eam</strong></span> <span class='ocrx_word' id='word_1_120' title='bbox 1309 2219 1420 2291; x_wconf 82' lang='lat' dir='ltr'><strong>vix</strong></span> <span class='ocrx_word' id='word_1_121' title='bbox 1436 2220 1792 2293; x_wconf 85' lang='lat' dir='ltr'><strong>crederent</strong></span> <span class='ocrx_word' id='word_1_122' title='bbox 1809 2221 2137 2295; x_wconf 83' lang='lat' dir='ltr'><strong>humanis</strong></span> <span class='ocrx_word' id='word_1_123' title='bbox 2155 2221 2463 2321; x_wconf 86' lang='lat' dir='ltr'><strong>potuisse</strong></span> 
     </span>
     <span class='ocr_line' id='line_1_17' title="bbox 367 2332 2465 2434; baseline 0.002 -30"><span class='ocrx_word' id='word_1_124' title='bbox 367 2332 677 2431; x_wconf 76' lang='lat' dir='ltr'><strong>ingeniis</strong></span> <span class='ocrx_word' id='word_1_125' title='bbox 722 2333 1049 2423; x_wconf 83' lang='lat' dir='ltr'><strong>inveniri3</strong></span> <span class='ocrx_word' id='word_1_126' title='bbox 1097 2333 1237 2406; x_wconf 80' lang='lat' dir='ltr'><strong>sive</strong></span> <span class='ocrx_word' id='word_1_127' title='bbox 1280 2334 1430 2433; x_wconf 88' lang='lat' dir='ltr'><strong>ipsa</strong></span> <span class='ocrx_word' id='word_1_128' title='bbox 1473 2334 1823 2410; x_wconf 84' lang='lat' dir='ltr'><strong>medicina</strong></span> <span class='ocrx_word' id='word_1_129' title='bbox 1863 2363 1986 2434; x_wconf 88' lang='lat' dir='ltr'><strong>per</strong></span> <span class='ocrx_word' id='word_1_130' title='bbox 2024 2362 2096 2408; x_wconf 91' lang='lat' dir='ltr'><strong>se</strong></span> <span class='ocrx_word' id='word_1_131' title='bbox 2142 2350 2160 2380; x_wconf 89' lang='lat'><strong>¹</strong></span> <span class='ocrx_word' id='word_1_132' title='bbox 2189 2360 2465 2408; x_wconf 83' lang='lat' dir='ltr'><strong>sacrum</strong></span> 
     </span>
     <span class='ocr_line' id='line_1_18' title="bbox 373 2441 2469 2549; baseline 0 -29"><span class='ocrx_word' id='word_1_133' title='bbox 373 2466 516 2520; x_wconf 87' lang='lat' dir='ltr'><strong>est:</strong></span> <span class='ocrx_word' id='word_1_134' title='bbox 554 2446 1059 2520; x_wconf 88' lang='lat' dir='ltr'><strong>contendamus</strong></span> <span class='ocrx_word' id='word_1_135' title='bbox 1096 2473 1258 2519; x_wconf 91' lang='lat' dir='ltr'><strong>sane</strong></span> <span class='ocrx_word' id='word_1_136' title='bbox 1298 2448 1488 2547; x_wconf 89' lang='lat' dir='ltr'><strong>apud</strong></span> <span class='ocrx_word' id='word_1_137' title='bbox 1535 2475 1827 2521; x_wconf 76' lang='lat' dir='ltr'><strong>securos,</strong></span> <span class='ocrx_word' id='word_1_138' title='bbox 1874 2449 1945 2520; x_wconf 92' lang='lat' dir='ltr'><strong>Si</strong></span> <span class='ocrx_word' id='word_1_139' title='bbox 1985 2475 2199 2549; x_wconf 89' lang='lat' dir='ltr'><strong>quem</strong></span> <span class='ocrx_word' id='word_1_140' title='bbox 2229 2441 2469 2547; x_wconf 70' lang='lat' dir='ltr'><strong>(quod</strong></span> 
     </span>
     <span class='ocr_line' id='line_1_19' title="bbox 375 2562 2468 2663; baseline 0.002 -30"><span class='ocrx_word' id='word_1_141' title='bbox 375 2562 551 2635; x_wconf 84' lang='lat' dir='ltr'><strong>absit</strong></span> <span class='ocrx_word' id='word_1_142' title='bbox 591 2563 958 2659; x_wconf 89' lang='lat' dir='ltr'><strong>omnibus)</strong></span> <span class='ocrx_word' id='word_1_143' title='bbox 1000 2562 1228 2635; x_wconf 85' lang='lat' dir='ltr'><strong>subita</strong></span> <span class='ocrx_word' id='word_1_144' title='bbox 1268 2562 1802 2663; x_wconf 89' lang='lat' dir='ltr'><strong>deprehenderit</strong></span> <span class='ocrx_word' id='word_1_145' title='bbox 1835 2564 2192 2655; x_wconf 86' lang='lat' dir='ltr'><strong>valetudo,</strong></span> <span class='ocrx_word' id='word_1_146' title='bbox 2236 2585 2468 2637; x_wconf 85' lang='lat' dir='ltr'><strong>orato-</strong></span> 
     </span>
     <span class='ocr_line' id='line_1_20' title="bbox 379 2676 2469 2779; baseline 0.002 -32"><span class='ocrx_word' id='word_1_147' title='bbox 379 2702 615 2749; x_wconf 87' lang='lat' dir='ltr'><strong>remne</strong></span> <span class='ocrx_word' id='word_1_148' title='bbox 631 2676 987 2750; x_wconf 87' lang='lat' dir='ltr'><strong>consulet?</strong></span> <span class='ocrx_word' id='word_1_149' title='bbox 1002 2676 1199 2767; x_wconf 86' lang='lat' dir='ltr'><strong>Quid</strong></span> <span class='ocrx_word' id='word_1_150' title='bbox 1225 2703 1417 2751; x_wconf 92' lang='lat' dir='ltr'><strong>nunc</strong></span> <span class='ocrx_word' id='word_1_151' title='bbox 1438 2705 1566 2777; x_wconf 78' lang='lat' dir='ltr'><strong>ego</strong></span> <span class='ocrx_word' id='word_1_152' title='bbox 1586 2703 2025 2767; x_wconf 86' lang='lat' dir='ltr'><strong>enumerem,</strong></span> <span class='ocrx_word' id='word_1_153' title='bbox 2047 2699 2282 2751; x_wconf 90' lang='lat' dir='ltr'><strong>contra</strong></span> <span class='ocrx_word' id='word_1_154' title='bbox 2299 2698 2469 2779; x_wconf 89' lang='lat' dir='ltr'><strong>quot</strong></span> 
     </span>
     <span class='ocr_line' id='line_1_21' title="bbox 375 2791 2470 2893; baseline 0 -30"><span class='ocrx_word' id='word_1_155' title='bbox 375 2793 671 2864; x_wconf 65' lang='lat' dir='ltr'><strong>fortunat</strong></span> <span class='ocrx_word' id='word_1_156' title='bbox 715 2791 1006 2893; x_wconf 86' lang='lat' dir='ltr'><strong>injurias</strong></span> <span class='ocrx_word' id='word_1_157' title='bbox 1048 2791 1399 2865; x_wconf 87' lang='lat' dir='ltr'><strong>medicina</strong></span> <span class='ocrx_word' id='word_1_158' title='bbox 1441 2793 1856 2867; x_wconf 83' lang='lat' dir='ltr'><strong>advocetur?</strong></span> <span class='ocrx_word' id='word_1_159' title='bbox 1897 2793 2093 2866; x_wconf 89' lang='lat' dir='ltr'><strong>illam</strong></span> <span class='ocrx_word' id='word_1_160' title='bbox 2126 2791 2470 2865; x_wconf 82' lang='lat' dir='ltr'><strong>valetudi-</strong></span> 
     </span>
     <span class='ocr_line' id='line_1_22' title="bbox 377 2905 2470 3009; baseline 0.001 -31"><span class='ocrx_word' id='word_1_161' title='bbox 377 2933 580 2995; x_wconf 87' lang='lat' dir='ltr'><strong>nem,</strong></span> <span class='ocrx_word' id='word_1_162' title='bbox 616 2934 755 3007; x_wconf 89' lang='lat' dir='ltr'><strong>qua</strong></span> <span class='ocrx_word' id='word_1_163' title='bbox 786 2907 1064 3007; x_wconf 85' lang='lat' dir='ltr'><strong>spiritus</strong></span> <span class='ocrx_word' id='word_1_164' title='bbox 1094 2908 1476 3007; x_wconf 79' lang='lat' dir='ltr'><strong>frangitur?</strong></span> <span class='ocrx_word' id='word_1_165' title='bbox 1502 2936 1593 2981; x_wconf 94' lang='lat' dir='ltr'><strong>an</strong></span> <span class='ocrx_word' id='word_1_166' title='bbox 1628 2908 1823 2981; x_wconf 88' lang='lat' dir='ltr'><strong>illam</strong></span> <span class='ocrx_word' id='word_1_167' title='bbox 1843 2967 1862 3002; x_wconf 87' lang='lat'>‚</span> <span class='ocrx_word' id='word_1_168' title='bbox 1894 2936 2036 3009; x_wconf 92' lang='lat' dir='ltr'><strong>qua</strong></span> <span class='ocrx_word' id='word_1_169' title='bbox 2070 2908 2252 2980; x_wconf 88' lang='lat' dir='ltr'><strong>visus</strong></span> <span class='ocrx_word' id='word_1_170' title='bbox 2285 2905 2470 3008; x_wconf 87' lang='lat' dir='ltr'><strong>peri-</strong></span> 
     </span>
     <span class='ocr_line' id='line_1_23' title="bbox 377 3020 2469 3122; baseline -0 -29"><span class='ocrx_word' id='word_1_171' title='bbox 377 3021 748 3095; x_wconf 84' lang='lat' dir='ltr'><strong>clitantur?</strong></span> <span class='ocrx_word' id='word_1_172' title='bbox 788 3049 878 3094; x_wconf 87' lang='lat' dir='ltr'><strong>an</strong></span> <span class='ocrx_word' id='word_1_173' title='bbox 915 3021 1106 3094; x_wconf 88' lang='lat' dir='ltr'><strong>illam</strong></span> <span class='ocrx_word' id='word_1_174' title='bbox 1129 3080 1149 3110; x_wconf 88' lang='lat'>‚</span> <span class='ocrx_word' id='word_1_175' title='bbox 1178 3050 1320 3122; x_wconf 89' lang='lat' dir='ltr'><strong>qua</strong></span> <span class='ocrx_word' id='word_1_176' title='bbox 1347 3022 1636 3099; x_wconf 86' lang='lat' dir='ltr'><strong>vulnera</strong></span> <span class='ocrx_word' id='word_1_177' title='bbox 1671 3023 1981 3097; x_wconf 86' lang='lat' dir='ltr'><strong>curanda</strong></span> <span class='ocrx_word' id='word_1_178' title='bbox 2012 3021 2215 3097; x_wconf 88' lang='lat' dir='ltr'><strong>sunt?</strong></span> <span class='ocrx_word' id='word_1_179' title='bbox 2247 3049 2337 3093; x_wconf 85' lang='lat' dir='ltr'><strong>an</strong></span> <span class='ocrx_word' id='word_1_180' title='bbox 2377 3020 2469 3092; x_wconf 89' lang='lat' dir='ltr'><strong>il-</strong></span> 
     </span>
     <span class='ocr_line' id='line_1_24' title="bbox 380 3134 2465 3233; baseline 0.001 -29"><span class='ocrx_word' id='word_1_181' title='bbox 380 3134 518 3206; x_wconf 85' lang='lat' dir='ltr'><strong>lam</strong></span> <span class='ocrx_word' id='word_1_182' title='bbox 538 3192 557 3222; x_wconf 82' lang='lat'>,</span> <span class='ocrx_word' id='word_1_183' title='bbox 588 3164 724 3233; x_wconf 84' lang='lat' dir='ltr'><strong>qua</strong></span> <span class='ocrx_word' id='word_1_184' title='bbox 755 3136 1093 3210; x_wconf 88' lang='lat' dir='ltr'><strong>debilitati</strong></span> <span class='ocrx_word' id='word_1_185' title='bbox 1122 3137 1549 3211; x_wconf 87' lang='lat' dir='ltr'><strong>occurritur?</strong></span> <span class='ocrx_word' id='word_1_186' title='bbox 1576 3164 1976 3210; x_wconf 87' lang='lat' dir='ltr'><strong>removeam</strong></span> <span class='ocrx_word' id='word_1_187' title='bbox 2007 3134 2428 3208; x_wconf 89' lang='lat' dir='ltr'><strong>medicinam</strong></span> <span class='ocrx_word' id='word_1_188' title='bbox 2446 3191 2465 3225; x_wconf 90' lang='lat'>,</span> 
     </span>
     <span class='ocr_line' id='line_1_25' title="bbox 384 3249 2468 3351; baseline 0.001 -31"><span class='ocrx_word' id='word_1_189' title='bbox 384 3269 465 3320; x_wconf 93' lang='lat' dir='ltr'><strong>tu</strong></span> <span class='ocrx_word' id='word_1_190' title='bbox 511 3249 912 3351; x_wconf 87' lang='lat' dir='ltr'><strong>philosophe</strong></span> <span class='ocrx_word' id='word_1_191' title='bbox 934 3309 954 3343; x_wconf 89' lang='lat'>,</span> <span class='ocrx_word' id='word_1_192' title='bbox 1003 3252 1516 3325; x_wconf 82' lang='lat' dir='ltr'><strong>consolaberis?</strong></span> <span class='ocrx_word' id='word_1_193' title='bbox 1560 3252 1776 3342; x_wconf 87' lang='lat' dir='ltr'><strong>Quod</strong></span> <span class='ocrx_word' id='word_1_194' title='bbox 1823 3251 2200 3323; x_wconf 90' lang='lat' dir='ltr'><strong>hominum</strong></span> <span class='ocrx_word' id='word_1_195' title='bbox 2246 3276 2468 3349; x_wconf 79' lang='lat' dir='ltr'><strong>genus</strong></span> 
     </span>
     <span class='ocr_line' id='line_1_26' title="bbox 382 3364 2467 3464; baseline 0.001 -30"><span class='ocrx_word' id='word_1_196' title='bbox 382 3381 520 3451; x_wconf 87' lang='lat' dir='ltr'><strong>est,</strong></span> <span class='ocrx_word' id='word_1_197' title='bbox 553 3365 674 3461; x_wconf 90' lang='lat' dir='ltr'><strong>qui</strong></span> <span class='ocrx_word' id='word_1_198' title='bbox 707 3391 937 3457; x_wconf 86' lang='lat' dir='ltr'><strong>sexus,</strong></span> <span class='ocrx_word' id='word_1_199' title='bbox 984 3393 1138 3464; x_wconf 78' lang='lat' dir='ltr'><strong>quae</strong></span> <span class='ocrx_word' id='word_1_200' title='bbox 1173 3387 1370 3459; x_wconf 82' lang='lat' dir='ltr'><strong>aetas,</strong></span> <span class='ocrx_word' id='word_1_201' title='bbox 1421 3391 1576 3464; x_wconf 83' lang='lat' dir='ltr'><strong>quae</strong></span> <span class='ocrx_word' id='word_1_202' title='bbox 1623 3393 1767 3438; x_wconf 93' lang='lat' dir='ltr'><strong>non</strong></span> <span class='ocrx_word' id='word_1_203' title='bbox 1803 3364 2169 3438; x_wconf 90' lang='lat' dir='ltr'><strong>utilitatem</strong></span> <span class='ocrx_word' id='word_1_204' title='bbox 2212 3391 2292 3436; x_wconf 84' lang='lat' dir='ltr'><strong>ex</strong></span> <span class='ocrx_word' id='word_1_205' title='bbox 2337 3364 2467 3436; x_wconf 91' lang='lat' dir='ltr'><strong>hac</strong></span> 
     </span>
     <span class='ocr_line' id='line_1_27' title="bbox 378 3476 2467 3579; baseline 0.001 -31"><span class='ocrx_word' id='word_1_206' title='bbox 378 3476 613 3576; x_wconf 86' lang='lat' dir='ltr'><strong>petat?</strong></span> <span class='ocrx_word' id='word_1_207' title='bbox 644 3481 881 3576; x_wconf 85' lang='lat' dir='ltr'><strong>Itaque</strong></span> <span class='ocrx_word' id='word_1_208' title='bbox 900 3537 919 3571; x_wconf 90' lang='lat'>,</span> <span class='ocrx_word' id='word_1_209' title='bbox 951 3481 1226 3554; x_wconf 84' lang='lat' dir='ltr'><strong>etiamsi</strong></span> <span class='ocrx_word' id='word_1_210' title='bbox 1267 3480 1618 3554; x_wconf 89' lang='lat' dir='ltr'><strong>medicina</strong></span> <span class='ocrx_word' id='word_1_211' title='bbox 1647 3481 1832 3553; x_wconf 89' lang='lat' dir='ltr'><strong>vinci</strong></span> <span class='ocrx_word' id='word_1_212' title='bbox 1864 3480 2004 3552; x_wconf 87' lang='lat' dir='ltr'><strong>fata</strong></span> <span class='ocrx_word' id='word_1_213' title='bbox 2032 3506 2178 3552; x_wconf 89' lang='lat' dir='ltr'><strong>non</strong></span> <span class='ocrx_word' id='word_1_214' title='bbox 2216 3500 2467 3579; x_wconf 89' lang='lat' dir='ltr'><strong>potue·-</strong></span> 
     </span>
     <span class='ocr_line' id='line_1_28' title="bbox 376 3592 2465 3697; baseline -0.001 -32"><span class='ocrx_word' id='word_1_215' title='bbox 376 3615 574 3685; x_wconf 88' lang='lat' dir='ltr'><strong>runt,</strong></span> <span class='ocrx_word' id='word_1_216' title='bbox 605 3595 974 3694; x_wconf 87' lang='lat' dir='ltr'><strong>productus</strong></span> <span class='ocrx_word' id='word_1_217' title='bbox 1002 3619 1237 3670; x_wconf 87' lang='lat' dir='ltr'><strong>tamen</strong></span> <span class='ocrx_word' id='word_1_218' title='bbox 1265 3622 1485 3697; x_wconf 88' lang='lat' dir='ltr'><strong>usque</strong></span> <span class='ocrx_word' id='word_1_219' title='bbox 1510 3595 1600 3669; x_wconf 89' lang='lat' dir='ltr'><strong>ad</strong></span> <span class='ocrx_word' id='word_1_220' title='bbox 1627 3623 1783 3669; x_wconf 86' lang='lat' dir='ltr'><strong>eam</strong></span> <span class='ocrx_word' id='word_1_221' title='bbox 1800 3610 1825 3641; x_wconf 82' lang='lat'>²</span> <span class='ocrx_word' id='word_1_222' title='bbox 1852 3618 2043 3694; x_wconf 89' lang='lat' dir='ltr'><strong>pater</strong></span> <span class='ocrx_word' id='word_1_223' title='bbox 2067 3616 2316 3685; x_wconf 87' lang='lat' dir='ltr'><strong>noster,</strong></span> <span class='ocrx_word' id='word_1_224' title='bbox 2343 3592 2465 3691; x_wconf 89' lang='lat' dir='ltr'><strong>qui</strong></span> 
     </span>
     <span class='ocr_line' id='line_1_29' title="bbox 373 3709 1142 3785; baseline 0.004 -6"><span class='ocrx_word' id='word_1_225' title='bbox 373 3729 505 3780; x_wconf 85' lang='lat' dir='ltr'><strong>tres</strong></span> <span class='ocrx_word' id='word_1_226' title='bbox 531 3709 790 3783; x_wconf 86' lang='lat' dir='ltr'><strong>liberos</strong></span> <span class='ocrx_word' id='word_1_227' title='bbox 818 3711 1142 3785; x_wconf 83' lang='lat' dir='ltr'><strong>habebat.</strong></span> 
     </span>
    </p>

    <p class='ocr_par' dir='ltr' id='par_1_4' title="bbox 374 3873 2467 4104">
     <span class='ocr_line' id='line_1_30' title="bbox 378 3873 2467 3951; baseline -0.001 -24"><span class='ocrx_word' id='word_1_228' title='bbox 378 3874 589 3948; x_wconf 85' lang='lat' dir='ltr'><strong>quidem</strong></span> <span class='ocrx_word' id='word_1_229' title='bbox 613 3897 749 3951; x_wconf 76' lang='lat' dir='ltr'><strong>saepe</strong></span> <span class='ocrx_word' id='word_1_230' title='bbox 767 3883 840 3933; x_wconf 86' lang='lat' dir='ltr'><strong>ita</strong></span> <span class='ocrx_word' id='word_1_231' title='bbox 859 3880 1031 3936; x_wconf 79' lang='lat' dir='ltr'><strong>solere</strong></span> <span class='ocrx_word' id='word_1_232' title='bbox 1049 3895 1247 3935; x_wconf 81' lang='lat' dir='ltr'><strong>veteres</strong></span> <span class='ocrx_word' id='word_1_233' title='bbox 1268 3899 1378 3934; x_wconf 89' lang='lat' dir='ltr'><strong>uno</strong></span> <span class='ocrx_word' id='word_1_234' title='bbox 1459 3879 1741 3932; x_wconf 79' lang='lat' dir='ltr'><strong>tendamus.</strong></span> <span class='ocrx_word' id='word_1_235' title='bbox 1763 3879 2170 3936; x_wconf 66' lang='lat' dir='ltr'><strong>Censen-namur</strong></span> <span class='ocrx_word' id='word_1_236' title='bbox 2183 3892 2307 3928; x_wconf 74' lang='lat' dir='ltr'><strong>sane</strong></span> <span class='ocrx_word' id='word_1_237' title='bbox 2324 3873 2467 3945; x_wconf 77' lang='lat' dir='ltr'><strong>apud</strong></span> 
     </span>
     <span class='ocr_line' id='line_1_31' title="bbox 374 3952 2461 4033; baseline 0.002 -29"><span class='ocrx_word' id='word_1_238' title='bbox 374 3953 540 4005; x_wconf 79' lang='lat' dir='ltr'><strong>verbo</strong></span> <span class='ocrx_word' id='word_1_239' title='bbox 558 3954 914 4032; x_wconf 74' lang='lat' dir='ltr'><strong>defungi‚sed</strong></span> <span class='ocrx_word' id='word_1_240' title='bbox 933 3980 1000 4014; x_wconf 84' lang='lat' dir='ltr'><strong>au</strong></span> <span class='ocrx_word' id='word_1_241' title='bbox 1019 3960 1107 4012; x_wconf 87' lang='lat' dir='ltr'><strong>hie</strong></span> <span class='ocrx_word' id='word_1_242' title='bbox 1125 3979 1237 4014; x_wconf 87' lang='lat' dir='ltr'><strong>non</strong></span> <span class='ocrx_word' id='word_1_243' title='bbox 1253 3980 1379 4033; x_wconf 65' lang='lat' dir='ltr'><strong>pra·</strong></span> <span class='ocrx_word' id='word_1_244' title='bbox 1457 3978 1673 4014; x_wconf 75' lang='lat' dir='ltr'><strong>securos.</strong></span> <span class='ocrx_word' id='word_1_245' title='bbox 1711 3960 1849 4012; x_wconf 81' lang='lat' dir='ltr'><strong>Nam</strong></span> <span class='ocrx_word' id='word_1_246' title='bbox 1882 3976 2050 4030; x_wconf 64' lang='lat' dir='ltr'><strong>agros</strong></span> <span class='ocrx_word' id='word_1_247' title='bbox 2085 3956 2258 4007; x_wconf 80' lang='lat' dir='ltr'><strong>minus</strong></span> <span class='ocrx_word' id='word_1_248' title='bbox 2293 3952 2461 4008; x_wconf 85' lang='lat' dir='ltr'><strong>decet.</strong></span> 
     </span>
     <span class='ocr_line' id='line_1_32' title="bbox 376 4031 1681 4104; baseline 0.004 -20"><span class='ocrx_word' id='word_1_249' title='bbox 376 4047 539 4085; x_wconf 79' lang='lat' dir='ltr'><strong>staret</strong></span> <span class='ocrx_word' id='word_1_250' title='bbox 561 4031 734 4104; x_wconf 73' lang='lat' dir='ltr'><strong>legere</strong></span> <span class='ocrx_word' id='word_1_251' title='bbox 756 4038 930 4092; x_wconf 78' lang='lat' dir='ltr'><strong>aluit?</strong></span> <span class='ocrx_word' id='word_1_252' title='bbox 952 4041 1118 4092; x_wconf 72' lang='lat' dir='ltr'><strong>Bunu.</strong></span> <span class='ocrx_word' id='word_1_253' title='bbox 1460 4037 1681 4091; x_wconf 72' lang='lat' dir='ltr'><strong>Senum.</strong></span> 
     </span>
    </p>
   </div>
   <div class='ocr_carea' id='block_1_4' title="bbox 374 4113 2464 4267">
    <p class='ocr_par' dir='ltr' id='par_1_5' title="bbox 374 4113 2464 4267">
     <span class='ocr_line' id='line_1_33' title="bbox 449 4113 2464 4192; baseline 0.003 -30"><span class='ocrx_word' id='word_1_254' title='bbox 449 4128 494 4163; x_wconf 87' lang='lat'><strong>1.</strong></span> <span class='ocrx_word' id='word_1_255' title='bbox 516 4113 624 4166; x_wconf 83' lang='lat' dir='ltr'><strong>Per</strong></span> <span class='ocrx_word' id='word_1_256' title='bbox 638 4132 903 4170; x_wconf 67' lang='lat' dir='ltr'><strong>sesac-rum</strong></span> <span class='ocrx_word' id='word_1_257' title='bbox 923 4130 1012 4171; x_wconf 79' lang='lat' dir='ltr'><strong>est.</strong></span> <span class='ocrx_word' id='word_1_258' title='bbox 1031 4115 1093 4168; x_wconf 74' lang='lat' dir='ltr'><strong>&#39;ro&#39;</strong></span> <span class='ocrx_word' id='word_1_259' title='bbox 1114 4113 1378 4171; x_wconf 50' lang='lat' dir='ltr'><strong>suham.</strong></span> <span class='ocrx_word' id='word_1_260' title='bbox 1533 4135 1583 4169; x_wconf 67' lang='grc' dir='ltr'><strong>α.</strong></span> <span class='ocrx_word' id='word_1_261' title='bbox 1617 4117 1785 4192; x_wconf 78' lang='lat' dir='ltr'><strong>Usque</strong></span> <span class='ocrx_word' id='word_1_262' title='bbox 1803 4118 1878 4170; x_wconf 78' lang='lat' dir='ltr'><strong>ad</strong></span> <span class='ocrx_word' id='word_1_263' title='bbox 1895 4134 2027 4169; x_wconf 71' lang='lat' dir='ltr'><strong>em.</strong></span> <span class='ocrx_word' id='word_1_264' title='bbox 2051 4116 2118 4167; x_wconf 87' lang='lat' dir='ltr'><strong>Et</strong></span> <span class='ocrx_word' id='word_1_265' title='bbox 2141 4113 2230 4166; x_wconf 82' lang='lat' dir='ltr'><strong>hic</strong></span> <span class='ocrx_word' id='word_1_266' title='bbox 2253 4132 2464 4188; x_wconf 73' lang='lat' dir='ltr'><strong>qnoque</strong></span> 
     </span>
     <span class='ocr_line' id='line_1_34' title="bbox 374 4189 2461 4267; baseline 0.003 -26"><span class='ocrx_word' id='word_1_267' title='bbox 374 4189 504 4242; x_wconf 79' lang='lat' dir='ltr'><strong>vide</strong></span> <span class='ocrx_word' id='word_1_268' title='bbox 535 4191 788 4249; x_wconf 83' lang='lat' dir='ltr'><strong>Meiboin.</strong></span> <span class='ocrx_word' id='word_1_269' title='bbox 820 4195 890 4249; x_wconf 78' lang='lat' dir='ltr'><strong>ad</strong></span> <span class='ocrx_word' id='word_1_270' title='bbox 917 4195 1222 4250; x_wconf 74' lang='lat' dir='ltr'><strong>cassiodori</strong></span> <span class='ocrx_word' id='word_1_271' title='bbox 1248 4196 1380 4248; x_wconf 80' lang='lat' dir='ltr'><strong>For-</strong></span> <span class='ocrx_word' id='word_1_272' title='bbox 1457 4197 1611 4251; x_wconf 80' lang='lat' dir='ltr'><strong>locus</strong></span> <span class='ocrx_word' id='word_1_273' title='bbox 1650 4196 2021 4251; x_wconf 80' lang='lat' dir='ltr'><strong>emendatione</strong></span> <span class='ocrx_word' id='word_1_274' title='bbox 2055 4194 2272 4267; x_wconf 70' lang='lat' dir='ltr'><strong>indiget.</strong></span> <span class='ocrx_word' id='word_1_275' title='bbox 2315 4198 2461 4249; x_wconf 74' lang='lat' dir='ltr'><strong>Ptrn.</strong></span> 
     </span>
    </p>
   </div>
   <div class='ocr_carea' id='block_1_5' title="bbox 376 4269 2467 4350">
    <p class='ocr_par' dir='ltr' id='par_1_6' title="bbox 376 4269 2467 4350">
     <span class='ocr_line' id='line_1_35' title="bbox 376 4269 2467 4350; baseline 0.004 -29"><span class='ocrx_word' id='word_1_276' title='bbox 376 4269 567 4323; x_wconf 82' lang='lat' dir='ltr'><strong>mulam</strong></span> <span class='ocrx_word' id='word_1_277' title='bbox 592 4271 888 4342; x_wconf 68' lang='lat' dir='ltr'><strong>Ambiani,</strong></span> <span class='ocrx_word' id='word_1_278' title='bbox 908 4293 1031 4347; x_wconf 70' lang='lat' dir='ltr'><strong>pag.</strong></span> <span class='ocrx_word' id='word_1_279' title='bbox 1053 4273 1229 4339; x_wconf 70' lang='lat'>41.--</span> <span class='ocrx_word' id='word_1_280' title='bbox 1250 4276 1380 4328; x_wconf 81' lang='lat' dir='ltr'><strong>Con·</strong></span> <span class='ocrx_word' id='word_1_281' title='bbox 1468 4275 1634 4347; x_wconf 74' lang='lat' dir='ltr'><strong>Usque</strong></span> <span class='ocrx_word' id='word_1_282' title='bbox 1670 4277 1740 4330; x_wconf 79' lang='lat' dir='ltr'><strong>ad</strong></span> <span class='ocrx_word' id='word_1_283' title='bbox 1771 4297 1886 4332; x_wconf 79' lang='lat' dir='ltr'><strong>eam</strong></span> <span class='ocrx_word' id='word_1_284' title='bbox 1924 4290 2160 4347; x_wconf 71' lang='lat' dir='ltr'><strong>atatem,</strong></span> <span class='ocrx_word' id='word_1_285' title='bbox 2194 4277 2276 4332; x_wconf 82' lang='lat' dir='ltr'><strong>vel</strong></span> <span class='ocrx_word' id='word_1_286' title='bbox 2310 4297 2467 4350; x_wconf 79' lang='lat' dir='ltr'><strong>usque</strong></span> 
     </span>
    </p>
   </div>
  </div>
 </body>
</html>
