3200 5117
831 570 1673 648 DECLAMATIONES.
1718 571 1796 638 X.

2236 573 2359 661 537

1434 841 1689 865 m

1260 1042 1363 1119 X.

918 1274 1130 1345 Pater
1159 1276 1442 1371 receptis
1471 1272 1707 1347 oculis.

235 1479 364 1540 Cui
407 1488 601 1539 erant
631 1488 753 1537 tres
786 1474 931 1552 filii,
961 1474 1200 1536 amissis
1236 1474 1515 1553 duobus,
1551 1474 1761 1536 flendo
1799 1473 2014 1536 oculos
2051 1472 2362 1556 perdidit;

324 1574 684 1635 somniavit
719 1592 780 1632 se
817 1584 1210 1655 recepturum
1252 1569 1462 1631 oculos
1486 1616 1505 1647 ,
1554 1571 1606 1631 si
1645 1572 1860 1631 tertius
1897 1568 2063 1630 filius
2103 1573 2365 1650 perisset.

325 1672 673 1732 Somnium
714 1669 1010 1730 indicavit
1045 1671 1262 1745 uxori3
1303 1669 1407 1730 illa
1438 1656 1582 1730 filio
1617 1668 1924 1752 prodidit3
1958 1666 2272 1750 suspendit
2303 1686 2367 1727 se

330 1769 724 1830 adolescens.
754 1770 937 1829 Pater
960 1769 1187 1851 recepit
1213 1767 1458 1830 oculos:
1484 1766 1770 1851 repudiat
1792 1787 2080 1839 uxorem3
2107 1767 2233 1847 agit
2259 1765 2369 1824 illa

329 1865 563 1947 injusti
587 1865 847 1948 repudii.

1043 2020 1198 2068 Pno
1242 2020 1592 2068 Msnt'ro,

352 2146 545 2215 Ante
570 2144 812 2216 omnia
834 2143 968 2216 hoc
991 2144 1078 2216 ad
1101 2170 1223 2217 vos
1244 2170 1418 2219 meae
1440 2141 1678 2217 defero
1700 2142 2151 2232 infelicitatis,
2177 2141 2368 2242 quod

247 2256 497 2330 videre
531 2258 728 2358 coepi.
767 2258 877 2331 Sic
907 2273 1343 2359 spectatores¹
1389 2258 1575 2331 oculi
1614 2258 1826 2332 tertiae
1862 2258 2157 2331 redeunt
2188 2256 2368 2328 orbi-

249 2374 448 2445 tatis<
467 2374 588 2475 qui
608 2363 1128 2449 calamitatibus
1148 2396 1513 2465 cesserant,
1533 2375 1901 2474 parricidio
1919 2392 2363 2446 reverterunt.

249 2488 578 2561 Mirabar
611 2490 956 2589 profecto,
991 2489 1179 2589 quod
1213 2489 1285 2560 in
1319 2489 1676 2589 utriusque
1712 2488 1996 2561 orbitate
2028 2487 2217 2559 solus
2250 2513 2369 2586 pa:

247 2626 362 2677 ter
399 2604 643 2676 oculos
677 2604 1154 2705 perdidisset2.
1197 2607 1442 2678 Jussus
1483 2632 1644 2677 sum
1684 2604 1955 2694 videre,
1994 2623 2366 2702 postquam

249 2719 521 2791 orbitas
547 2719 741 2792 tertia
775 2741 1236 2819 spectatorem
1271 2747 1416 2791 non
1450 2718 1779 2791 habebat.
1814 2716 2185 2817 Numquid
2219 2717 2367 2788 dis·
2450 2744 2457 2749 ·

250 2834 544 2906 eutiunt
562 2835 731 2907 recti
751 2836 1226 2908 necessitatem
1242 2890 1261 2924 ‚
1287 2835 1410 2936 qui
1429 2834 1697 2935 aliquid
1716 2861 1950 2907 amore
1971 2832 2000 2880 3
2016 2832 2367 2945 fecerunt?

331 2994 359 3059 ἰ
374 3047 386 3059 .
413 3009 474 3061 Si
487 3018 802 3081 spectatores.
823 3011 1011 3079 Forte,
1032 3012 1120 3066 Sic
1135 3030 1276 3084 spec-
1300 3050 1310 3059 -

254 3099 465 3143 tator-es.
505 3092 649 3142 Pt‘rn.
688 3089 817 3142 Dele
853 3110 1073 3162 prorsus
1113 3087 1168 3142 τὸ
1210 3094 1273 3144 si.

254 3173 472 3238 Integra
508 3171 769 3222 sententia
807 3184 917 3223 est:
955 3173 1275 3243 Spectator-es

254 3250 404 3304 oculi
440 3252 600 3303 εει-τίω
637 3253 848 3304 redeunt
882 3252 1113 3306 orbitatis
1132 3276 1148 3305 .·
1182 3252 1277 3325 qm*

256 3328 648 3383 calamitatibus
675 3341 954 3396 cesserant,
990 3332 1274 3403 parricidio

258 3421 591 3464 reverterunt.
619 3411 786 3463 Gaott.
812 3411 1101 3476 Acumina‚
1127 3412 1276 3482 igno-

257 3494 448 3545 rantiae
473 3493 602 3545 vitio
617 3530 634 3558 .,
662 3510 902 3545 errorum
933 3490 1274 3545 mendorum·

260 3591 371 3645 que
406 3592 520 3628 esse
551 3590 765 3626 causam
796 3572 908 3626 haec
941 3573 1270 3628 demonstrat

257 3652 623 3706 Declamatio:
650 3672 809 3727 qnam
832 3657 1172 3708 manifestum
1192 3668 1273 3709 est

261 3733 521 3805 elegantia
545 3754 640 3788 sna
667 3748 870 3788 tantum
893 3755 1002 3789 non
1033 3738 1266 3807 periisse.

258 3818 394 3870 Rem
408 3834 508 3869 nos
523 3815 729 3870 dedisse
743 3830 1015 3870 auctorem
1031 3815 1271 3869 fatebun-

260 3911 370 3964 tur,
403 3900 492 3971 qui
518 3897 719 3969 judicio
752 3918 880 3964 suo,
910 3917 1027 3971 qna·
1058 3896 1127 3951 ad
1157 3897 1270 3951 haec

257 3976 569 4030 illustranda
614 3974 985 4030 adduxerimus
1001 4014 1019 4041 ‚
1059 3974 1270 4048 perlus-

257 4059 529 4108 traverint.
552 4055 688 4107 Huic
710 4055 834 4107 loco
857 4053 1174 4107 medicinam
1195 4055 1272 4106 fa·

259 4153 382 4187 cere
405 4132 712 4186 facillimum
736 4147 844 4198 est,
868 4150 978 4185 non
1003 4130 1185 4184 itidem
1217 4143 1271 4184 et

260 4214 475 4264 caeteris.
502 4212 786 4266 laevissima
810 4211 948 4263 enim
973 4209 1267 4262 mutatione

261 4287 372 4340 haec
389 4292 461 4343 ita
478 4288 828 4362 concipienda
837 4324 857 4357 ‚
870 4289 958 4343 Sic
967 4299 1268 4364 spectatores

1353 3012 1495 3066 oculi
1531 3014 1692 3065 tertioe
1728 3011 1945 3064 redeant
1973 3009 2219 3063 orbitatis.
2265 3009 2367 3079 Qui

1352 3090 1759 3153 calamitatibus,
1787 3103 1888 3142 etc.
1913 3089 2132 3143 Soanta.
2157 3090 2214 3142 Si
2236 3088 2365 3139 omi-

1355 3172 1425 3222 sit
1443 3167 1573 3220 Obr.

1426 3264 1474 3298 a.
1500 3246 1656 3300 Solus
1672 3258 1828 3319 pater
1851 3247 2026 3301 oculos
2047 3246 2360 3319 perdidisset.

1355 3325 1511 3378 Nunc
1527 3327 1703 3377 minus
1724 3328 1914 3379 mirum
1934 3326 2062 3378 mihi
2082 3344 2191 3377 non
2210 3324 2362 3379 flesso

1353 3418 1604 3472 matrem,
1625 3423 1742 3476 que
1765 3406 1941 3477 potuit
1962 3418 2017 3456 at
2039 3404 2202 3456 filium
2225 3404 2361 3457 occi-

1355 3482 1480 3537 dere
1492 3523 1509 3551 ‚
1533 3498 1586 3539 et
1608 3505 1692 3538 me
1711 3486 1891 3538 facere
1911 3497 2259 3557 spectatorem
2278 3504 2362 3537 or·

1350 3565 1530 3620 bitatis
1557 3568 1737 3620 tertiae.
1767 3567 1988 3619 Senum.

1420 3645 1474 3698 3.
1514 3645 1621 3715 Qui
1653 3645 1860 3718 aliquid
1896 3662 2073 3696 amore
2096 3643 2358 3715 fecerunt.

1348 3724 1585 3794 Respicit
1609 3722 1715 3775 hoc
1741 3723 1809 3774 ad
1836 3721 2012 3789 istud,
2038 3721 2183 3794 quod
2212 3738 2361 3773 ama·-

1349 3816 1526 3854 torum
1548 3806 1603 3855 in
1628 3806 2052 3868 excusationem,
2081 3820 2244 3873 quum
2276 3802 2361 3851 in-

1349 3880 1742 3934 considerantia
1766 3894 1858 3934 aut
1882 3895 1933 3934 et
1952 3880 2185 3933 violenta
2205 3891 2360 3932 teme-

1349 3962 1506 4014 ritate
1534 3975 1916 4034 peccaverunt,
1945 3978 2186 4014 sermone
2220 3979 2359 4031 quo·

1349 4041 1551 4095 tidiano
1575 4046 1759 4096 tritum
1786 4056 1898 4109 est,
1925 4055 1978 4095 et
1999 4042 2228 4112 magistri
2251 4040 2358 4093 hoc

1350 4125 1545 4177 amoris
1575 4127 1807 4178 carmine
1831 4142 2163 4196 expressum,
2192 4146 2215 4170 ι
2234 4125 2358 4176 Non

1352 4228 1375 4253 ιι
1393 4204 1498 4257 hoc
1520 4208 1713 4277 injuria
1735 4207 1968 4272 factum,
1989 4206 2186 4258 Verum
2211 4222 2359 4257 amor

1352 4309 1376 4333 Ι
1394 4299 1490 4341 esst.
1513 4309 1535 4335 u
1564 4286 1783 4341 Sem?-
