3200 5117
882 526 1716 632 DecmMATmNEs.
1765 567 1901 631 111.
2318 567 2443 654 527

1103 777 1287 823 PARS
1345 777 1687 822 ALTERA.

449 920 658 994 Miles
691 939 890 1007 tuuc,
919 915 1491 1018 imperator‚jam
1526 912 1797 1015 aliquid
1835 912 2171 1014 impudici
2198 916 2440 1010 habet,

344 1035 546 1136 qnod
567 1035 654 1108 ad
677 1032 1192 1134 impudicitiam
1213 1032 1457 1131 placet.
1478 1034 1594 1103 Tu
1615 1030 1930 1131 gladium
1953 1031 2447 1115 commilitonis

343 1152 454 1224 tui
482 1176 728 1223 cruore
755 1146 1056 1237 tinxisti,
1082 1172 1296 1244 quem
1325 1145 1481 1218 satis
1513 1145 1651 1217 fuit
1681 1143 1960 1217 minari.

1519 1419 1908 1442 mm
1916 1416 2450 1440 mmmm

338 1428 449 1450 m

1323 1623 1471 1698 1V.

888 1853 1250 1926 Parricida
1285 1878 1627 1925 carcerem
1654 1865 1906 1950 petens.

353 2060 699 2120 Danum-us
749 2074 1088 2118 mnmcmu
1139 2073 1304 2114 mtto
1350 2073 1791 2115 cosm-omnum
1844 2052 1968 2130 Qui
2020 2050 2133 2111 sub
2184 2071 2447 2113 noverca

437 2156 765 2216 damnatus
793 2168 915 2229 est,
941 2152 1076 2212 vult
1111 2151 1290 2212 illum
1326 2166 1502 2233 pater
1537 2151 1713 2211 domi
1750 2150 2099 2211 custodire:
2129 2149 2233 2210 ille
2259 2151 2449 2233 petit,

434 2266 506 2313 ut
534 2252 787 2336 publico
810 2272 1046 2312 carcere
1069 2264 1360 2311 servetur.

1051 2440 1205 2486 PRO
1262 2438 1743 2485 PARRICIDA.

450 2585 491 2653 J
498 2583 700 2656 ubete
730 2582 1262 2682 quamprimum
1288 2581 1376 2653 ad
1407 2580 1554 2653 illas
1581 2606 1697 2652 me
1722 2579 2101 2679 impiorum
2131 2578 2448 2652 tenebras

351 2698 565 2769 trahi:
599 2698 801 2770 liceat
833 2696 1239 2796 impetrare,
1274 2696 1465 2795 quod
1503 2722 1646 2766 non
1694 2692 1858 2766 licet
1893 2720 2206 2766 recusare
2228 2705 2243 2736 ¹
2273 2720 2286 2763 :
2321 2719 2447 2790 ego

353 2802 470 2886 me
505 2840 823 2912 unquam
858 2810 1210 2884 crederem
1243 2833 1387 2883 tam
1421 2810 1813 2901 infelicem,
1859 2831 1934 2881 ut
1976 2808 2153 2881 mihi
2194 2806 2448 2906 aliquis

355 2926 564 2997 etiam
605 2952 950 2999 carcerem
994 2925 1338 2998 invideat?
1381 2928 1646 2998 Parum
1690 2946 1787 2997 est
1826 2924 1948 2996 tibi
1993 2924 2065 2995 in
2108 2921 2447 2995 cruciatus

360 3064 549 3111 meos
591 3065 821 3110 annus
867 3059 937 3110 et
977 3065 1230 3128 carcer,
1271 3059 1339 3111 et
1374 3040 1668 3129 vereris,
1712 3064 1802 3110 ne
1846 3066 2059 3137 quem
2102 3037 2445 3137 gemitum

356 3154 591 3227 miseri
636 3182 835 3227 aures
878 3175 1011 3227 tuae
1053 3154 1386 3254 perdant?
1428 3182 1517 3227 ne
1559 3182 1705 3226 non
1754 3155 2046 3253 singulis
2091 3154 2447 3227 tormentis

359 3270 533 3344 meis
581 3271 851 3371 paterni
892 3271 1072 3344 oculi
1110 3271 1470 3343 fruantur?
1518 3298 1606 3344 ne
1648 3271 1870 3344 laxata
1916 3271 2192 3343 vincula
2241 3271 2443 3362 desit,

357 3387 478 3484 qui
522 3385 944 3485 adstringat?
994 3389 1150 3458 Non
1199 3406 1393 3485 potes
1433 3387 1751 3461 adversus
1799 3389 2209 3461 damnatum
2239 3401 2265 3433 ²
2286 3388 2445 3491 jure

435 3575 479 3610 ι.
513 3559 690 3611 Liceat
729 3557 1041 3628 impetrare,
1077 3558 1221 3628 quod
1253 3576 1360 3610 non
1440 3577 1551 3624 cra,
1579 3571 1638 3610 ut
1659 3559 1986 3630 frequentius
2010 3558 2329 3630 loquuntur:
2350 3558 2450 3612 sed

357 3637 479 3690 lieet
505 3657 743 3691 measure.
771 3635 1008 3689 Delenda
1037 3640 1247 3709 negatio
1264 3675 1281 3704 ‚
1315 3640 1359 3689 si
1442 3653 1491 3692 et
1520 3640 1657 3692 bene
1690 3658 1906 3692 sacrum.
1944 3640 2141 3692 Seneca
2170 3644 2224 3692 in
2248 3638 2442 3691 Troad.

357 3721 532 3771 sensui
561 3719 842 3771 consulere
869 3717 1103 3771 velimus.
1139 3720 1356 3770 Senem.
1446 3745 1468 3768 ι
1490 3724 1554 3773 Et
1579 3721 1849 3791 quondam
1878 3740 2081 3774 sacrum
2105 3714 2251 3792 regn'i
2269 3724 2449 3791 jacen-

354 3828 428 3838 —
449 3799 643 3851 Miseri.
669 3801 800 3867 Alii,
830 3800 1045 3853 miserim
1067 3812 1250 3854 πωπω
1269 3821 1362 3852 au·
1447 3822 1469 3845 ι
1492 3801 1574 3850 tis.
1595 3823 1619 3846 ι·
1643 3801 1807 3852 Giton.
1832 3801 1940 3870 Ego
1962 3799 2294 3853 retinendum
2314 3812 2445 3872 puto

357 3898 446 3934 res.
475 3882 618 3932 Prm.
1442 3878 1603 3931 larem
1608 3917 1626 3943 ‚
1639 3893 1697 3931 ut
1710 3879 1916 3950 plenius
1928 3881 2199 3933 ostendam
2213 3879 2281 3931 ad
2291 3878 2443 3932 Ovid.

431 3981 478 4014 2.
495 3963 750 4016 Adversus
762 3964 1086 4015 damnatum.
1101 3963 1358 4015 Demeter.
1440 3963 1623 4013 Amor.
1642 3964 1693 4028 1,
1712 3962 1771 4028 8,
1798 3977 1810 4009 ι
1831 3961 1919 4013 13:
1944 3984 1966 4008 ι
1986 3963 2052 4014 Di
2068 3961 2163 4012 tibi
2185 3959 2311 4013 dent
2329 3960 2448 4012 nul·-

357 4043 428 4096 ιὰ
447 4046 627 4097 Rosia.
650 4044 743 4096 lib.
763 4044 839 4109 X,
858 4062 977 4115 cap.
1002 4043 1049 4095 3.
1077 4046 1361 4095 Αιιιει.-
1446 4061 1468 4086 ι
1487 4038 1677 4111 losqne
1710 4042 1869 4093 Lares
1900 4044 2220 4112 inopemque
2262 4059 2447 4093 nenec-

355 4123 475 4174 Jcmt
499 4144 604 4177 nou
624 4122 786 4176 larem
809 4123 994 4186 habeo,
1015 4141 1120 4176 non
1139 4139 1357 4173 servum.
1447 4142 1469 4166 ι
1489 4134 1613 4173 tam.
1638 4145 1660 4168 ιι
1683 4122 1868 4173 Larem
1888 4139 2012 4173 vero
2033 4120 2118 4172 hic
2138 4123 2337 4174 carceri
2354 4141 2448 4193 op-

357 4201 476 4254 Dixi
492 4205 546 4254 in
559 4202 1056 4267 observationibus,
1080 4200 1362 4272 legendum
1440 4201 1609 4271 ponit.
1636 4202 1715 4252 De
1734 4199 1933 4252 voculis
1940 4202 2061 4273 jam
2087 4219 2191 4253 non
2203 4239 2222 4267 ,
2238 4201 2356 4254 vide
2375 4199 2445 4253 nd

359 4281 546 4351 videri,
569 4305 678 4338 non
697 4303 901 4339 sacrum
912 4323 932 4352 ,
958 4283 1068 4338 nive
1097 4282 1259 4336 mavis
1280 4300 1365 4337 sa·
1442 4282 1610 4340 lustin.
1634 4281 1727 4335 lib.
1748 4285 1845 4351 vl,
1868 4301 2088 4355 prooem.
2113 4283 2279 4336 Bona.
