<?xml version="1.0" encoding="UTF-8"?>
<!DOCTYPE html PUBLIC "-//W3C//DTD XHTML 1.0 Transitional//EN"
    "http://www.w3.org/TR/xhtml1/DTD/xhtml1-transitional.dtd">
<html xmlns="http://www.w3.org/1999/xhtml" xml:lang="en" lang="en">
 <head>
  <title>
</title>
<meta http-equiv="Content-Type" content="text/html;charset=utf-8" />
  <meta name='ocr-system' content='tesseract 3.04.00' />
  <meta name='ocr-capabilities' content='ocr_page ocr_carea ocr_par ocr_line ocrx_word'/>
</head>
<body>
  <div class='ocr_page' id='page_1' title='image "./deinstitutioneo00flacgoog_0452.png"; bbox 0 0 3200 5117; ppageno 0'>
   <div class='ocr_carea' id='block_1_1' title="bbox 191 0 748 12">
    <p class='ocr_par' dir='ltr' id='par_1_1' title="bbox 191 0 748 12">
     <span class='ocr_line' id='line_1_1' title="bbox 191 0 748 12; baseline 0.004 -2"><span class='ocrx_word' id='word_1_1' title='bbox 191 0 356 12; x_wconf 56' lang='lat' dir='ltr'>v-*</span> <span class='ocrx_word' id='word_1_2' title='bbox 435 0 748 12; x_wconf 56' lang='grc' dir='ltr'>ἠὴ-</span> 
     </span>
    </p>
   </div>
   <div class='ocr_carea' id='block_1_2' title="bbox 793 542 2377 638">
    <p class='ocr_par' dir='ltr' id='par_1_2' title="bbox 793 542 2377 638">
     <span class='ocr_line' id='line_1_2' title="bbox 793 542 2377 638; baseline -0.001 -20"><span class='ocrx_word' id='word_1_3' title='bbox 793 557 928 638; x_wconf 70' lang='lat'>444</span> <span class='ocrx_word' id='word_1_4' title='bbox 1299 554 1392 618; x_wconf 81' lang='lat' dir='ltr'>M.</span> <span class='ocrx_word' id='word_1_5' title='bbox 1441 553 1694 618; x_wconf 72' lang='lat' dir='ltr'>mnu</span> <span class='ocrx_word' id='word_1_6' title='bbox 1738 542 2377 636; x_wconf 70' lang='lat' dir='ltr'><strong>QUINTILIANI</strong></span> 
     </span>
    </p>
   </div>
   <div class='ocr_carea' id='block_1_3' title="bbox 792 672 3003 3643">
    <p class='ocr_par' dir='ltr' id='par_1_3' title="bbox 792 672 3003 3643">
     <span class='ocr_line' id='line_1_3' title="bbox 792 672 2898 756; baseline 0 -15"><span class='ocrx_word' id='word_1_7' title='bbox 792 674 1238 755; x_wconf 77' lang='lat' dir='ltr'><strong>damnaretur,</strong></span> <span class='ocrx_word' id='word_1_8' title='bbox 1264 674 1468 742; x_wconf 83' lang='lat' dir='ltr'>fuisse</span> <span class='ocrx_word' id='word_1_9' title='bbox 1497 676 1714 740; x_wconf 80' lang='lat' dir='ltr'>civem</span> <span class='ocrx_word' id='word_1_10' title='bbox 1741 672 2132 741; x_wconf 85' lang='lat' dir='ltr'>seditiosum</span> <span class='ocrx_word' id='word_1_11' title='bbox 2149 725 2167 756; x_wconf 92' lang='lat'>,</span> <span class='ocrx_word' id='word_1_12' title='bbox 2197 674 2507 740; x_wconf 86' lang='lat' dir='ltr'>omnibus</span> <span class='ocrx_word' id='word_1_13' title='bbox 2533 675 2898 742; x_wconf 76' lang='lat' dir='ltr'>sceleribus</span> 
     </span>
     <span class='ocr_line' id='line_1_4' title="bbox 792 779 2898 873; baseline 0 -25"><span class='ocrx_word' id='word_1_14' title='bbox 792 784 1169 850; x_wconf 83' lang='lat' dir='ltr'>confessum</span> <span class='ocrx_word' id='word_1_15' title='bbox 1192 797 1210 827; x_wconf 88' lang='lat'><em>¹</em></span> <span class='ocrx_word' id='word_1_16' title='bbox 1241 806 1256 845; x_wconf 72' lang='grc' dir='ltr'>ε</span> <span class='ocrx_word' id='word_1_17' title='bbox 1289 781 1409 848; x_wconf 87' lang='lat' dir='ltr'>sed</span> <span class='ocrx_word' id='word_1_18' title='bbox 1444 783 1512 846; x_wconf 88' lang='lat' dir='ltr'>in</span> <span class='ocrx_word' id='word_1_19' title='bbox 1547 782 1675 847; x_wconf 89' lang='lat' dir='ltr'>illis</span> <span class='ocrx_word' id='word_1_20' title='bbox 1699 804 1970 873; x_wconf 90' lang='lat' dir='ltr'>quoque</span> <span class='ocrx_word' id='word_1_21' title='bbox 1999 779 2116 847; x_wconf 90' lang='lat' dir='ltr'>diu</span> <span class='ocrx_word' id='word_1_22' title='bbox 2145 805 2279 847; x_wconf 87' lang='lat' dir='ltr'>non</span> <span class='ocrx_word' id='word_1_23' title='bbox 2305 780 2548 850; x_wconf 83' lang='lat' dir='ltr'>fiducia</span> <span class='ocrx_word' id='word_1_24' title='bbox 2575 784 2898 850; x_wconf 88' lang='lat' dir='ltr'>innocen·</span> 
     </span>
     <span class='ocr_line' id='line_1_5' title="bbox 793 886 2898 980; baseline -0.001 -25"><span class='ocrx_word' id='word_1_25' title='bbox 793 890 931 969; x_wconf 68' lang='lat' dir='ltr'>tiae,</span> <span class='ocrx_word' id='word_1_26' title='bbox 957 912 1191 955; x_wconf 81' lang='lat' dir='ltr'>verum</span> <span class='ocrx_word' id='word_1_27' title='bbox 1213 886 1485 954; x_wconf 86' lang='lat' dir='ltr'>audacia</span> <span class='ocrx_word' id='word_1_28' title='bbox 1510 890 1737 955; x_wconf 87' lang='lat' dir='ltr'>nescio</span> <span class='ocrx_word' id='word_1_29' title='bbox 1761 910 1892 978; x_wconf 89' lang='lat' dir='ltr'>qua</span> <span class='ocrx_word' id='word_1_30' title='bbox 1913 889 2137 955; x_wconf 87' lang='lat' dir='ltr'>omnia</span> <span class='ocrx_word' id='word_1_31' title='bbox 2160 887 2455 978; x_wconf 79' lang='lat' dir='ltr'>fingendi</span> <span class='ocrx_word' id='word_1_32' title='bbox 2479 905 2686 980; x_wconf 87' lang='lat' dir='ltr'>atque</span> <span class='ocrx_word' id='word_1_33' title='bbox 2706 889 2898 955; x_wconf 86' lang='lat' dir='ltr'>dissi-</span> 
     </span>
     <span class='ocr_line' id='line_1_6' title="bbox 794 992 2901 1084; baseline 0 -23"><span class='ocrx_word' id='word_1_34' title='bbox 794 993 1127 1075; x_wconf 88' lang='lat' dir='ltr'>mulandi,</span> <span class='ocrx_word' id='word_1_35' title='bbox 1171 995 1473 1075; x_wconf 81' lang='lat' dir='ltr'>latuisse3</span> <span class='ocrx_word' id='word_1_36' title='bbox 1516 1010 1582 1059; x_wconf 94' lang='lat' dir='ltr'>et</span> <span class='ocrx_word' id='word_1_37' title='bbox 1620 992 2185 1084; x_wconf 82' lang='lat' dir='ltr'>quemadmodum</span> <span class='ocrx_word' id='word_1_38' title='bbox 2223 996 2466 1061; x_wconf 87' lang='lat' dir='ltr'>multos</span> <span class='ocrx_word' id='word_1_39' title='bbox 2507 997 2754 1061; x_wconf 82' lang='lat' dir='ltr'>similes</span> <span class='ocrx_word' id='word_1_40' title='bbox 2794 998 2901 1061; x_wconf 90' lang='lat' dir='ltr'>sui</span> 
     </span>
     <span class='ocr_line' id='line_1_7' title="bbox 795 1096 2902 1187; baseline 0 -22"><span class='ocrx_word' id='word_1_41' title='bbox 795 1100 1043 1165; x_wconf 87' lang='lat' dir='ltr'>amicos</span> <span class='ocrx_word' id='word_1_42' title='bbox 1066 1097 1403 1176; x_wconf 88' lang='lat' dir='ltr'>habuerit,</span> <span class='ocrx_word' id='word_1_43' title='bbox 1433 1098 1527 1163; x_wconf 87' lang='lat' dir='ltr'>sic</span> <span class='ocrx_word' id='word_1_44' title='bbox 1551 1120 1689 1162; x_wconf 91' lang='lat' dir='ltr'>non</span> <span class='ocrx_word' id='word_1_45' title='bbox 1712 1099 2057 1187; x_wconf 81' lang='lat' dir='ltr'>pauciores</span> <span class='ocrx_word' id='word_1_46' title='bbox 2082 1096 2391 1165; x_wconf 81' lang='lat' dir='ltr'>habuisse</span> <span class='ocrx_word' id='word_1_47' title='bbox 2418 1099 2756 1167; x_wconf 85' lang='lat' dir='ltr'>inimicos:</span> <span class='ocrx_word' id='word_1_48' title='bbox 2790 1101 2902 1165; x_wconf 75' lang='lat' dir='ltr'>vix</span> 
     </span>
     <span class='ocr_line' id='line_1_8' title="bbox 798 1203 2898 1296; baseline 0 -25"><span class='ocrx_word' id='word_1_49' title='bbox 798 1204 1072 1296; x_wconf 80' lang='lat' dir='ltr'>quidem</span> <span class='ocrx_word' id='word_1_50' title='bbox 1114 1204 1334 1284; x_wconf 87' lang='lat' dir='ltr'>illum,</span> <span class='ocrx_word' id='word_1_51' title='bbox 1377 1203 1681 1294; x_wconf 83' lang='lat' dir='ltr'>quamvis</span> <span class='ocrx_word' id='word_1_52' title='bbox 1722 1204 1792 1269; x_wconf 90' lang='lat' dir='ltr'>in</span> <span class='ocrx_word' id='word_1_53' title='bbox 1832 1205 2196 1271; x_wconf 82' lang='lat' dir='ltr'>manifestis</span> <span class='ocrx_word' id='word_1_54' title='bbox 2233 1204 2626 1286; x_wconf 80' lang='lat' dir='ltr'>sceleribus,</span> <span class='ocrx_word' id='word_1_55' title='bbox 2669 1209 2898 1272; x_wconf 88' lang='lat' dir='ltr'>nescio</span> 
     </span>
     <span class='ocr_line' id='line_1_9' title="bbox 799 1307 2900 1402; baseline -0.001 -24"><span class='ocrx_word' id='word_1_56' title='bbox 799 1334 930 1402; x_wconf 90' lang='lat' dir='ltr'>qua</span> <span class='ocrx_word' id='word_1_57' title='bbox 976 1309 1249 1378; x_wconf 89' lang='lat' dir='ltr'>audacia</span> <span class='ocrx_word' id='word_1_58' title='bbox 1294 1327 1778 1400; x_wconf 79' lang='lat' dir='ltr'>repugnantem</span> <span class='ocrx_word' id='word_1_59' title='bbox 1824 1307 2122 1375; x_wconf 88' lang='lat' dir='ltr'>damnari</span> <span class='ocrx_word' id='word_1_60' title='bbox 2167 1312 2482 1399; x_wconf 87' lang='lat' dir='ltr'>potuisse.</span> <span class='ocrx_word' id='word_1_61' title='bbox 2531 1312 2900 1402; x_wconf 86' lang='lat' dir='ltr'>Expulsum</span> 
     </span>
     <span class='ocr_line' id='line_1_10' title="bbox 798 1414 2900 1508; baseline -0.001 -24"><span class='ocrx_word' id='word_1_62' title='bbox 798 1435 1057 1499; x_wconf 86' lang='lat' dir='ltr'>autem,</span> <span class='ocrx_word' id='word_1_63' title='bbox 1097 1414 1283 1508; x_wconf 86' lang='lat' dir='ltr'>quod</span> <span class='ocrx_word' id='word_1_64' title='bbox 1318 1416 1461 1482; x_wconf 83' lang='lat' dir='ltr'>fere</span> <span class='ocrx_word' id='word_1_65' title='bbox 1500 1417 1830 1483; x_wconf 86' lang='lat' dir='ltr'>sceleratis</span> <span class='ocrx_word' id='word_1_66' title='bbox 1867 1416 2245 1506; x_wconf 86' lang='lat' dir='ltr'>pectoribus</span> <span class='ocrx_word' id='word_1_67' title='bbox 2284 1419 2572 1499; x_wconf 84' lang='lat' dir='ltr'>eveniat,</span> <span class='ocrx_word' id='word_1_68' title='bbox 2612 1421 2900 1508; x_wconf 77' lang='lat' dir='ltr'>graviter</span> 
     </span>
     <span class='ocr_line' id='line_1_11' title="bbox 799 1522 2899 1615; baseline 0 -26"><span class='ocrx_word' id='word_1_69' title='bbox 799 1527 1028 1591; x_wconf 87' lang='lat' dir='ltr'>tulisse</span> <span class='ocrx_word' id='word_1_70' title='bbox 1052 1546 1356 1614; x_wconf 83' lang='lat' dir='ltr'>poenam:</span> <span class='ocrx_word' id='word_1_71' title='bbox 1390 1546 1467 1588; x_wconf 89' lang='lat' dir='ltr'>ac</span> <span class='ocrx_word' id='word_1_72' title='bbox 1498 1524 1836 1613; x_wconf 85' lang='lat' dir='ltr'>praecipue</span> <span class='ocrx_word' id='word_1_73' title='bbox 1863 1522 2245 1598; x_wconf 81' lang='lat' dir='ltr'>auctoribus</span> <span class='ocrx_word' id='word_1_74' title='bbox 2276 1524 2418 1615; x_wconf 86' lang='lat' dir='ltr'>ejus</span> <span class='ocrx_word' id='word_1_75' title='bbox 2452 1525 2656 1591; x_wconf 87' lang='lat' dir='ltr'>fuisse</span> <span class='ocrx_word' id='word_1_76' title='bbox 2683 1526 2899 1590; x_wconf 85' lang='lat' dir='ltr'>infes-</span> 
     </span>
     <span class='ocr_line' id='line_1_12' title="bbox 804 1630 2900 1722; baseline 0 -26"><span class='ocrx_word' id='word_1_77' title='bbox 804 1648 945 1697; x_wconf 90' lang='lat' dir='ltr'>tum</span> <span class='ocrx_word' id='word_1_78' title='bbox 962 1681 980 1712; x_wconf 86' lang='lat'>,</span> <span class='ocrx_word' id='word_1_79' title='bbox 1006 1631 1249 1722; x_wconf 88' lang='lat' dir='ltr'>quibus</span> <span class='ocrx_word' id='word_1_80' title='bbox 1277 1646 1353 1696; x_wconf 92' lang='lat' dir='ltr'>ut</span> <span class='ocrx_word' id='word_1_81' title='bbox 1385 1630 1636 1696; x_wconf 88' lang='lat' dir='ltr'>referre</span> <span class='ocrx_word' id='word_1_82' title='bbox 1664 1631 1938 1720; x_wconf 73' lang='lat' dir='ltr'>gratiam</span> <span class='ocrx_word' id='word_1_83' title='bbox 1972 1646 2231 1719; x_wconf 86' lang='lat' dir='ltr'>posset,</span> <span class='ocrx_word' id='word_1_84' title='bbox 2256 1631 2572 1720; x_wconf 83' lang='lat' dir='ltr'>quaesisse</span> <span class='ocrx_word' id='word_1_85' title='bbox 2610 1632 2900 1697; x_wconf 87' lang='lat' dir='ltr'>occasio-</span> 
     </span>
     <span class='ocr_line' id='line_1_13' title="bbox 800 1733 2896 1827; baseline 0 -26"><span class='ocrx_word' id='word_1_86' title='bbox 800 1760 958 1802; x_wconf 90' lang='lat' dir='ltr'>nem</span> <span class='ocrx_word' id='word_1_87' title='bbox 976 1736 1259 1803; x_wconf 85' lang='lat' dir='ltr'>reditus:</span> <span class='ocrx_word' id='word_1_88' title='bbox 1282 1733 1465 1827; x_wconf 89' lang='lat' dir='ltr'>quod</span> <span class='ocrx_word' id='word_1_89' title='bbox 1495 1752 1569 1802; x_wconf 90' lang='lat' dir='ltr'>ut</span> <span class='ocrx_word' id='word_1_90' title='bbox 1590 1754 1817 1827; x_wconf 90' lang='lat' dir='ltr'>posset</span> <span class='ocrx_word' id='word_1_91' title='bbox 1842 1738 2260 1825; x_wconf 81' lang='lat' dir='ltr'>contingere,</span> <span class='ocrx_word' id='word_1_92' title='bbox 2281 1735 2466 1825; x_wconf 89' lang='lat' dir='ltr'>prius</span> <span class='ocrx_word' id='word_1_93' title='bbox 2487 1753 2896 1802; x_wconf 72' lang='lat' dir='ltr'>’conterrere</span> 
     </span>
     <span class='ocr_line' id='line_1_14' title="bbox 803 1843 2898 1934; baseline -0.001 -23"><span class='ocrx_word' id='word_1_94' title='bbox 803 1845 1092 1912; x_wconf 80' lang='lat' dir='ltr'>voluisse</span> <span class='ocrx_word' id='word_1_95' title='bbox 1132 1843 1411 1934; x_wconf 88' lang='lat' dir='ltr'>patriam</span> <span class='ocrx_word' id='word_1_96' title='bbox 1432 1893 1450 1926; x_wconf 88' lang='lat'>,</span> <span class='ocrx_word' id='word_1_97' title='bbox 1493 1860 1569 1909; x_wconf 93' lang='lat' dir='ltr'>ut</span> <span class='ocrx_word' id='word_1_98' title='bbox 1613 1844 1681 1909; x_wconf 92' lang='lat' dir='ltr'>in</span> <span class='ocrx_word' id='word_1_99' title='bbox 1727 1844 2064 1910; x_wconf 88' lang='lat' dir='ltr'>communi</span> <span class='ocrx_word' id='word_1_100' title='bbox 2112 1845 2445 1910; x_wconf 83' lang='lat' dir='ltr'>servitutis</span> <span class='ocrx_word' id='word_1_101' title='bbox 2491 1859 2676 1909; x_wconf 89' lang='lat' dir='ltr'>metu</span> <span class='ocrx_word' id='word_1_102' title='bbox 2696 1893 2715 1924; x_wconf 89' lang='lat'>‚</span> <span class='ocrx_word' id='word_1_103' title='bbox 2763 1867 2898 1910; x_wconf 87' lang='lat' dir='ltr'>non</span> 
     </span>
     <span class='ocr_line' id='line_1_15' title="bbox 805 1947 2900 2041; baseline -0 -24"><span class='ocrx_word' id='word_1_104' title='bbox 805 1951 969 2017; x_wconf 83' lang='lat' dir='ltr'>tanti</span> <span class='ocrx_word' id='word_1_105' title='bbox 1006 1950 1203 2016; x_wconf 89' lang='lat' dir='ltr'>unius</span> <span class='ocrx_word' id='word_1_106' title='bbox 1241 1951 1481 2016; x_wconf 83' lang='lat' dir='ltr'>exsulis</span> <span class='ocrx_word' id='word_1_107' title='bbox 1518 1947 1847 2030; x_wconf 87' lang='lat' dir='ltr'>reditum,</span> <span class='ocrx_word' id='word_1_108' title='bbox 1876 1950 2107 2041; x_wconf 88' lang='lat' dir='ltr'>quanti</span> <span class='ocrx_word' id='word_1_109' title='bbox 2147 1950 2568 2017; x_wconf 86' lang='lat' dir='ltr'>securitatem</span> <span class='ocrx_word' id='word_1_110' title='bbox 2604 1952 2900 2016; x_wconf 89' lang='lat' dir='ltr'>omnium</span> 
     </span>
     <span class='ocr_line' id='line_1_16' title="bbox 796 2049 2896 2152; baseline -0 -28"><span class='ocrx_word' id='word_1_111' title='bbox 796 2057 1149 2152; x_wconf 75' lang='lat' dir='ltr'>judioeret.</span> <span class='ocrx_word' id='word_1_112' title='bbox 1180 2058 1498 2124; x_wconf 87' lang='lat' dir='ltr'>Dictitare</span> <span class='ocrx_word' id='word_1_113' title='bbox 1533 2049 1734 2148; x_wconf 78' lang='lat' dir='ltr'>igitur</span> <span class='ocrx_word' id='word_1_114' title='bbox 1764 2059 2076 2147; x_wconf 90' lang='lat' dir='ltr'>coepisse,</span> <span class='ocrx_word' id='word_1_115' title='bbox 2113 2059 2414 2149; x_wconf 82' lang='lat' dir='ltr'>apparari</span> <span class='ocrx_word' id='word_1_116' title='bbox 2447 2057 2896 2150; x_wconf 79' lang='lat' dir='ltr'>tyrannidem,</span> 
     </span>
     <span class='ocr_line' id='line_1_17' title="bbox 808 2164 2898 2256; baseline -0 -26"><span class='ocrx_word' id='word_1_117' title='bbox 808 2167 1048 2232; x_wconf 87' lang='lat' dir='ltr'>instare</span> <span class='ocrx_word' id='word_1_118' title='bbox 1070 2165 1299 2253; x_wconf 76' lang='lat' dir='ltr'>patriae</span> <span class='ocrx_word' id='word_1_119' title='bbox 1322 2188 1589 2254; x_wconf 77' lang='lat' dir='ltr'>gravem</span> <span class='ocrx_word' id='word_1_120' title='bbox 1616 2165 2032 2245; x_wconf 83' lang='lat' dir='ltr'>servitutem,</span> <span class='ocrx_word' id='word_1_121' title='bbox 2058 2164 2366 2256; x_wconf 88' lang='lat' dir='ltr'>quaedam</span> <span class='ocrx_word' id='word_1_122' title='bbox 2389 2188 2460 2232; x_wconf 86' lang='lat' dir='ltr'>se</span> <span class='ocrx_word' id='word_1_123' title='bbox 2479 2167 2898 2255; x_wconf 85' lang='lat' dir='ltr'>comperisse.</span> 
     </span>
     <span class='ocr_line' id='line_1_18' title="bbox 810 2271 2898 2364; baseline -0.001 -25"><span class='ocrx_word' id='word_1_124' title='bbox 810 2275 944 2339; x_wconf 88' lang='lat' dir='ltr'>Has</span> <span class='ocrx_word' id='word_1_125' title='bbox 967 2274 1109 2364; x_wconf 86' lang='lat' dir='ltr'>ejus</span> <span class='ocrx_word' id='word_1_126' title='bbox 1128 2295 1326 2340; x_wconf 78' lang='lat' dir='ltr'>voces</span> <span class='ocrx_word' id='word_1_127' title='bbox 1354 2272 1739 2362; x_wconf 82' lang='lat' dir='ltr'>frequentes</span> <span class='ocrx_word' id='word_1_128' title='bbox 1752 2321 1770 2354; x_wconf 86' lang='lat'>,</span> <span class='ocrx_word' id='word_1_129' title='bbox 1797 2295 2008 2364; x_wconf 81' lang='lat' dir='ltr'>quum</span> <span class='ocrx_word' id='word_1_130' title='bbox 2029 2273 2202 2340; x_wconf 86' lang='lat' dir='ltr'>forte</span> <span class='ocrx_word' id='word_1_131' title='bbox 2223 2271 2458 2339; x_wconf 90' lang='lat' dir='ltr'>eadem</span> <span class='ocrx_word' id='word_1_132' title='bbox 2479 2275 2608 2339; x_wconf 89' lang='lat' dir='ltr'>iter</span> <span class='ocrx_word' id='word_1_133' title='bbox 2628 2274 2898 2357; x_wconf 85' lang='lat' dir='ltr'>faceret,</span> 
     </span>
     <span class='ocr_line' id='line_1_19' title="bbox 808 2381 2900 2473; baseline -0.001 -25"><span class='ocrx_word' id='word_1_134' title='bbox 808 2382 894 2449; x_wconf 88' lang='lat' dir='ltr'>ad</span> <span class='ocrx_word' id='word_1_135' title='bbox 923 2381 1200 2448; x_wconf 88' lang='lat' dir='ltr'>divitem</span> <span class='ocrx_word' id='word_1_136' title='bbox 1228 2382 1548 2473; x_wconf 86' lang='lat' dir='ltr'>perlatas:</span> <span class='ocrx_word' id='word_1_137' title='bbox 1583 2398 1650 2448; x_wconf 92' lang='lat' dir='ltr'>et</span> <span class='ocrx_word' id='word_1_138' title='bbox 1676 2383 1978 2471; x_wconf 88' lang='lat' dir='ltr'>protinus</span> <span class='ocrx_word' id='word_1_139' title='bbox 2002 2398 2263 2448; x_wconf 89' lang='lat' dir='ltr'>motum</span> <span class='ocrx_word' id='word_1_140' title='bbox 2289 2381 2403 2448; x_wconf 84' lang='lat' dir='ltr'>tali</span> <span class='ocrx_word' id='word_1_141' title='bbox 2431 2405 2732 2462; x_wconf 87' lang='lat' dir='ltr'>rumore,</span> <span class='ocrx_word' id='word_1_142' title='bbox 2761 2403 2900 2446; x_wconf 90' lang='lat' dir='ltr'>cer-</span> 
     </span>
     <span class='ocr_line' id='line_1_20' title="bbox 811 2486 2904 2580; baseline -0.001 -26"><span class='ocrx_word' id='word_1_143' title='bbox 811 2489 941 2554; x_wconf 89' lang='lat' dir='ltr'>tius</span> <span class='ocrx_word' id='word_1_144' title='bbox 963 2488 1216 2580; x_wconf 90' lang='lat' dir='ltr'>aliquid</span> <span class='ocrx_word' id='word_1_145' title='bbox 1243 2512 1323 2554; x_wconf 86' lang='lat' dir='ltr'>ex</span> <span class='ocrx_word' id='word_1_146' title='bbox 1347 2489 1492 2579; x_wconf 86' lang='lat' dir='ltr'>ipso</span> <span class='ocrx_word' id='word_1_147' title='bbox 1517 2488 1806 2555; x_wconf 80' lang='lat' dir='ltr'>voluisse</span> <span class='ocrx_word' id='word_1_148' title='bbox 1834 2488 2032 2569; x_wconf 86' lang='lat' dir='ltr'>seire,</span> <span class='ocrx_word' id='word_1_149' title='bbox 2058 2486 2378 2579; x_wconf 88' lang='lat' dir='ltr'>quidnam</span> <span class='ocrx_word' id='word_1_150' title='bbox 2405 2487 2584 2553; x_wconf 84' lang='lat' dir='ltr'>exsul</span> <span class='ocrx_word' id='word_1_151' title='bbox 2606 2487 2904 2577; x_wconf 82' lang='lat' dir='ltr'>loquere-</span> 
     </span>
     <span class='ocr_line' id='line_1_21' title="bbox 810 2593 2904 2685; baseline -0.002 -24"><span class='ocrx_word' id='word_1_152' title='bbox 810 2613 953 2678; x_wconf 79' lang='lat' dir='ltr'>tur3</span> <span class='ocrx_word' id='word_1_153' title='bbox 976 2619 1060 2661; x_wconf 88' lang='lat' dir='ltr'>an</span> <span class='ocrx_word' id='word_1_154' title='bbox 1083 2617 1264 2661; x_wconf 85' lang='lat' dir='ltr'>arma</span> <span class='ocrx_word' id='word_1_155' title='bbox 1285 2595 1507 2685; x_wconf 88' lang='lat' dir='ltr'>aliqua</span> <span class='ocrx_word' id='word_1_156' title='bbox 1533 2595 1712 2685; x_wconf 90' lang='lat' dir='ltr'>apud</span> <span class='ocrx_word' id='word_1_157' title='bbox 1740 2618 1896 2661; x_wconf 89' lang='lat' dir='ltr'>eum</span> <span class='ocrx_word' id='word_1_158' title='bbox 1911 2645 1929 2676; x_wconf 92' lang='lat'>,</span> <span class='ocrx_word' id='word_1_159' title='bbox 1959 2619 2045 2661; x_wconf 87' lang='lat' dir='ltr'>an</span> <span class='ocrx_word' id='word_1_160' title='bbox 2073 2596 2345 2685; x_wconf 79' lang='lat' dir='ltr'>vestigia</span> <span class='ocrx_word' id='word_1_161' title='bbox 2369 2597 2594 2661; x_wconf 89' lang='lat' dir='ltr'>saltem</span> <span class='ocrx_word' id='word_1_162' title='bbox 2618 2593 2904 2684; x_wconf 76' lang='lat' dir='ltr'>tyranni·</span> 
     </span>
     <span class='ocr_line' id='line_1_22' title="bbox 811 2699 2899 2793; baseline -0.002 -27"><span class='ocrx_word' id='word_1_163' title='bbox 811 2701 913 2768; x_wconf 89' lang='lat' dir='ltr'>dis</span> <span class='ocrx_word' id='word_1_164' title='bbox 934 2703 1210 2791; x_wconf 86' lang='lat' dir='ltr'>reperiri</span> <span class='ocrx_word' id='word_1_165' title='bbox 1229 2717 1524 2789; x_wconf 89' lang='lat' dir='ltr'>possent.</span> <span class='ocrx_word' id='word_1_166' title='bbox 1544 2701 1682 2768; x_wconf 89' lang='lat' dir='ltr'>Sibi</span> <span class='ocrx_word' id='word_1_167' title='bbox 1703 2723 1975 2793; x_wconf 89' lang='lat' dir='ltr'>quoque</span> <span class='ocrx_word' id='word_1_168' title='bbox 1995 2701 2294 2767; x_wconf 86' lang='lat' dir='ltr'>exsulem</span> <span class='ocrx_word' id='word_1_169' title='bbox 2314 2700 2571 2793; x_wconf 83' lang='lat' dir='ltr'>dixisse,</span> <span class='ocrx_word' id='word_1_170' title='bbox 2593 2699 2899 2785; x_wconf 84' lang='lat' dir='ltr'>apparari</span> 
     </span>
     <span class='ocr_line' id='line_1_23' title="bbox 811 2801 2905 2901; baseline -0.003 -27"><span class='ocrx_word' id='word_1_171' title='bbox 811 2807 1228 2901; x_wconf 78' lang='lat' dir='ltr'>tyrannidem</span> <span class='ocrx_word' id='word_1_172' title='bbox 1249 2859 1266 2889; x_wconf 98' lang='lat'>,</span> <span class='ocrx_word' id='word_1_173' title='bbox 1312 2805 1430 2874; x_wconf 89' lang='lat' dir='ltr'>sed</span> <span class='ocrx_word' id='word_1_174' title='bbox 1469 2807 1633 2872; x_wconf 85' lang='lat' dir='ltr'>nihil</span> <span class='ocrx_word' id='word_1_175' title='bbox 1674 2826 2114 2899; x_wconf 85' lang='lat' dir='ltr'>praeterquam</span> <span class='ocrx_word' id='word_1_176' title='bbox 2147 2809 2368 2874; x_wconf 90' lang='lat' dir='ltr'>inania</span> <span class='ocrx_word' id='word_1_177' title='bbox 2404 2806 2593 2874; x_wconf 76' lang='lat' dir='ltr'>verba</span> <span class='ocrx_word' id='word_1_178' title='bbox 2618 2828 2686 2871; x_wconf 86' lang='lat' dir='ltr'>se</span> <span class='ocrx_word' id='word_1_179' title='bbox 2713 2801 2905 2893; x_wconf 84' lang='lat' dir='ltr'>apud</span> 
     </span>
     <span class='ocr_line' id='line_1_24' title="bbox 815 2908 2909 3004; baseline -0.003 -24"><span class='ocrx_word' id='word_1_180' title='bbox 815 2938 969 2980; x_wconf 91' lang='lat' dir='ltr'>eum</span> <span class='ocrx_word' id='word_1_181' title='bbox 1004 2914 1441 3004; x_wconf 85' lang='lat' dir='ltr'>comperisse,</span> <span class='ocrx_word' id='word_1_182' title='bbox 1478 2913 1670 2979; x_wconf 89' lang='lat' dir='ltr'>illum</span> <span class='ocrx_word' id='word_1_183' title='bbox 1704 2930 1931 2979; x_wconf 86' lang='lat' dir='ltr'>autem</span> <span class='ocrx_word' id='word_1_184' title='bbox 1966 2914 2097 2980; x_wconf 91' lang='lat' dir='ltr'>hoc</span> <span class='ocrx_word' id='word_1_185' title='bbox 2134 2916 2280 3003; x_wconf 89' lang='lat' dir='ltr'>ipso</span> <span class='ocrx_word' id='word_1_186' title='bbox 2312 2936 2689 2994; x_wconf 87' lang='lat' dir='ltr'>accensum,</span> <span class='ocrx_word' id='word_1_187' title='bbox 2717 2908 2909 3000; x_wconf 90' lang='lat' dir='ltr'>quod</span> 
     </span>
     <span class='ocr_line' id='line_1_25' title="bbox 813 3015 2910 3114; baseline -0.002 -27"><span class='ocrx_word' id='word_1_188' title='bbox 813 3022 1055 3089; x_wconf 86' lang='lat' dir='ltr'>fabulis</span> <span class='ocrx_word' id='word_1_189' title='bbox 1079 3022 1213 3087; x_wconf 90' lang='lat' dir='ltr'>suis</span> <span class='ocrx_word' id='word_1_190' title='bbox 1228 3021 1559 3114; x_wconf 77' lang='lat' dir='ltr'>judicaret</span> <span class='ocrx_word' id='word_1_191' title='bbox 1584 3023 1782 3087; x_wconf 83' lang='lat' dir='ltr'>etiam</span> <span class='ocrx_word' id='word_1_192' title='bbox 1803 3047 1842 3087; x_wconf 87' lang='lat' dir='ltr'>a</span> <span class='ocrx_word' id='word_1_193' title='bbox 1867 3015 2071 3088; x_wconf 78' lang='lat' dir='ltr'>divite</span> <span class='ocrx_word' id='word_1_194' title='bbox 2095 3022 2327 3089; x_wconf 86' lang='lat' dir='ltr'>haberi</span> <span class='ocrx_word' id='word_1_195' title='bbox 2351 3021 2583 3100; x_wconf 89' lang='lat' dir='ltr'>fidem,</span> <span class='ocrx_word' id='word_1_196' title='bbox 2613 3044 2746 3086; x_wconf 91' lang='lat' dir='ltr'>non</span> <span class='ocrx_word' id='word_1_197' title='bbox 2779 3016 2910 3083; x_wconf 87' lang='lat' dir='ltr'>dis-</span> 
     </span>
     <span class='ocr_line' id='line_1_26' title="bbox 818 3123 2911 3217; baseline -0.003 -24"><span class='ocrx_word' id='word_1_198' title='bbox 818 3128 1078 3208; x_wconf 86' lang='lat' dir='ltr'>tulisse,</span> <span class='ocrx_word' id='word_1_199' title='bbox 1123 3127 1306 3217; x_wconf 89' lang='lat' dir='ltr'>quod</span> <span class='ocrx_word' id='word_1_200' title='bbox 1349 3127 1467 3193; x_wconf 85' lang='lat' dir='ltr'>diu</span> <span class='ocrx_word' id='word_1_201' title='bbox 1503 3128 1888 3216; x_wconf 81' lang='lat' dir='ltr'>cogitasset3</span> <span class='ocrx_word' id='word_1_202' title='bbox 1931 3128 2186 3194; x_wconf 84' lang='lat' dir='ltr'>misisse</span> <span class='ocrx_word' id='word_1_203' title='bbox 2220 3127 2307 3192; x_wconf 88' lang='lat' dir='ltr'>ad</span> <span class='ocrx_word' id='word_1_204' title='bbox 2347 3143 2648 3193; x_wconf 88' lang='lat' dir='ltr'>senatum</span> <span class='ocrx_word' id='word_1_205' title='bbox 2687 3123 2911 3190; x_wconf 88' lang='lat' dir='ltr'>indicii</span> 
     </span>
     <span class='ocr_line' id='line_1_27' title="bbox 819 3230 3003 3323; baseline -0.002 -25"><span class='ocrx_word' id='word_1_206' title='bbox 819 3236 1167 3323; x_wconf 89' lang='lat' dir='ltr'>epistolam</span> <span class='ocrx_word' id='word_1_207' title='bbox 1181 3231 1230 3298; x_wconf 85' lang='grc'>3.</span> <span class='ocrx_word' id='word_1_208' title='bbox 1262 3233 1364 3298; x_wconf 82' lang='lat' dir='ltr'>Ad</span> <span class='ocrx_word' id='word_1_209' title='bbox 1390 3233 1698 3298; x_wconf 90' lang='lat' dir='ltr'>nuntium</span> <span class='ocrx_word' id='word_1_210' title='bbox 1729 3249 1860 3298; x_wconf 85' lang='lat' dir='ltr'>tam</span> <span class='ocrx_word' id='word_1_211' title='bbox 1893 3233 2133 3299; x_wconf 86' lang='lat' dir='ltr'>atrocis</span> <span class='ocrx_word' id='word_1_212' title='bbox 2166 3233 2264 3297; x_wconf 90' lang='lat' dir='ltr'>rei</span> <span class='ocrx_word' id='word_1_213' title='bbox 2290 3233 2574 3297; x_wconf 86' lang='lat' dir='ltr'>attonito</span> <span class='ocrx_word' id='word_1_214' title='bbox 2605 3230 2911 3296; x_wconf 81' lang='lat' dir='ltr'>universo</span> <span class='ocrx_word' id='word_1_215' title='bbox 2994 3278 3003 3285; x_wconf 90' lang='lat'>.</span> 
     </span>
     <span class='ocr_line' id='line_1_28' title="bbox 821 3339 2912 3431; baseline -0.002 -25"><span class='ocrx_word' id='word_1_216' title='bbox 821 3359 1051 3406; x_wconf 86' lang='lat' dir='ltr'>senatu</span> <span class='ocrx_word' id='word_1_217' title='bbox 1068 3391 1086 3422; x_wconf 92' lang='lat'>,</span> <span class='ocrx_word' id='word_1_218' title='bbox 1113 3339 1389 3407; x_wconf 85' lang='lat' dir='ltr'>divitem</span> <span class='ocrx_word' id='word_1_219' title='bbox 1414 3339 1773 3420; x_wconf 89' lang='lat' dir='ltr'>indicasse,</span> <span class='ocrx_word' id='word_1_220' title='bbox 1802 3340 1963 3430; x_wconf 92' lang='lat' dir='ltr'>quid</span> <span class='ocrx_word' id='word_1_221' title='bbox 1998 3342 2139 3429; x_wconf 88' lang='lat' dir='ltr'>ipse</span> <span class='ocrx_word' id='word_1_222' title='bbox 2171 3342 2634 3431; x_wconf 79' lang='lat' dir='ltr'>comperisset3</span> <span class='ocrx_word' id='word_1_223' title='bbox 2667 3360 2912 3429; x_wconf 81' lang='lat' dir='ltr'>quem—</span> 
     </span>
     <span class='ocr_line' id='line_1_29' title="bbox 821 3443 2913 3537; baseline -0.001 -27"><span class='ocrx_word' id='word_1_224' title='bbox 821 3443 1185 3511; x_wconf 88' lang='lat' dir='ltr'>admodum</span> <span class='ocrx_word' id='word_1_225' title='bbox 1227 3446 1351 3513; x_wconf 87' lang='lat' dir='ltr'>sibi</span> <span class='ocrx_word' id='word_1_226' title='bbox 1394 3470 1667 3537; x_wconf 87' lang='lat' dir='ltr'>quoque</span> <span class='ocrx_word' id='word_1_227' title='bbox 1710 3446 1943 3512; x_wconf 86' lang='lat' dir='ltr'>eadem</span> <span class='ocrx_word' id='word_1_228' title='bbox 1985 3445 2473 3528; x_wconf 74' lang='lat' dir='ltr'>denuntiasset:</span> <span class='ocrx_word' id='word_1_229' title='bbox 2516 3444 2913 3512; x_wconf 80' lang='lat' dir='ltr'>intellexisse</span> 
     </span>
     <span class='ocr_line' id='line_1_30' title="bbox 822 3551 2916 3643; baseline -0 -27"><span class='ocrx_word' id='word_1_230' title='bbox 822 3574 1060 3616; x_wconf 82' lang='lat' dir='ltr'>vanam</span> <span class='ocrx_word' id='word_1_231' title='bbox 1085 3552 1286 3635; x_wconf 91' lang='lat' dir='ltr'>illius,</span> <span class='ocrx_word' id='word_1_232' title='bbox 1317 3555 1461 3620; x_wconf 89' lang='lat' dir='ltr'>sine</span> <span class='ocrx_word' id='word_1_233' title='bbox 1485 3551 1636 3620; x_wconf 91' lang='lat' dir='ltr'>ullis</span> <span class='ocrx_word' id='word_1_234' title='bbox 1664 3555 2096 3643; x_wconf 79' lang='lat' dir='ltr'>argumentis,</span> <span class='ocrx_word' id='word_1_235' title='bbox 2126 3577 2392 3621; x_wconf 81' lang='lat' dir='ltr'>vocem:</span> <span class='ocrx_word' id='word_1_236' title='bbox 2424 3554 2649 3642; x_wconf 86' lang='lat' dir='ltr'>itaque</span> <span class='ocrx_word' id='word_1_237' title='bbox 2676 3551 2916 3617; x_wconf 83' lang='lat' dir='ltr'>dixisse</span> 
     </span>
    </p>
   </div>
   <div class='ocr_carea' id='block_1_4' title="bbox 817 3782 2923 4016">
    <p class='ocr_par' dir='ltr' id='par_1_4' title="bbox 817 3782 2923 4016">
     <span class='ocr_line' id='line_1_31' title="bbox 902 3782 2918 3858; baseline -0.001 -23"><span class='ocrx_word' id='word_1_238' title='bbox 902 3800 948 3835; x_wconf 80' lang='grc' dir='ltr'>ι.</span> <span class='ocrx_word' id='word_1_239' title='bbox 971 3782 1256 3838; x_wconf 79' lang='lat' dir='ltr'>Sceleribus</span> <span class='ocrx_word' id='word_1_240' title='bbox 1276 3784 1586 3857; x_wconf 78' lang='lat' dir='ltr'>confessum.</span> <span class='ocrx_word' id='word_1_241' title='bbox 1617 3784 1832 3857; x_wconf 75' lang='lat' dir='ltr'>Confos-</span> <span class='ocrx_word' id='word_1_242' title='bbox 1911 3799 2004 3840; x_wconf 87' lang='lat' dir='ltr'>aut</span> <span class='ocrx_word' id='word_1_243' title='bbox 2031 3788 2191 3839; x_wconf 72' lang='lat' dir='ltr'>etiam</span> <span class='ocrx_word' id='word_1_244' title='bbox 2216 3785 2474 3858; x_wconf 78' lang='lat' dir='ltr'>consessus</span> <span class='ocrx_word' id='word_1_245' title='bbox 2500 3784 2712 3836; x_wconf 82' lang='lat' dir='ltr'>dicatur</span> <span class='ocrx_word' id='word_1_246' title='bbox 2743 3795 2878 3835; x_wconf 82' lang='lat' dir='ltr'>recte</span> <span class='ocrx_word' id='word_1_247' title='bbox 2899 3817 2918 3847; x_wconf 87' lang='lat'><strong>‚</strong></span> 
     </span>
     <span class='ocr_line' id='line_1_32' title="bbox 823 3861 2923 3936; baseline -0.001 -20"><span class='ocrx_word' id='word_1_248' title='bbox 823 3882 937 3916; x_wconf 75' lang='lat' dir='ltr'>sum</span> <span class='ocrx_word' id='word_1_249' title='bbox 960 3863 1085 3915; x_wconf 83' lang='lat' dir='ltr'>edit.</span> <span class='ocrx_word' id='word_1_250' title='bbox 1112 3862 1256 3929; x_wconf 77' lang='lat' dir='ltr'>nliae,</span> <span class='ocrx_word' id='word_1_251' title='bbox 1279 3876 1340 3915; x_wconf 85' lang='lat' dir='ltr'>ut</span> <span class='ocrx_word' id='word_1_252' title='bbox 1366 3864 1683 3936; x_wconf 76' lang='lat' dir='ltr'>proey&#39;udieiis</span> <span class='ocrx_word' id='word_1_253' title='bbox 1708 3881 1832 3916; x_wconf 76' lang='lat' dir='ltr'>con·</span> <span class='ocrx_word' id='word_1_254' title='bbox 1910 3867 2115 3920; x_wconf 86' lang='lat' dir='ltr'>dubito.</span> <span class='ocrx_word' id='word_1_255' title='bbox 2142 3868 2313 3927; x_wconf 70' lang='grc' dir='ltr'>Βσιηι.</span> <span class='ocrx_word' id='word_1_256' title='bbox 2334 3895 2405 3905; x_wconf 91' lang='lat'>--</span> <span class='ocrx_word' id='word_1_257' title='bbox 2422 3864 2744 3917; x_wconf 75' lang='lat' dir='ltr'>Auctoribus.</span> <span class='ocrx_word' id='word_1_258' title='bbox 2768 3861 2923 3914; x_wconf 75' lang='lat' dir='ltr'><strong><em>Acto-</em></strong></span> 
     </span>
     <span class='ocr_line' id='line_1_33' title="bbox 817 3941 2920 4016; baseline 0 -24"><span class='ocrx_word' id='word_1_259' title='bbox 817 3941 1001 4012; x_wconf 60' lang='grc' dir='ltr'>[οπως.</span> <span class='ocrx_word' id='word_1_260' title='bbox 1018 3943 1322 4014; x_wconf 76' lang='lat' dir='ltr'>Conpertum</span> <span class='ocrx_word' id='word_1_261' title='bbox 1341 3942 1553 3995; x_wconf 81' lang='lat' dir='ltr'>Sallust.</span> <span class='ocrx_word' id='word_1_262' title='bbox 1570 3942 1725 3994; x_wconf 79' lang='lat' dir='ltr'>Catil.</span> <span class='ocrx_word' id='word_1_263' title='bbox 1745 3943 1830 3996; x_wconf 77' lang='lat'>23.</span> <span class='ocrx_word' id='word_1_264' title='bbox 1913 3949 2073 4014; x_wconf 75' lang='lat' dir='ltr'>ribus,</span> <span class='ocrx_word' id='word_1_265' title='bbox 2090 3947 2157 4000; x_wconf 86' lang='lat' dir='ltr'>al.</span> <span class='ocrx_word' id='word_1_266' title='bbox 2177 3946 2512 4000; x_wconf 77' lang='lat' dir='ltr'>Exactoribus</span> <span class='ocrx_word' id='word_1_267' title='bbox 2522 3985 2540 4012; x_wconf 89' lang='lat'>,</span> <span class='ocrx_word' id='word_1_268' title='bbox 2556 3964 2723 4016; x_wconf 80' lang='lat' dir='ltr'>marg.</span> <span class='ocrx_word' id='word_1_269' title='bbox 2741 3941 2920 3996; x_wconf 71' lang='lat' dir='ltr'>AErod,</span> 
     </span>
    </p>
   </div>
   <div class='ocr_carea' id='block_1_5' title="bbox 826 4018 2926 4255">
    <p class='ocr_par' dir='ltr' id='par_1_5' title="bbox 826 4018 2926 4255">
     <span class='ocr_line' id='line_1_34' title="bbox 826 4018 2920 4096; baseline -0 -24"><span class='ocrx_word' id='word_1_270' title='bbox 826 4020 1045 4073; x_wconf 67' lang='lat' dir='ltr'>Senum.</span> <span class='ocrx_word' id='word_1_271' title='bbox 1066 4024 1201 4073; x_wconf 83' lang='lat' dir='ltr'>Puto</span> <span class='ocrx_word' id='word_1_272' title='bbox 1219 4021 1480 4093; x_wconf 81' lang='lat' dir='ltr'>respicere</span> <span class='ocrx_word' id='word_1_273' title='bbox 1498 4018 1634 4073; x_wconf 81' lang='lat' dir='ltr'>Clar.</span> <span class='ocrx_word' id='word_1_274' title='bbox 1653 4020 1834 4072; x_wconf 84' lang='lat' dir='ltr'>Virum</span> <span class='ocrx_word' id='word_1_275' title='bbox 1987 4045 2037 4081; x_wconf 74' lang='lat'>2,</span> <span class='ocrx_word' id='word_1_276' title='bbox 2083 4030 2366 4081; x_wconf 70' lang='lat' dir='ltr'>conterere.</span> <span class='ocrx_word' id='word_1_277' title='bbox 2408 4028 2548 4096; x_wconf 74' lang='lat' dir='ltr'>Lege</span> <span class='ocrx_word' id='word_1_278' title='bbox 2562 4062 2580 4089; x_wconf 86' lang='lat'>,</span> <span class='ocrx_word' id='word_1_279' title='bbox 2616 4034 2920 4075; x_wconf 77' lang='lat' dir='ltr'>conten-ere.</span> 
     </span>
     <span class='ocr_line' id='line_1_35' title="bbox 830 4098 2866 4174; baseline 0.002 -24"><span class='ocrx_word' id='word_1_280' title='bbox 830 4098 899 4151; x_wconf 83' lang='lat' dir='ltr'>ad</span> <span class='ocrx_word' id='word_1_281' title='bbox 943 4102 1053 4152; x_wconf 85' lang='lat' dir='ltr'>Liv.</span> <span class='ocrx_word' id='word_1_282' title='bbox 1081 4104 1147 4169; x_wconf 85' lang='lat' dir='ltr'>V,</span> <span class='ocrx_word' id='word_1_283' title='bbox 1182 4120 1200 4155; x_wconf 84' lang='lat'>1</span> <span class='ocrx_word' id='word_1_284' title='bbox 1217 4120 1235 4155; x_wconf 84' lang='lat'>1</span> <span class='ocrx_word' id='word_1_285' title='bbox 1261 4123 1274 4153; x_wconf 69' lang='grc' dir='ltr'><strong><em>ε</em></strong></span> <span class='ocrx_word' id='word_1_286' title='bbox 1315 4103 1441 4174; x_wconf 82' lang='lat' dir='ltr'>qui,</span> <span class='ocrx_word' id='word_1_287' title='bbox 1474 4125 1497 4148; x_wconf 72' lang='grc' dir='ltr'><strong>α</strong></span> <span class='ocrx_word' id='word_1_288' title='bbox 1516 4113 1597 4154; x_wconf 88' lang='lat' dir='ltr'>tot</span> <span class='ocrx_word' id='word_1_289' title='bbox 1622 4100 1836 4172; x_wconf 87' lang='lat' dir='ltr'>judiciis</span> <span class='ocrx_word' id='word_1_290' title='bbox 1915 4110 2060 4159; x_wconf 71' lang='lat' dir='ltr'>Ptru.</span> <span class='ocrx_word' id='word_1_291' title='bbox 2087 4107 2240 4158; x_wconf 72' lang='lat' dir='ltr'>Prius</span> <span class='ocrx_word' id='word_1_292' title='bbox 2257 4124 2376 4157; x_wconf 78' lang='lat' dir='ltr'>eum</span> <span class='ocrx_word' id='word_1_293' title='bbox 2402 4116 2610 4167; x_wconf 69' lang='lat' dir='ltr'>terrem,</span> <span class='ocrx_word' id='word_1_294' title='bbox 2637 4100 2819 4154; x_wconf 81' lang='lat' dir='ltr'>AErod.</span> <span class='ocrx_word' id='word_1_295' title='bbox 2859 4143 2866 4154; x_wconf 94' lang='lat'>.</span> 
     </span>
     <span class='ocr_line' id='line_1_36' title="bbox 834 4180 2926 4255; baseline -0.001 -24"><span class='ocrx_word' id='word_1_296' title='bbox 834 4202 857 4226; x_wconf 75' lang='lat' dir='ltr'>a</span> <span class='ocrx_word' id='word_1_297' title='bbox 878 4182 1157 4236; x_wconf 76' lang='lat' dir='ltr'>confossos</span> <span class='ocrx_word' id='word_1_298' title='bbox 1184 4182 1723 4255; x_wconf 62' lang='lat' dir='ltr'>praedamnatosque»</span> <span class='ocrx_word' id='word_1_299' title='bbox 1756 4182 1837 4235; x_wconf 89' lang='lat' dir='ltr'>di·</span> <span class='ocrx_word' id='word_1_300' title='bbox 1987 4185 2038 4237; x_wconf 89' lang='grc'>3.</span> <span class='ocrx_word' id='word_1_301' title='bbox 2086 4184 2280 4237; x_wconf 72' lang='lat' dir='ltr'><strong><em>Iudicii</em></strong></span> <span class='ocrx_word' id='word_1_302' title='bbox 2327 4180 2617 4254; x_wconf 76' lang='lat' dir='ltr'>epistolam.</span> <span class='ocrx_word' id='word_1_303' title='bbox 2667 4181 2926 4232; x_wconf 79' lang='lat' dir='ltr'>Francius</span> 
     </span>
    </p>
   </div>
   <div class='ocr_carea' id='block_1_6' title="bbox 830 4257 2712 4336">
    <p class='ocr_par' dir='ltr' id='par_1_6' title="bbox 830 4257 2712 4336">
     <span class='ocr_line' id='line_1_37' title="bbox 830 4257 2712 4336; baseline -0.003 -22"><span class='ocrx_word' id='word_1_304' title='bbox 830 4263 930 4314; x_wconf 77' lang='lat' dir='ltr'>cit:</span> <span class='ocrx_word' id='word_1_305' title='bbox 971 4262 1064 4315; x_wconf 85' lang='lat' dir='ltr'>sed</span> <span class='ocrx_word' id='word_1_306' title='bbox 1104 4281 1204 4332; x_wconf 84' lang='lat' dir='ltr'>an,</span> <span class='ocrx_word' id='word_1_307' title='bbox 1233 4264 1508 4318; x_wconf 76' lang='lat' dir='ltr'>sceleribus</span> <span class='ocrx_word' id='word_1_308' title='bbox 1538 4263 1837 4336; x_wconf 70' lang='lat' dir='ltr'>wnfosms,</span> <span class='ocrx_word' id='word_1_309' title='bbox 1915 4261 2155 4330; x_wconf 81' lang='lat' dir='ltr'>volebat,</span> <span class='ocrx_word' id='word_1_310' title='bbox 2179 4261 2402 4315; x_wconf 70' lang='lat' dir='ltr'>indicem</span> <span class='ocrx_word' id='word_1_311' title='bbox 2425 4257 2712 4333; x_wconf 79' lang='lat' dir='ltr'>epistolam.</span> 
     </span>
    </p>
   </div>
  </div>
 </body>
</html>
