3200 5117
700 532 1541 601 DECLAMATIONES.
1586 533 1979 600 CCCLIII.
2261 546 2390 633 449

299 681 488 739 cere,
532 661 685 748 quia
726 675 996 746 urgetur
1035 678 1157 745 per
1202 656 1786 744 interrogationem
1813 708 1831 738 ,
1880 681 2078 748 quam
2125 683 2388 728 causam

300 765 681 854 deponendi
716 765 1038 831 habuerit.
1075 762 1411 829 Inficiator
1447 762 1622 828 dicat
1658 781 1951 853 oportet,
1983 764 2388 857 dispensato.

303 895 442 937 rem
469 897 659 939 suum
687 872 886 936 finem
913 885 1396 937 tormentorum
1428 871 1780 960 quaesisse3
1803 870 1958 937 ideo
1979 875 2386 958 confessum,

303 996 374 1043 ut
398 977 857 1044 dimitteretur.

299 1252 1753 1278 mmmmmmm
1757 1255 2394 1282 mmmm

1107 1472 1592 1549 CCCLIV.

830 1688 1192 1788 Morietur,
1224 1719 1594 1801 antequam
1628 1700 1860 1776 nubat.

306 1912 578 1991 Quidam
615 1909 893 1972 nubilem
931 1907 1127 1969 filiam
1166 1907 1439 1986 habens,
1476 1932 1732 1972 uxorem
1771 1929 2000 1975 secreto
2038 1915 2402 1998 loquentem

387 2031 529 2070 cum
578 2009 961 2070 adolescente
1004 2009 1212 2067 vicino
1259 2008 1538 2069 formoso
1586 2009 2033 2093 deprehendit3
2081 2020 2402 2096 quaesivit,

386 2107 537 2189 quid
582 2107 843 2187 loquuta
884 2117 1070 2165 esset:
1123 2105 1436 2187 respondit
1472 2107 1727 2183 mulier,
1772 2109 1847 2169 de
1888 2111 2121 2192 nuptiis
2163 2111 2307 2174 filioe
2341 2135 2403 2175 se

386 2204 730 2285 loquutam.
766 2206 839 2263 Ei
876 2204 1131 2263 maritus
1165 2201 1362 2262 filiam
1398 2203 1765 2286 despondit:
1805 2221 2001 2268 mater
2033 2210 2152 2286 ait,
2186 2232 2407 2273 uome-

385 2322 509 2363 run
530 2314 545 2338 ¹
576 2320 907 2374 ΑΝτεροΑΜ
935 2320 1160 2361 nunu.
1188 2301 1344 2360 Ante
1369 2300 1536 2361 diem
1566 2304 1927 2384 nuptiarum
1956 2306 2165 2387 puella
2196 2308 2403 2373 subito

388 2400 578 2484 perit:
605 2398 831 2459 livores
857 2413 920 2459 et
946 2411 1218 2459 tumores
1244 2399 1312 2458 in
1335 2417 1596 2480 corpore
1617 2399 1891 2461 fuerunt.
1917 2402 2144 2463 Mulier
2167 2424 2269 2464 rea
2295 2420 2401 2466 est.

1167 2588 1532 2656 SERMO.

397 2751 590 2815 Dicet
620 2747 763 2814 haec
800 2747 1037 2812 mulier
1052 2766 1097 2827 ²,
1129 2747 1447 2838 juvenem
1490 2747 1678 2811 illum
1717 2771 2058 2838 nunquam
2102 2750 2224 2816 sibi
2267 2753 2402 2842 pla-

309 2855 559 2933 cuisse,
585 2870 650 2918 et
678 2845 1080 2941 repugn'asse
1110 2874 1215 2931 se,
1248 2874 1456 2940 quum
1483 2852 1825 2918 videretur
1848 2854 1936 2918 illi
1964 2855 2186 2944 puella
2210 2855 2408 2923 desti-

311 2958 490 3021 nari:
522 2956 707 3021 illum
741 2973 964 3020 autem
994 2956 1223 3044 utique
1245 2954 1580 3020 volentem
1612 2955 1785 3022 hanc
1808 2981 2082 3023 uxorem
2116 2958 2363 3026 habere
2383 3012 2401 3043 ,

309 3062 395 3129 ad
421 3064 930 3129 satisfactionem
949 3064 1236 3141 venisse,
1261 3078 1421 3128 tunc
1442 3085 1600 3127 vero
1621 3066 1839 3130 minus
1864 3064 2188 3153 placuisse
2213 3072 2406 3135 matri

311 3195 652 3262 generum.
685 3173 917 3262 Itaque
941 3195 1147 3261 quum
1182 3169 1577 3259 desponsam
1603 3169 1897 3238 audisset
1928 3173 2125 3237 filiam
2145 3223 2162 3253 ‚
2190 3179 2406 3265 quoti-

311 3279 504 3345 diana
541 3277 1025 3344 cousuetudine
1067 3276 1245 3365 vulgi
1283 3277 1512 3342 iratam
1551 3274 1826 3355 dixisse,
1867 3278 2194 3343 Morietur
2229 3283 2402 3346 cele-

310 3385 483 3466 rius,
509 3408 707 3473 quam
740 3383 968 3450 nubat.
1002 3386 1328 3449 Caeterum
1362 3380 1448 3447 de
1481 3383 1619 3446 fato
1648 3381 1919 3470 puellae,
1949 3406 2078 3447 una
2113 3407 2266 3450 cum
2298 3410 2401 3452 ac·

310 3510 612 3559 cusatore
641 3509 979 3583 queretur.
1003 3494 1281 3557 Causam
1306 3491 1421 3555 fati
1447 3489 1818 3556 crudelitati
1835 3487 1862 3533 3
1889 3489 2177 3578 fingitur.

392 3713 434 3748 ι.
478 3697 745 3749 Morietur.
780 3697 913 3749 Vide
949 3696 1098 3768 Calp.
1139 3696 1310 3747 Flacc.
1394 3692 1724 3767 affinqatur3
1769 3693 1888 3759 vel,
1934 3715 2140 3748 causam
2193 3696 2400 3749 nullam

312 3775 460 3829 Decl.
490 3773 730 3827 XXXIX.
1396 3785 1553 3826 tantoe
1582 3771 2073 3848 crudelitatifinqit.
2100 3777 2215 3837 An,
2248 3794 2405 3828 cau-a

386 3876 435 3911 2.
462 3856 607 3908 Dicet
630 3856 741 3908 hoec
762 3855 968 3907 mulier.
985 3855 1106 3907 vid.
1129 3855 1312 3908 Senec.
1383 3854 1500 3926 sati
1509 3852 1816 3906 cmdelitate
1817 3851 2033 3925 finitum
2050 3866 2142 3904 aut
2141 3851 2358 3925 finiatw
2375 3856 2404 3907 P

309 3937 401 3991 lib.
422 3938 524 4001 Vl,
549 3932 692 3988 Dect.
718 3936 769 3987 6.
798 3936 976 3988 AEnon.
1397 3948 1455 3985 ut
1489 3933 1613 3985 velit
1645 3935 1802 3985 finem
1837 3935 1953 3985 fore
1984 3933 2401 4003 Declamationi,

384 4015 433 4067 3.
464 4017 683 4068 Causam
702 4011 815 4084 fati
836 4012 1131 4065 crudelitati
1145 4008 1317 4085 ‚finqi-
1400 4011 1666 4082 querelam
1695 4011 1761 4064 de
1791 4012 2103 4064 crudelitate
2135 4014 2247 4065 fati.
2281 4016 2397 4068 Seu.

315 4106 414 4147 tur.
466 4095 647 4148 Malim
668 4133 684 4160 ‚
732 4091 1029 4145 crudelitati
1075 4088 1315 4166 affinqet.
1396 4091 1552 4141 Forte
1569 4127 1585 4154 ‚
1614 4108 1768 4142 causa
1779 4089 1894 4160 fati
1916 4092 2140 4144 cruditas
2145 4092 2400 4166 fingetur.

315 4175 461 4225 Prru.
490 4176 680 4238 Causa,
696 4171 838 4242 faeti
858 4170 1184 4236 crudelitate,
1200 4169 1319 4243 fin·
1397 4171 1475 4221 Ita
1500 4188 1638 4241 stt-pe
1661 4173 1883 4225 cruditas
1904 4185 1956 4224 et
1979 4172 2253 4227 crudelitas
2274 4192 2403 4226 con·

315 4253 471 4320 uitur,
497 4254 675 4307 AErod.
706 4256 861 4308 casm
879 4250 994 4324 fati
1024 4253 1320 4307 crudelitati
1398 4252 1516 4304 fusa
1536 4266 1678 4305 sunt.

526 4344 582 4398 6.
2095 4360 2161 4412 ²9
