3200 5117
702 530 1545 602 DECLAMATIONES.
1594 531 2059 600 CCLXXIII.

338 651 547 744 tuum
576 663 924 765 pervenit,
948 686 1163 762 penes
1192 681 1257 732 te
1288 682 1427 733 est:
1460 685 1749 761 sponsor
1772 687 1975 760 porro
1999 663 2073 735 in
2101 661 2238 736 hoc
2258 663 2435 737 acci-

343 773 556 883 pitur,
587 807 678 852 ne
706 778 1001 852 creditor
1020 780 1094 849 in
1115 776 1375 849 damno
1396 776 1505 849 sit.
1524 776 1653 848 Vis
1676 776 1848 849 scire
1867 834 1886 867 ,
1913 804 2127 874 quam
2152 803 2434 879 sponso-

342 923 489 974 rem
515 894 865 996 appellare
894 919 1035 967 non
1065 890 1321 991 possis?
1354 891 1741 965 debitorem
1771 891 2118 991 appellare
2146 920 2291 967 non
2319 921 2437 996 po

340 1035 477 1087 tes:
511 1032 579 1085 et
609 1009 945 1108 quoniam
967 1008 1450 1082 confitendum
1470 1029 1602 1098 est,
1631 1006 1958 1080 eamdem
1988 1034 2128 1082 esse
2153 1037 2430 1084 causam

340 1151 614 1219 meam,
657 1153 870 1227 quam
911 1124 1279 1215 debitoris,
1328 1150 1457 1196 nec
1497 1145 1574 1198 tu
1618 1121 1810 1198 aliud
1835 1122 2055 1196 videri
2095 1125 2231 1214 vis;
2277 1127 2434 1201 volo

341 1243 438 1315 sie
453 1267 686 1342 agere,
699 1262 1065 1339 tamquam
1080 1260 1268 1339 petas
1285 1264 1328 1311 a
1347 1237 1656 1316 debitore
1672 1295 1691 1328 ,
1711 1257 1977 1309 semota
1993 1237 2113 1310 illa
2135 1240 2401 1314 ratione
2414 1297 2434 1330 ,

343 1358 533 1458 quod
563 1357 915 1431 honestior
939 1381 1230 1456 persona
1248 1355 1599 1455 sponsoris
1620 1375 1754 1444 est3
1782 1352 2084 1427 detracto
2104 1380 2221 1445 eo,
2248 1356 2437 1454 quod

346 1474 612 1547 debitor
640 1472 911 1546 adulter
939 1493 1074 1563 est,
1109 1470 1300 1571 quod
1333 1468 1804 1570 deprehensus
1833 1490 1964 1558 est,
2001 1470 2191 1566 quod
2229 1472 2440 1570 puni-

341 1608 454 1661 tus
486 1609 609 1660 est.
644 1588 1027 1685 Fingamus
1060 1612 1220 1683 ergo
1253 1604 1487 1683 petere
1518 1602 1585 1654 te
1613 1610 1654 1654 a
1687 1582 1994 1655 debitore
2014 1637 2034 1671 ,
2072 1583 2273 1685 cujus
2311 1609 2437 1660 nos

342 1728 703 1803 sponsores
748 1727 992 1774 sumus
1033 1728 1048 1772 ε
1095 1698 1512 1799 respondere
1555 1725 1679 1798 pro
1725 1699 2035 1771 debitore
2075 1720 2195 1772 tuo
2231 1700 2431 1773 volo:

342 1817 655 1917 recepisti
683 1843 699 1886 ;
723 1815 964 1886 omnia
982 1838 1420 1912 quaecunque
1440 1812 1748 1910 possedi,
1781 1813 1870 1885 ud
1894 1833 1959 1884 te
1981 1814 2431 1887 transierunt:

339 1930 420 2003 in
455 1931 567 2003 his
593 1955 749 2027 quae
782 1927 1088 2028 possedi,
1123 1946 1267 2000 erat
1297 1926 1613 1999 debitum
1646 1946 1848 1999 tuum
1876 1955 1890 1999 :
1932 1946 2159 2001 totum
2186 1927 2434 2018 habes,

342 2046 570 2119 immo
596 2044 752 2143 plus
775 2043 1026 2115 habes:
1054 2042 1420 2115 adversum
1448 2042 1591 2114 haec
1616 2044 1787 2139 quid
1815 2043 2228 2143 respondes?
2253 2047 2437 2145 Lege

339 2159 526 2233 mihi
547 2157 736 2229 bona
761 2155 1087 2229 debitoris
1110 2155 1352 2230 tradita
1372 2178 1567 2247 sunt,
1593 2157 1929 2256 quoniam
1955 2182 2119 2229 eum
2148 2158 2220 2229 in
2243 2159 2437 2232 adul-

336 2271 519 2345 terio
540 2270 989 2369 deprehendi.
1010 2273 1169 2343 Non
1189 2270 1484 2342 facimus
1503 2271 1639 2370 legi
1660 2271 1857 2343 istam
1879 2273 2431 2345 controversiam:

341 2384 518 2486 quid
570 2404 808 2457 tamen
850 2384 1205 2458 continet?
1250 2405 1329 2458 ut
1376 2385 1465 2460 ad
1511 2405 1577 2457 te
1625 2386 1812 2457 bona
1857 2385 2184 2457 debitoris
2227 2387 2439 2485 perti-

342 2521 606 2574 neant:
655 2500 839 2572 bona
881 2526 1083 2598 porro
1122 2524 1276 2597 quae
1309 2498 1514 2572 sunt?
1551 2519 1629 2572 nt
1671 2500 1955 2598 opinor,
2003 2525 2083 2571 ea
2123 2527 2274 2599 quae
2317 2501 2439 2573 de·-

345 2615 572 2687 tractis
595 2613 839 2687 alienis
861 2613 1297 2714 deprehensa
1320 2634 1503 2687 sunt.
1535 2613 1754 2714 Finge
1783 2613 2003 2686 alium
2028 2613 2439 2692 creditorem

347 2728 556 2803 fuisse
586 2727 770 2828 ejus,
803 2754 1018 2827 quem
1055 2750 1132 2800 tu
1163 2727 1682 2828 deprehendisti
1711 2756 1726 2800 :
1763 2756 1942 2801 num
1974 2729 2274 2802 dubium
2303 2751 2436 2821 est,

348 2844 523 2942 quin
543 2901 562 2935 ,
597 2843 917 2941 quamvis
950 2841 1038 2914 ad
1065 2863 1131 2915 te
1165 2842 1355 2915 bona
1380 2844 1810 2942 pertinerent
1841 2844 2136 2918 adulteri
2157 2899 2178 2934 ,
2209 2871 2439 2945 recep·

347 2977 543 3032 turus
609 2978 844 3030 tamen
907 2983 1117 3030 suum
1181 2956 1475 3030 creditor
1531 2958 1786 3031 fuerit?
1847 2985 2197 3057 ponamus
2248 2957 2437 3031 enim

351 3096 541 3144 nunc
586 3071 969 3145 debitorem
1010 3073 1160 3145 sine
1196 3099 1521 3173 sponsore
1555 3100 1569 3144 :
1623 3074 2006 3164 rationem,
2045 3095 2124 3146 ut
2155 3074 2436 3174 opinor,

355 3183 730 3282 deponeres
751 3201 801 3277 ¹,
835 3186 1136 3259 detracto
1164 3214 1296 3260 aere
1324 3188 1554 3260 alieno
1590 3190 1830 3276 omni,
1860 3187 2174 3261 detractis
2202 3188 2437 3261 oneri-

353 3298 490 3372 bus
518 3300 901 3386 bonorum,
945 3303 1136 3403 quod
1177 3302 1535 3376 residuum
1574 3331 1656 3376 ex
1696 3303 2116 3403 patrimonio
2157 3305 2434 3396 fuisset,

350 3415 428 3488 id
466 3415 588 3488 tibi
621 3417 731 3494 lex
760 3420 1182 3496 concederet.
1213 3421 1452 3512 Quem
1481 3421 1693 3524 igitur
1723 3420 2073 3498 calculum
2105 3449 2267 3496 cum
2297 3425 2435 3496 alio

2309 556 2428 624 127

429 3630 473 3665 r.
496 3615 802 3682 Rationem,
825 3630 883 3670 ut
909 3618 1111 3690 opinor,
1135 3620 1356 3690 depone-

350 3710 442 3746 res.
483 3696 595 3748 Hoc
635 3695 763 3767 quid
802 3713 917 3751 esse
948 3698 1103 3751 vellet
1119 3737 1135 3765 ,
1173 3699 1359 3753 vellem

352 3771 686 3842 explicuisset
736 3775 972 3829 Pithoeus
995 3812 1013 3841 ,
1065 3779 1155 3847 qui
1213 3779 1355 3831 fecit.

351 3849 646 3906 Thaddaeus
660 3874 677 3904 .·
712 3855 980 3911 Ponamus
1001 3858 1138 3909 enim
1162 3857 1357 3912 debito-

349 3949 459 3985 rem
478 3933 587 3987 sine
601 3953 839 4007 sponsore
857 3940 1141 4003 rationem,
1167 3949 1229 3990 ut
1248 3940 1356 4009 opi-

351 4029 471 4075 nor,
493 4012 737 4067 detracto.
766 4015 921 4070 Unde
946 4014 1221 4068 AErodius:
1246 4017 1357 4068 1²0-

350 4109 537 4144 namus
553 4112 673 4145 cum
693 4093 947 4162 debitore,
965 4095 1075 4147 sine
1091 4112 1355 4165 sponsore,

350 4174 603 4225 rationem
623 4196 638 4224 .·
674 4187 734 4228 ut
758 4179 967 4247 opinor,
1000 4177 1227 4229 detracto
1260 4193 1358 4227 oeoe

350 4250 540 4305 alieno.
569 4253 695 4322 Quo
720 4255 852 4308 nibil
875 4269 1053 4328 potest
1074 4256 1189 4308 fieri
1210 4273 1358 4308 comp

1436 3619 1661 3674 modius.
1693 3622 1863 3674 Gton.
1897 3623 2163 3675 Ponamus
2191 3624 2350 3676 etiam
2381 3641 2435 3674 n.

1436 3700 1486 3752 d.
1506 3718 1544 3754 s.
1565 3717 1604 3752 s.
1627 3701 1877 3754 rationem
1891 3742 1908 3770 ,
1931 3716 1991 3756 ut
2007 3706 2212 3776 opinor,
2233 3703 2441 3755 deduce-

1437 3797 1538 3845 m,
1557 3778 1640 3831 vel
1659 3778 1949 3849 deputam,
1968 3783 2054 3835 vel
2069 3797 2301 3854 poneres.
2318 3780 2435 3832 Seu.

1434 3857 1716 3924 Francius,
1741 3877 2068 3931 componeres
2089 3856 2314 3910 volebat.
2342 3858 2440 3908 Po-

1437 3952 1622 3987 πωπω
1638 3954 1754 3987 cum
1770 3936 2021 4002 debitore,
2036 3949 2137 3987 etc.
2156 3935 2406 3985 rationem
2417 3974 2435 4002 ,

1411 4024 1522 4079 ἀε,
1545 4027 1650 4066 etc.
1677 4012 1857 4066 AErod.
1883 4031 1986 4066 non
2012 4012 2182 4065 nde:
2211 4029 2340 4064 nam
2360 4024 2438 4065 ent

1434 4097 1652 4167 propria
1677 4094 1908 4161 locutio,
1928 4107 1987 4146 ut
2007 4106 2058 4146 et
2087 4113 2239 4160 mox,
2263 4091 2439 4148 calcu-

1402 4171 1549 4224 'lum
1586 4190 1794 4243 ponere.
1830 4171 1962 4225 Vide
2004 4170 2069 4225 ed
2106 4174 2438 4231 Petronium..

1434 4270 1590 4324 capp.
1627 4268 1714 4306 ποι
1745 4266 1797 4314 et
1826 4253 1941 4307 115.
