3200 5117
822 536 946 615 504
1307 529 1401 594 M.
1449 531 1705 595 FABII
1745 528 2392 613 QUINTILIANI

820 653 1022 725 sceris
1039 709 1058 742 ,
1088 650 1420 723 morietur
1445 649 1731 747 alioqui.
1752 653 1961 721 Putas
1984 648 2186 721 illum
2209 646 2588 723 dilaturum
2616 651 2914 751 nuptias

819 787 969 840 tuas
998 756 1014 837 Ξ
1049 763 1430 855 denuncio,
1461 765 1715 838 iterum
1748 764 1989 863 rapiet.
2250 756 2257 763 ⁰

823 1003 2260 1030 mmmmm
2265 1006 2913 1028 ww

1479 1043 1490 1055 ο

1481 1170 1546 1246 C
1564 1171 1630 1247 C
1648 1172 1715 1248 C
1738 1172 1803 1247 L
1818 1172 1894 1246 X
1910 1173 1987 1247 X
2002 1173 2078 1247 X
2095 1173 2128 1247 1
2147 1172 2243 1245 V.

1346 1366 1420 1437 V
1412 1364 1572 1461 irqo'
1593 1361 1944 1434 immolata
1972 1338 2384 1461 pestilentiae.

825 1554 897 1613 ln
926 1551 1268 1634 pestilentia
1287 1562 1302 1592 ¹
1343 1569 1708 1630 responsum
1739 1560 1859 1622 est,
1884 1550 2189 1630 virginem
2221 1549 2694 1609 immolandam.
2732 1550 2907 1609 Sorte

904 1647 1156 1707 ductam
1197 1658 1371 1729 pater
1413 1645 1717 1727 virginem
1762 1646 2026 1726 negavit.
2076 1646 2465 1727 Magistratus
2512 1646 2860 1706 immolavit
2884 1670 2898 1703 ι

903 1762 1031 1801 non
1054 1739 1385 1801 finiebatur
1407 1739 1774 1823 pestilentia:
1801 1741 2026 1800 iterum
2049 1740 2240 1800 sortiti
2265 1754 2437 1800 sunt:
2468 1738 2659 1800 altera
2687 1743 2907 1800 immo·

904 1836 1029 1896 lata
1050 1850 1167 1897 est:
1195 1837 1401 1897 sedata
1422 1850 1517 1897 est
1540 1836 1900 1919 pestilentia.
1929 1837 2156 1899 Prioris
2178 1837 2337 1918 patri
2355 1837 2745 1916 magistratus
2766 1858 2904 1896 reus

851 1958 858 1971 ⁴
903 1935 1078 1996 caedis
1101 1947 1208 1996 est.

1572 2050 2148 2118 COLORATAE.

925 2199 1191 2270 Sortem
1229 2196 1386 2270 filiae
1417 2219 1551 2269 tuae
1578 2201 1768 2269 Deus
1796 2196 1973 2268 inter
1992 2196 2286 2295 virgines
2316 2221 2460 2268 esse
2485 2190 2746 2268 noluit:
2781 2195 2903 2267 sed

855 2335 1192 2412 'amquam
1220 2310 1466 2382 alienae
1483 2324 1510 2355 ²
1546 2312 1760 2383 turbae
1787 2310 2055 2383 exemit.

833 2534 2901 2572 mmmfflmmwmm

1513 2716 2216 2797 CCCLXXXV.

1021 2910 1318 2985 Lenoni3
1348 2937 1524 3001 reus,
1556 2917 1678 3009 qui
1709 2916 2041 3003 meretrici
2070 2916 2484 2984 amatorium
2515 2910 2706 2982 dedit.

830 3097 1045 3158 Danum
1076 3115 1326 3156 numm
1354 3106 1494 3157 nni
1517 3117 1609 3157 srr
1639 3116 1829 3157 acuo.
1861 3096 2217 3157 Adolescens
2240 3118 2433 3178 quum
2464 3106 2696 3156 amaret
2716 3094 2903 3153 ancil-

907 3196 1034 3257 lam
1061 3197 1437 3257 meretricem
1454 3241 1472 3273 ,
1496 3208 1555 3255 et
1581 3194 1776 3255 multa
1804 3195 1858 3255 ei
1885 3193 2200 3271 donasset,
2226 3195 2594 3267 amatorium
2616 3195 2670 3253 ei
2694 3191 2898 3253 dedit:

909 3295 1235 3356 videbatur
1270 3316 1474 3356 amare
1511 3293 1736 3357 ancilla
1770 3293 2251 3356 adolescentem:
2298 3295 2425 3375 agit
2458 3293 2602 3354 leno
2644 3312 2781 3353 cum
2823 3311 2901 3352 eo

911 3390 1123 3452 damni
1147 3391 1376 3474 injuria
1402 3391 1552 3452 dati.

1513 3550 2216 3615 DECLAMATIO.

813 3768 818 3773 ,
930 3686 997 3760 Si
1031 3687 1183 3785 quis
1215 3709 1587 3789 utramque
1616 3710 1884 3791 partem
1926 3691 2329 3793 inspexerit,
2372 3690 2705 3789 intelliget
2739 3717 2902 3791 pro·

839 3827 1184 3880 «muneribus
1215 3829 1477 3884 invideret
1499 3856 1521 3880 ιο
1563 3831 1657 3884 uhi
1690 3833 1823 3885 vide.
1979 3852 2027 3886 a.
2069 3833 2285 3887 Alienoe.
2327 3833 2494 3905 Lege,
2526 3833 2790 3899 alienam,
2822 3832 2903 3884 vel

832 3904 890 3957 In
915 3905 1114 3957 AErodii
1136 3905 1362 3960 editione
1385 3923 1521 3975 erat,
1548 3929 1688 3963 senes
1712 3930 1829 3961 mu·
1906 3914 2137 3984 explica,
2170 3913 2355 3966 alienoe
2380 3915 2536 3966 turboe
2553 3951 2571 3978 ,
2600 3912 2732 3964 nihil
2754 3910 2823 3964 ad
2844 3929 2902 3963 se

834 4001 958 4047 nus,
986 3985 1128 4055 quod
1153 4005 1261 4038 non
1284 3988 1535 4060 intelligo.
1565 3992 1729 4043 Ruunt.
1904 3993 2217 4062 pertinenti,
2243 4005 2304 4044 ut
2331 3995 2395 4045 sit
2418 3993 2754 4062 magistratus
2781 4007 2906 4042 ora-

807 4084 812 4091 ·
911 4080 953 4114 1.
969 4066 1036 4117 In
1052 4068 1365 4138 pestilentia.
1386 4070 1504 4120 vid.
1530 4071 1594 4123 ad
1619 4073 1823 4125 Petron.
1906 4074 1999 4124 tio.
2023 4075 2237 4126 Senum.

831 4157 946 4210 cap.
978 4157 1018 4192 t.
1042 4144 1220 4197 AErod.
1240 4146 1537 4217 distinguit,
1560 4150 1615 4202 V
1611 4150 1825 4221 iryinem
1976 4150 2027 4202 3.
2051 4151 2261 4201 Lenoni.
2287 4149 2403 4202 vid.
2426 4150 2645 4218 Quintil.
2667 4150 2763 4202 lib.
2779 4150 2873 4201 vn
2886 4187 2907 4215 ‚

830 4219 1203 4275 immolandam
1221 4239 1351 4279 sorte
1368 4229 1590 4282 ductam.
1617 4230 1787 4283 Pater.
1903 4246 2018 4301 cap.
2043 4246 2106 4298 9,
2131 4246 2178 4280 2.
2204 4229 2381 4280 AEnon.
