3200 5117
757 534 1592 606 DECLAMATIONES.
1640 537 2036 602 CCCXXV.
2307 540 2427 604 321

360 663 626 765 ponde:
660 692 800 762 quo
825 661 1112 736 merito?
1135 661 1353 732 nullo.
1377 660 1557 751 Quis
1579 660 1850 757 ignorat
1872 682 2438 735 testamentorum

362 779 764 854 fortunam?
797 799 862 850 et
893 797 1064 849 esset
1100 777 1382 848 fortasse
1415 775 1490 845 in
1523 795 1748 846 totum
1788 774 2106 874 iniquum
2125 834 2144 866 ,
2178 778 2440 876 requiri

362 922 405 965 a
431 894 637 966 nobis
664 893 921 966 mentis
949 892 1193 963 alienae
1231 890 1589 962 rationem.
1628 890 1807 961 Sunt
1843 889 2128 987 quidam
2167 891 2443 964 irratio-

365 1010 631 1082 nabiles
656 1011 955 1109 impetus
977 1009 1380 1081 animorum
1397 1065 1418 1098 ,
1444 1006 1766 1106 quaedam
1790 1009 2109 1106 gratuita,
2139 1032 2218 1082 ut
2238 1013 2442 1112 vulgo

365 1147 716 1214 vocantur,
761 1126 919 1197 odia
941 1140 984 1196 ¹.
1030 1124 1319 1215 Quoties
1363 1124 1755 1195 audivimus
1793 1124 2023 1196 filium
2062 1125 2407 1198 dicentem
2426 1171 2453 1217 ,-

367 1269 507 1340 quo
537 1268 694 1314 meo
724 1240 967 1314 merito
993 1260 1184 1339 pater
1206 1266 1321 1310 me
1351 1237 1821 1311 exheredavit?
1845 1238 2116 1310 nullam
2142 1266 2291 1311 rem
2314 1242 2453 1313 fre-

361 1356 690 1453 quentior
719 1356 1089 1428 admiratio
1119 1355 1449 1452 sequitur.
1483 1351 1621 1425 Sed
1649 1354 2003 1425 tolerabile
2032 1376 2212 1444 erat,
2246 1356 2304 1426 si
2338 1355 2455 1427 in—

370 1492 878 1570 terrogaremur
913 1470 1027 1542 hic
1069 1490 1341 1541 tantum
1385 1468 1471 1540 de
1509 1468 1892 1574 hereditate
1929 1495 1943 1538 :
1979 1468 2183 1540 altius
2216 1470 2456 1541 convi-

372 1587 559 1660 cium
588 1587 874 1684 quaestio
909 1586 1036 1658 ista
1071 1586 1322 1658 habet:
1368 1584 1581 1683 quid?
1620 1584 1675 1656 si
1709 1612 1852 1657 non
1893 1587 2287 1658 communis
2325 1588 2457 1659 ista

374 1701 666 1772 infamia
693 1700 975 1773 fuisset?
995 1700 1169 1798 quid
1197 1699 1398 1798 ergo?
1421 1726 1671 1797 negem
1696 1700 1903 1772 fuisse
1925 1727 2306 1791 rumorem,
2332 1702 2454 1801 qui

376 1814 816 1912 adspergeret
837 1815 1016 1887 hanc
1039 1813 1419 1886 feminam?
1438 1835 1513 1886 tu
1535 1815 1691 1904 scis,
1717 1842 1807 1886 an
1826 1841 1985 1886 vera
2009 1815 2147 1886 sint
2171 1842 2186 1886 ε
2210 1837 2274 1887 et
2292 1842 2462 1915 prae-

377 1930 552 2001 senti
573 1931 853 2001 fortasse
881 1930 980 2001 liti
1009 1931 1111 2002 vel
1143 1931 1547 2029 expediebat
1574 1931 1922 2003 confiteri:
1951 1957 2117 2002 nam
2146 1931 2201 2002 si
2236 1931 2421 2004 istud
2439 1992 2460 2025 ,

379 2042 570 2141 quod
603 2043 900 2141 intelligi
932 2044 1104 2135 vis2,
1136 2070 1379 2117 verum
1409 2065 1551 2136 est;
1585 2045 1825 2143 utique
1854 2045 2201 2117 hereditas
2232 2067 2465 2118 nostra

382 2179 514 2231 est:
547 2158 667 2231 sed
697 2160 994 2257 pecunia
1021 2161 1253 2258 potius
1281 2161 1773 2260 periclitemur.
1807 2162 2102 2232 Nullum
2130 2163 2465 2234 meritum

382 2271 608 2343 uxoris
653 2293 788 2344 tuae
829 2273 1146 2346 adversus
1192 2274 1476 2347 divitem
1526 2275 1698 2347 fuit:
1750 2276 1944 2373 quasi
1990 2302 2147 2347 vero
2203 2277 2466 2348 meritis

385 2407 655 2459 tantum
686 2387 1100 2461 hereditates
1130 2389 1556 2487 contingant.
1579 2392 1890 2479 Interest,
1912 2417 2006 2461 an
2030 2408 2321 2477 ametur,
2346 2392 2470 2489 qui

383 2500 608 2573 amat?
643 2502 869 2600 potuit
902 2503 1080 2574 hanc
1120 2529 1380 2574 amasse
1417 2503 1758 2574 feminam
1794 2503 2016 2592 dives,
2047 2501 2234 2575 salva
2261 2503 2473 2602 hujus

386 2614 841 2688 conscientia:
867 2637 1008 2688 erat
1021 2616 1329 2715 speciosa
1342 2647 1361 2705 ;
1387 2636 1559 2687 erat:
1585 2616 1814 2713 potuit
1834 2616 1908 2687 in
1927 2617 2117 2689 hunc
2140 2618 2473 2691 affectum

388 2731 724 2803 incidisse.
761 2732 972 2804 Multi
999 2753 1194 2822 sunt,
1226 2733 1347 2831 qui
1375 2752 1784 2804 testamenta
1813 2732 1906 2803 sic
1935 2732 2277 2820 scribant,
2308 2753 2481 2805 tam-

389 2872 599 2943 quam
639 2844 814 2917 illud
844 2845 931 2916 ad
968 2845 1176 2917 vitam
1212 2871 1455 2917 eorum
1489 2844 1861 2943 pertineat:
1893 2844 1988 2916 sic
2021 2845 2310 2943 quidam
2346 2846 2479 2917 he-

393 2960 586 3032 redes
612 2961 925 3032 scribunt
957 2989 1108 3051 eos,
1142 2988 1314 3059 quos
1348 2981 1655 3059 captant,
1690 2981 2049 3058 tamquam
2083 2960 2482 3033 intellectu-

395 3100 539 3162 roS,
570 3102 999 3175 quamquam
1032 3097 1287 3149 secreto
1321 3074 1675 3175 scriptos-²³.
1715 3076 1947 3146 Potuit
1984 3103 2142 3176 ergo
2177 3103 2373 3149 amor
2406 3076 2483 3149 in

397 3215 603 3261 causa
629 3217 814 3282 esse,
854 3192 1080 3291 potuit
1124 3192 1270 3291 ipsa
1316 3190 1666 3290 pudicitiae
1709 3190 2081 3261 admiratio
2104 3188 2133 3244 ‘¹⁸
2172 3189 2246 3261 in
2281 3216 2489 3263 causa

475 3384 517 3418 1.
562 3367 807 3420 Gratuita
847 3368 983 3420 odia.
1010 3366 1090 3419 .1d
1129 3380 1208 3420 est
1226 3404 1244 3432 ,
1285 3367 1399 3419 sine
1481 3362 1626 3436 apud
1641 3362 1820 3416 AErod.
1839 3374 2107 3436 tamquam
2123 3364 2179 3414 in
2197 3365 2486 3417 amicitiam

399 3446 511 3499 ulla
555 3466 715 3500 eausa
755 3462 999 3519 suscepta
1019 3486 1036 3513 ,
1085 3467 1198 3520 quae
1241 3446 1400 3519 digna
1480 3444 1780 3512 attentares,
1805 3457 2073 3518 tamquam
2093 3444 2164 3496 ad
2179 3464 2229 3497 se
2246 3456 2490 3499 attractu-

399 3526 566 3578 videri
606 3540 802 3598 potest:
833 3527 966 3580 Vide
1004 3526 1083 3580 Cl.
1121 3528 1295 3579 Wass.
1335 3525 1403 3578 ad
1484 3544 1562 3581 ros
1593 3539 1779 3580 secreto
1810 3528 2036 3597 scriptos.
2067 3529 2315 3580 Auctoris
2350 3529 2488 3579 fuit:

401 3605 613 3657 Sallust.
639 3605 848 3658 Catilin.
874 3625 992 3677 cap.
1018 3605 1156 3657 xv1.
1482 3608 1569 3659 Sic
1607 3607 1818 3679 quidam
1861 3605 2062 3659 heredes
2105 3607 2333 3659 scribunt
2371 3624 2490 3672 eos,

476 3704 524 3737 2.
544 3687 602 3737 Sa·
622 3686 786 3751 istud,
805 3687 946 3760 quod
965 3685 1192 3760 intelligi
1207 3686 1297 3750 pis.
1312 3688 1409 3738 Im-
1485 3707 1611 3760 quos
1631 3698 1872 3759 captant,
1900 3698 2169 3759 tamquam
2195 3686 2495 3738 intellectu-

405 3782 493 3814 mo
509 3801 527 3828 ,
550 3764 690 3834 qaod
715 3764 941 3839 intelligi
969 3782 1072 3817 non
1104 3764 1192 3816 vis.
1224 3767 1407 3815 Patro·
1489 3783 1584 3831 ros,
1596 3783 1917 3837 quamquam
1931 3774 2118 3818 secreto
2131 3762 2358 3834 scriptos.
2371 3763 2496 3832 Spe·

405 3862 507 3895 nus
529 3843 759 3896 mulieris
777 3844 991 3898 volebat
1008 3845 1254 3916 intelligi,
1276 3844 1409 3897 divi·
1489 3858 1610 3897 rant
1628 3849 1767 3899 enim
1790 3861 2109 3918 quocunque
2129 3842 2353 3906 indicio,
2369 3857 2498 3911 qua-

405 3934 513 3973 tem
533 3925 724 3974 amoris
744 3927 1013 3976 conscium
1032 3926 1196 3977 fuisse
1216 3946 1226 3974 :
1249 3923 1409 3996 idque
1490 3942 1703 3996 cunque
1723 3926 2024 3988 occasione,
2042 3921 2098 3974 id
2118 3918 2405 3991 aliquando
2426 3917 2499 3971 ad

407 4019 472 4053 ex
490 4003 799 4072 praescripto
818 4003 995 4055 Fabii:
1024 4002 1168 4056 dives
1189 4014 1282 4055 aut
1299 4005 1411 4071 ejus
1493 4020 1584 4055 eos
1606 4017 1995 4068 emanaturum,
2016 4012 2314 4069 utcunque,
2332 4016 2499 4069 quum

406 4093 667 4150 patronus
692 4078 746 4130 id
769 4081 991 4152 intelligi
1019 4082 1287 4133 nolebant.
1314 4081 1411 4133 Gn.
1496 4082 1819 4152 scriberent,
1858 4102 1949 4134 eos
1987 4079 2288 4133 celaverint.
2332 4078 2498 4131 θεοῦ.

480 4157 532 4208 3.
559 4157 851 4230 Tamquam
884 4158 1253 4224 intellecturos,
1286 4170 1418 4212 tam-
1497 4162 1578 4212 Ita
1607 4173 1661 4212 et
1687 4160 2043 4231 Schultingius
2072 4172 2123 4210 et
2146 4155 2276 4212 Obr.

411 4252 570 4306 quam
608 4251 797 4291 secreto
831 4238 1054 4309 scriptos.
1101 4242 1222 4290 Non
1263 4257 1417 4291 nemo
1562 4238 2499 4312 4.Potuitt‘psapudicitt'oeadmimtt‘0.

625 4325 678 4376 6.
2193 4343 2252 4377 21
