3200 5117
778 532 907 617 274
1283 521 1376 585 M.
1424 521 1675 584 FABn
1715 521 2360 603 Qanthm

772 654 915 736 Lex
965 647 1185 721 occidi
1242 671 1283 716 a
1330 646 1479 717 viro
1526 643 1688 715 forti
1743 644 2158 718 desertorem
2204 646 2457 738 voluit,
2509 667 2864 747 tamquam

774 764 1310 839 inutiiissimum
1330 816 1349 850 ‚
1378 780 1746 858 tamquam
1775 759 2345 834 inimicissimum
2373 789 2645 862 :neque
2671 768 2864 844 enim

772 903 1052 981 poenam
1096 876 1275 948 hanc
1308 875 1457 947 viro
1496 874 1655 946 forti
1691 875 2077 965 constituit,
2108 901 2338 975 neque
2376 877 2715 977 imposuit
2752 910 2865 956 re-

769 994 1035 1069 cusanti
1049 1050 1068 1083 ‚
1092 1017 1319 1089 neque
1340 990 1563 1063 ullam
1582 991 2060 1064 necessitatem
2078 991 2366 1065 nolenti.
2385 994 2584 1084 Quid
2614 1010 2630 1040 ¹
2650 997 2861 1072 etiam

766 1111 1067 1200 faciem,
1100 1109 1157 1181 si
1190 1135 1337 1181 non
1376 1106 1739 1182 occidero?
1780 1108 1938 1204 quis
1973 1127 2074 1180 est
2105 1108 2317 1211 hujus
2347 1112 2864 1188 constitutionis

768 1226 1031 1300 exitus?
1058 1226 1285 1325 legem
1315 1223 1584 1296 nullam
1613 1221 1904 1297 habetis.
1941 1226 2076 1297 Sed
2103 1225 2452 1299 vindicare
2471 1255 2590 1301 vos
2613 1230 2857 1305 vultis:

767 1342 1097 1416 adhibete
1122 1339 1523 1413 carnificem
1545 1395 1564 1429 ‚
1595 1339 1892 1412 occidite
1921 1362 2303 1441 utrumqne
2333 1370 2347 1414 :
2373 1343 2556 1415 bene
2580 1343 2882 1439 hercule,

767 1455 1228 1533 exhortamini
1259 1481 1273 1527 :
1306 1475 1436 1545 est,
1466 1481 1681 1553 quare
1707 1479 1907 1530 arma
1929 1481 2140 1529 senex
2163 1483 2539 1530 resumam.
2567 1461 2860 1536 Fortiter

764 1572 1025 1662 fecisti,
1060 1571 1452 1672 plurimum
1493 1570 1890 1669 reipublicae
1920 1591 2054 1642 tuae
2091 1572 2496 1670 praestitisti,
2525 1573 2694 1647 velis
2729 1601 2857 1648 uo-

765 1688 850 1760 lis
879 1715 893 1758 :
929 1686 1100 1786 quid
1133 1685 1341 1784 igitur
1373 1684 1518 1758 haec'
1558 1684 1647 1756 ad
1687 1684 2186 1783 parricidium?
2218 1708 2290 1759 et
2319 1687 2550 1760 filium
2584 1688 2852 1780 occide,

766 1825 833 1877 et
869 1828 1118 1902 parum
1158 1801 1246 1875 sit
1278 1799 1402 1874 tibi
1443 1798 1752 1899 perdere.
1776 1799 2177 1872 Vehemens
2209 1822 2384 1891 erat,
2425 1801 2482 1873 si
2509 1802 2853 1893 dicerem,

763 1917 931 1991 nolo
964 1915 1314 1988 occidere:
1364 1912 1728 2013 ignoscetis
1771 1914 1950 1986 mihi
1993 1914 2291 2007 dicenti,
2329 1919 2488 1989 Non
2521 1944 2802 2017 possum
2836 1946 2852 1991 z

764 2058 1017 2105 manus
1070 2030 1223 2122 illa,
1270 2057 1424 2127 quae
1472 2028 1664 2101 fortis
1712 2028 2091 2119 dicebatur,
2133 2029 2416 2104 defecit.
2460 2032 2615 2108 Scio
2661 2059 2853 2108 nunc

764 2173 906 2238 me,
920 2145 1218 2247 judices,
1240 2143 1652 2244 reprehendi
1669 2144 1935 2216 abonis
1954 2144 2286 2242 patribus,
2306 2167 2668 2246 tamquam
2691 2175 2855 2249 prae.

686 2273 693 2280 '
765 2262 993 2334 mium
1045 2282 1279 2361 optare
1325 2261 1630 2338 nesciam
1674 2288 1690 2331 1
1739 2260 1986 2332 melior
2031 2261 2223 2333 enim
2278 2283 2345 2334 et
2385 2262 2858 2363 indulgentior

766 2398 958 2476 pater
991 2377 1123 2448 hoc
1160 2378 1460 2449 diceret:
1500 2375 1753 2448 donate
1783 2375 2059 2448 meritis
2097 2376 2270 2447 meis
2301 2376 2571 2450 filium:
2601 2379 2696 2454 ita
2728 2406 2853 2479 ego

764 2494 953 2591 quod
982 2492 1246 2564 fortiter
1267 2492 1435 2582 feci,
1462 2490 1656 2591 quod
1683 2510 1959 2562 tuntum
1993 2490 2258 2563 hostilis
2286 2494 2637 2592 sanguinis
2662 2494 2851 2585 fudi,

762 2608 955 2708 quod
1000 2608 1179 2678 inter
1224 2626 1586 2678 momenta
1621 2605 1916 2678 victoriae
1963 2605 2106 2696 fui,
2149 2632 2295 2678 non
2337 2627 2436 2679 est
2476 2635 2599 2706 pro
2638 2634 2850 2707 opera

763 2721 1114 2795 duorum?
1137 2725 1284 2820 Ego
1299 2776 1319 2809 ‚
1349 2721 1407 2793 si
1430 2720 1682 2793 melior
1701 2747 1924 2793 essem
1949 2742 2167 2820 pater,
2195 2721 2366 2794 iuml
2389 2747 2664 2821 quoque
2687 2722 2847 2798 sim·-

762 2838 1036 2939 pliciter
1072 2837 1464 2927 confiterer,
1508 2836 2157 2912 desemissezfilium
2201 2863 2360 2911 mea
2391 2836 2637 2937 culpa:
2675 2837 2848 2937 quid

762 2954 956 3027 enim
1004 2980 1276 3025 necesse
1323 2952 1459 3025 fuit
1496 2952 1789 3024 educere
1833 2951 1907 3023 in
1951 2953 2169 3025 aciem
2208 2952 2854 3027 adolescentulum?

764 3070 937 3170 quid
984 3093 1256 3142 necesse
1300 3068 1438 3139 fuit
1478 3068 1683 3142 rudes
1721 3091 1944 3139 annos
1986 3093 2150 3139 cum
2192 3069 2593 3166 gravissimo
2630 3069 2850 3161 hoste,

766 3185 1205 3258 acerbissimo
1224 3183 1458 3284 praelio
1479 3183 1940 3284 componere?
1957 3204 2076 3256 aut
2094 3203 2272 3256 certe
2291 3185 2347 3257 si
2370 3205 2604 3259 tantus
2623 3185 2850 3284 gloriae

765 3326 986 3390 amor,
1016 3302 1072 3372 si
1100 3321 1288 3373 tanta
1316 3300 1570 3399 cupido
1594 3301 1887 3373 laudum
1906 3357 1926 3390 ,
1958 3300 2270 3372 recedere
2292 3328 2336 3373 a
2360 3301 2503 3374 filio
2527 3327 2688 3373 meo
2707 3328 2848 3374 non

688 3455 698 3468 =
768 3415 1189 3488 debueram:
1216 3437 1283 3488 et
1302 3416 1433 3489 feci
1450 3474 1468 3506 ‚
1486 3416 1793 3516 judiceS‚
1824 3416 2171 3514 primum,
2191 3437 2260 3489 et
2280 3437 2644 3514 tamquam
2665 3416 2851 3490 insti-

766 3550 1034 3603 tuerem
1069 3529 1301 3601 filium
1333 3529 1579 3602 rudem
1618 3529 1915 3618 militiae,
1951 3555 2094 3602 non
2125 3529 2366 3628 procul
2394 3556 2436 3600 a
2466 3528 2673 3601 latere
2704 3531 2852 3602 reli-

767 3648 916 3748 qui.
932 3645 1224 3745 Decepit
1234 3672 1352 3718 me
1370 3647 1575 3722 ardor
1599 3645 1718 3719 ille
1739 3644 1906 3721 belli
1928 3671 1942 3716 ε
1966 3666 2044 3720 ut
2067 3645 2377 3744 primum
2396 3645 2592 3744 signa
2608 3671 2852 3718 canere

768 3781 1145 3864 coeperunt,
1169 3762 1482 3862 primum
1502 3777 1728 3834 totum
1748 3761 2073 3833 animum
2095 3759 2425 3858 percussit
2444 3759 2685 3859 patria,
2713 3759 2855 3832 sola

841 3951 886 3988 1.
943 3933 1088 4005 Quid
1131 3931 1309 3984 etiam.
1367 3931 1506 4002 Quid
1549 3942 1726 3983 autem
1749 3969 1767 3998 ,
1849 3947 1961 3982 non
1990 3928 2153 3984 habet
2185 3928 2449 3982 AErodius.
2471 3949 2544 3969 -’-
2565 3930 2710 3982 Bene
2739 3928 2851 3980 her-

762 4013 1037 4068 Francius.
1078 4041 1151 4053 --
1189 4011 1358 4083 Hujus
1395 4009 1773 4063 constitutionis
1850 4005 2851 4081 cule.}1aecpe=·iodu⁸comodiu⁸ool—

765 4093 944 4145 exitam.
978 4095 1171 4156 Forte,
1202 4090 1563 4142 contentionis.
1599 4089 1768 4142 Guon.
1849 4085 2119 4142 locaretur
2141 4101 2264 4140 unte
2286 4087 2466 4155 illam,
2488 4105 2604 4160 quae
2633 4087 2849 4158 incipit,

764 4169 933 4220 Male:
957 4189 1080 4223 nam
1098 4188 1272 4242 nuper
1289 4168 1419 4221 dixit
1442 4168 1638 4221 honore
1653 4185 1773 4221 con·
1851 4165 2118 4221 vehemens
2147 4185 2305 4219 eram.
2341 4167 2558 4221 Senum.
2590 4195 2662 4208 --
2685 4163 2852 4255 ''e-he-

764 4247 958 4302 ttituto.
992 4251 1085 4303 En.
1113 4279 1185 4289 —
1219 4248 1499 4304 Vindicate
1529 4266 1632 4303 vos.
1669 4248 1773 4305 Vos
1850 4263 1994 4302 mens
2013 4258 2140 4301 erat.
2164 4247 2358 4314 Eram,
2383 4246 2654 4300 Francius.
