3200 5117
796 512 880 579 36
1278 511 1383 574 M.
1432 509 1683 576 ΕΑΒ-ΙΙ
1729 509 2370 591 QUINTILIANI

796 662 939 709 esse
972 633 1414 723 crediderim,
1446 654 1521 704 ut
1552 633 1851 729 impetus
1880 632 1968 704 ad
2005 632 2272 704 illicitas
2301 630 2628 710 libidines
2664 631 2871 706 habe·

795 770 917 822 ret.
950 750 1101 820 Hoc
1127 748 1312 836 dico,
1343 747 1524 819 hanc
1555 766 1837 819 tantum
1860 747 2005 818 vult
2036 773 2271 845 rapere
2301 746 2671 844 parasitus:
2705 773 2867 845 age,

782 891 939 937 non
971 864 1171 938 vultis
1205 863 1527 964 adjiciam
1568 861 1778 950 illud;
1811 863 2002 934 unde
2027 887 2279 934 manus
2310 860 2459 950 illa,
2490 888 2628 960 qua
2661 888 2873 960 expu-

788 981 984 1081 gnati
1014 975 1298 1052 sumus?
1326 977 1545 1050 unde
1543 998 1777 1049 tantus
1808 1005 1888 1049 ac
1915 999 2057 1049 tam
2087 993 2398 1078 prorsus¹
2456 977 2706 1049 domus
2735 999 2870 1051 tuae

793 1092 1177 1165 tumultus?
1205 1092 1391 1162 unde
1436 1090 1737 1190 denique
1769 1090 1971 1164 solvit
2002 1092 2191 1188 quod
2227 1091 2377 1190 lege
2420 1091 2756 1164 debetur?
2800 1091 2868 1164 Si

794 1207 1119 1279 credibile
1145 1219 1309 1294 est2,
1340 1203 1529 1302 quod
1552 1204 1961 1302 opponitur,
1978 1204 2140 1304 jam
2170 1226 2350 1277 certe
2386 1204 2702 1277 relictum
2734 1226 2867 1294 est,

792 1342 871 1394 ut
899 1350 977 1395 ea
1004 1342 1199 1422 parte
1221 1320 1479 1392 fecerit.
1505 1321 1593 1391 Et
1619 1319 1800 1392 hanc
1822 1340 2060 1393 tamen
2084 1342 2353 1419 partem
2378 1319 2406 1366 3
2423 1321 2864 1394 excutiamus.

790 1433 1157 1511 summisit
1201 1456 1581 1535 raptorem:
1631 1434 1876 1507 habuit
1917 1435 2116 1508 enim
2161 1462 2439 1508 causam
2478 1463 2492 1507 :
2537 1437 2866 1508 eumdem

789 1552 1128 1625 honorem
1147 1550 1448 1649 virgines
1472 1550 1990 1649 competebant;
2016 1573 2250 1624 nostra
2276 1551 2421 1624 filia
2445 1551 2868 1623 summoveri

791 1668 985 1740 aliter
1011 1693 1154 1739 non
1183 1686 1465 1766 poterat.
1515 1665 1585 1737 Si
1620 1666 1878 1738 incerta
1910 1667 2156 1766 populi
2186 1666 2496 1769 judicia,
2543 1694 2687 1739 non
2715 1694 2867 1767 pro·

789 1783 980 1854 fessae
1008 1781 1237 1881 palam
1270 1779 1627 1851 sententiae
1657 1800 1883 1851 essent
1905 1838 1924 1869 ,
1970 1780 2269 1852 dicerem
2295 1780 2468 1853 tanti
2499 1780 2626 1852 tibi
2655 1782 2866 1855 fuisse

787 1896 893 1967 vel
916 1895 1346 1968 securitatem
1366 1891 1398 1948 4
1428 1891 1533 1965 vel
1554 1891 2130 1990 indignationem.
2159 1896 2382 1965 Nemo
2405 1915 2506 1966 est
2526 1914 2673 1965 tam
2697 1921 2870 1966 arro·
2969 1987 2974 1998 ¹

788 2037 957 2108 gans
986 2010 1093 2082 sui
1136 2008 1543 2099 aestimator,
1583 2028 1661 2079 ut
1691 2034 2085 2080 accessurus
2114 2009 2203 2081 ad
2232 2010 2546 2098 comitia,
2576 2031 2647 2082 et
2678 2010 2865 2108 peri-

788 2125 1028 2197 culum
1047 2123 1403 2196 sortiturus
1422 2121 1876 2194 humanitatis
1890 2179 1909 2212 ,
1932 2117 2290 2194 non-malit
2306 2123 2456 2195 sine
2482 2123 2864 2196 adversario

787 2266 963 2312 esse:
999 2239 1144 2310 haec
1163 2238 1291 2310 de
1275 2236 1550 2308 mcertis
1569 2236 1859 2337 judiciis
1890 2237 2210 2308 dicerem.
2244 2237 2443 2328 Quid
2472 2237 2526 2309 si
2561 2238 2647 2309 ad
2676 2265 2865 2312 secu·

785 2354 1052 2427 ritates⁵
1103 2375 1172 2426 et
1221 2352 1736 2476 indignationes
1777 2352 2039 2424 accedit
2089 2351 2366 2424 metus?
2412 2353 2864 2426 manifestum

787 2489 930 2542 erat
962 2495 1104 2540 non
1137 2467 1451 2539 futuram
1488 2441 1909 2538 sacerdotem
1946 2468 2162 2540 filiam
2192 2489 2405 2539 tuam.
2435 2470 2633 2540 Forte
2666 2496 2862 2567 argu-

787 2583 1044 2655 mentis
1066 2569 1204 2653 *hoc
1232 2581 1513 2680 colligo:
1540 2581 1750 2679 longa
1774 2600 1841 2653 et
1866 2582 2130 2656 difficili
2156 2584 2551 2684 conjectura
2573 2584 2864 2682 proban-

786 2698 955 2769 dum
992 2717 1181 2795 puto.
1215 2698 1582 2794 Loquutus
1619 2717 1718 2767 est
1757 2696 2079 2796 populus.
2124 2698 2191 2770 Si
2234 2697 2369 2769 alia
2402 2722 2862 2797 quaecumque

785 2810 960 2883 mihi
986 2813 1176 2883 fama
1204 2811 1642 2886 defendenda
1671 2814 1844 2883 foret
1863 2869 1881 2902 ,
1921 2814 2224 2886 dicerem
2258 2835 2490 2886 tamen
2510 2871 2531 2902 ,
2552 2813 2858 2912 judiceS,

786 2949 932 2997 rem
960 2952 1100 2999 esse
1125 2924 1464 2997 miraculo
1504 2925 1839 3017 similem,
1865 2929 2090 3023 quod,
2124 2955 2348 3027 quum
2384 2929 2588 3026 pauci
2623 2929 2706 3000 ad
2741 2955 2859 3001 vos

861 3194 903 3228 1.
920 3171 998 3228 Ac
1017 3187 1122 3228 tam
1138 3185 1363 3250 prorsus.
1387 3177 1661 3246 Protinus,
1687 3198 1781 3247 an,

783 3275 845 3308 ac
867 3258 1036 3310 statim
1054 3261 1293 3329 prorsus?
1313 3260 1529 3312 Senum.
1548 3261 1781 3313 Latinius

783 3332 989 3403 legebat
1004 3355 1016 3385 e
1034 3354 1094 3385 ac
1114 3348 1226 3387 tum
1247 3356 1497 3410 operosus.
1523 3340 1674 3388 Forte
1688 3376 1703 3402 ‚
1721 3356 1783 3390 ac

784 3425 895 3467 tum
925 3415 1166 3485 proprius
1200 3427 1299 3469 tuoe
1328 3418 1381 3469 d.
1417 3418 1678 3472 tumultus.
1714 3449 1785 3459 -

782 3490 965 3544 Solvit.
987 3491 1125 3544 Male
1142 3496 1264 3547 Var.
1287 3510 1338 3548 et
1356 3498 1468 3569 Bip.
1489 3496 1667 3549 solvet.
1687 3499 1778 3551 En.

856 3590 903 3625 2.
916 3573 972 3626 Si
985 3573 1238 3626 credibile.
1254 3577 1310 3630 Si
1328 3577 1641 3632 incredibile.
1659 3579 1777 3631 Son.

852 3651 903 3706 3.
946 3654 1302 3710 Excutiamus.
1343 3657 1523 3711 Senec.
1563 3659 1774 3711 Hercul.

782 3732 902 3787 Fur.
917 3732 1018 3788 580
1035 3756 1045 3785 :
1063 3739 1304 3790 nveteres
1321 3742 1586 3792 excutiunt
1604 3758 1738 3792 reos.
1749 3764 1771 3787 n

782 3817 998 3869 Senum.
1029 3818 1161 3868 Hinc
1189 3817 1401 3871 demum
1427 3818 1672 3872 AErodius
1694 3822 1779 3872 in-

781 3900 910 3968 cipit
943 3893 1412 3966 declamationem,
1452 3902 1542 3971 qui
1581 3919 1779 3973 prece-

780 3978 957 4036 dentia
981 3982 1205 4051 ignorat.

851 4056 901 4122 4.
927 4057 1084 4110 Tanti
1120 4059 1210 4111 tibi
1229 4059 1395 4130 fuisse
1428 4056 1510 4110 vel
1534 4060 1777 4112 securita-

1862 3179 2061 3233 moveri
2095 3200 2202 3234 non
2225 3193 2437 3252 posset,
2462 3196 2621 3250 quam
2647 3178 2857 3248 jactura

1861 3261 2149 3334 pudicitiae,
2170 3266 2320 3334 cujus
2346 3261 2527 3313 decem
2547 3259 2764 3311 millium
2781 3260 2861 3312 le-

1861 3345 2041 3414 gitima
2081 3346 2352 3396 :estimatio
2395 3355 2508 3407 est,
2545 3340 2688 3394 dives
2725 3341 2861 3394 tanti

1861 3420 2082 3473 redemit
2108 3420 2275 3473 aleam
2301 3420 2633 3473 comitiorum
2653 3458 2669 3485 ,
2697 3434 2747 3472 et
2775 3423 2861 3471 in-

1862 3501 2247 3572 dignationem,
2269 3501 2416 3573 quod
2433 3502 2678 3572 pauperis
2697 3499 2860 3554 filiam

1858 3580 2055 3632 videret
2079 3578 2344 3630 anteferri.
2368 3580 2628 3630 AEnoutus.

1930 3658 1977 3711 5.
2013 3657 2152 3730 Quid
2180 3661 2224 3711 si
2251 3653 2324 3713 ad
2343 3659 2641 3711 securitates.
2672 3649 2857 3711 Haereo

1857 3739 1912 3790 in
1930 3736 2038 3802 his,
2059 3737 2418 3791 antecedentia
2437 3735 2578 3787 enim
2601 3732 2710 3786 haec
2735 3755 2861 3789 con·

1858 3820 2063 3872 firmare
2085 3813 2346 3884 videntur,
2377 3830 2429 3869 et
2463 3833 2648 3869 sensus
2680 3830 2858 3871 tamen

1859 3903 1970 3953 erui
1994 3919 2102 3952 non
2127 3913 2316 3972 potest.
2343 3897 2531 3964 Forte,
2561 3899 2695 3969 quid
2716 3898 2762 3950 si
2788 3898 2861 3950 ad

1859 3977 1967 4030 hoec
1992 3998 2021 4030 e
2047 3978 2253 4032 civitate
2276 3989 2329 4029 et
2358 3972 2738 4050 dediynationis
2766 3996 2856 4028 ac-

1857 4057 2053 4109 cederet
2082 4069 2257 4108 metus.
2287 4055 2481 4106 Civitas
2514 4057 2756 4128 opposite
2789 4051 2858 4106 ad

781 4144 899 4190 tem.
916 4135 1070 4187 Tanti
1087 4153 1304 4207 ,nempe
1324 4135 1506 4189 decem
1527 4137 1772 4190 millibus.
1850 4135 2078 4205 judicia:
2110 4138 2181 4186 ita
2209 4151 2331 4184 mox
2357 4133 2582 4190 civitatis
2610 4133 2858 4184 univenoe

781 4217 915 4276 Nam
931 4233 1092 4286 quum
1109 4217 1211 4270 filia
1226 4220 1471 4289 pauperis
1489 4215 1640 4270 aliter
1656 4217 1777 4271 sub-

1856 4235 2135 4272 consensus.
2161 4216 2378 4270 Senum.
