3200 5117
523 507 1364 577 DECLAMATIONES.
1414 506 2082 576 CCCLXXXVIII.
2220 512 2344 582 513

248 654 390 707 est:
424 633 606 733 quid
633 634 933 721 mirum,
958 629 1081 703 ubi
1106 630 1342 730 piratae
1364 630 1745 729 vagantur?
1778 633 1974 723 Quid
2006 653 2081 705 tu
2112 663 2345 734 porro,

243 749 552 848 impune
586 775 763 848 saepe
805 746 1060 819 maria¹
1100 745 1316 847 trajici
1346 745 1588 845 putas?
1620 774 1764 819 non
1796 748 2030 820 minus
2066 777 2350 848 possum

244 866 482 939 dicere
514 866 828 938 alienum
866 864 1111 954 fuisse,
1143 867 1354 961 quam
1385 884 1589 935 tuum
1625 864 1852 935 filium
1886 893 1900 935 :
1946 866 2144 964 signa
2184 895 2352 942 con-

241 983 406 1055 fusa
446 1002 659 1054 sunt:
702 981 918 1052 immo
958 979 1353 1051 credibilius
1381 999 1517 1070 est,
1552 981 1872 1080 naufragi
1906 981 2117 1054 fuisse
2150 982 2354 1079 (litus

242 1099 440 1170 enim
490 1124 889 1187 amoenum,
938 1122 1081 1168 non
1130 1096 1410 1168 infestos
1452 1095 1776 1194 scopulos
1819 1096 2068 1193 habet)
2115 1100 2353 1198 utique

239 1234 398 1313 post
441 1237 709 1312 paucos
757 1210 938 1300 dies,
982 1235 1204 1306 quum
1252 1208 1435 1280 dicas
1483 1210 1851 1309 expulsum
1890 1237 1904 1281 ε
1950 1210 2153 1281 illum
2192 1236 2354 1283 vero

240 1327 460 1427 longo
509 1348 825 1426 tempore
872 1351 1014 1395 non
1061 1323 1472 1421 expulsum,
1520 1324 1639 1395 sed
1683 1324 2110 1397 advolutum.
2158 1327 2357 1417 Quo-

182 1443 190 1451 ’
241 1442 466 1514 modo
510 1461 746 1514 autem
789 1439 1021 1537 potuit
1060 1438 1350 1509 confusa
1393 1438 1570 1509 facie
1613 1438 1939 1536 agnosci?
1979 1444 2200 1526 AEtas‚
2246 1442 2357 1512 in-

243 1557 437 1656 quit,
465 1553 924 1628 conveniebat
948 1579 962 1623 :
989 1553 1122 1624 hoc
1149 1553 1328 1625 inter
1351 1574 1764 1651 argumenta
1786 1579 1945 1627 mea
1969 1554 2356 1628 minimum

245 1683 437 1758 est23
485 1688 793 1740 statura:
842 1666 975 1738 hoc
1018 1667 1090 1738 in
1137 1666 1408 1739 actione
1451 1666 1605 1738 loci.
1652 1668 1891 1757 Quare
1934 1695 2095 1768 ergo
2137 1690 2353 1741 mater

245 1781 607 1881 sepelivit?
627 1781 890 1881 nescio:
921 1779 1053 1852 hoc
1074 1807 1301 1853 unum
1325 1779 1509 1869 dico,
1535 1807 1680 1853 non
1701 1802 2016 1881 potuerat
2032 1782 2347 1881 agnosci:

244 1896 605 1970 festinavit
634 1896 708 1967 in
743 1898 948 1969 bona.

1118 2106 1482 2173 SERMO.

338 2263 833 2331 summovimus
853 2265 1278 2354 peregrinum
1298 2263 1610 2330 cadaver:
1636 2280 1839 2330 restat
1861 2280 1936 2329 ut
1957 2261 2347 2329 inducamus

248 2369 491 2436 filium.

951 2514 1653 2579 DECLAMATIO.

280 2743 286 2749 ,
345 2668 664 2758 Primus,
690 2667 955 2765 inquit,
982 2667 1180 2740 heres
1209 2668 1518 2767 sepultus
1543 2689 1679 2739 est:
1707 2664 1825 2739 hic
1850 2694 2012 2765 ergo
2037 2667 2192 2766 quis
2217 2664 2352 2739 est?

247 2780 489 2855 unde?
518 2810 657 2881 qua
688 2781 986 2854 fiducia?
1013 2786 1202 2854 AEtas
1233 2782 1474 2853 eadem
1495 2804 1638 2873 ‚estz
1675 2783 1891 2880 quid?
1920 2785 1973 2854 si
2002 2782 2173 2854 solet
2200 2781 2350 2880 qui-

250 2899 417 2970 dem
450 2897 581 2969 hoc
607 2918 1100 2994 argumentum
1130 2898 1316 2996 apud
1346 2919 1410 2969 te
1431 2898 1697 3013 valere?
1720 2898 1839 2970 sed
1869 2925 1992 2969 cur
2015 2926 2093 2969 ex
2123 2925 2353 2997 aequa-

248 3010 444 3081 libus
470 3036 679 3081 nemo
703 3010 880 3082 alius
903 3010 1086 3080 hanc
1108 3036 1304 3108 spem
1329 3011 1669 3081 vindicat?
1696 3012 1827 3082 hoc
1852 3032 2351 3109 argumentum

250 3145 530 3197 transeo
560 3151 572 3193 :
604 3144 858 3195 statura
888 3125 1305 3219 suffragatur
1336 3153 1348 3194 :
1385 3151 1512 3196 nec
1549 3124 1681 3196 hoc
1716 3151 1830 3196 me
1866 3146 2134 3196 movet:
2171 3146 2239 3196 et
2276 3147 2353 3199 tu

248 3240 404 3311 haec
430 3238 625 3310 dicis.
651 3238 784 3310 Sed
809 3237 952 3309 haec
974 3237 1278 3329 valeant,
1306 3238 1426 3309 ubi
1452 3241 1782 3310 confusus
1802 3261 1901 3310 est
1924 3238 2188 3327 vultu8‚
2218 3238 2344 3323 ubi

251 3353 682 3424 lineamenta
703 3352 876 3442 oriS‚
902 3352 1265 3424 oculorum
1287 3410 1306 3443 ‚
1339 3375 1405 3425 et
1424 3353 1667 3425 coloris
1697 3353 2076 3452 proprietas
2095 3410 2112 3442 ‚
2144 3353 2348 3452 capil-

252 3467 632 3567 lorumque
659 3469 936 3541 habitus
954 3525 974 3560 ,
999 3469 1239 3542 omnia
1267 3491 1538 3542 staturae
1563 3469 1741 3542 levia
1758 3468 1807 3540 3.
1842 3472 1933 3541 At
1953 3469 2344 3541 similitudo

335 3688 381 3723 ι.
406 3672 553 3740 Soepe
575 3672 760 3724 maria.
786 3672 1012 3746 Semper.
1038 3672 1258 3725 senum.
1341 3677 1458 3727 Hoc
1486 3677 1540 3726 in
1569 3676 1773 3726 actione
1784 3676 1967 3745 jocus.-
2002 3671 2055 3725 id
2088 3686 2164 3725 est
2181 3710 2197 3737 ,
2233 3689 2341 3723 non

251 3780 326 3790 —
362 3750 531 3820 Quam
571 3760 715 3802 tuum
743 3749 951 3822 filium.
994 3750 1164 3820 Quam
1205 3763 1263 3801 m
1343 3768 1422 3805 est
1441 3755 1635 3806 serium
1654 3751 1795 3824 apud
1813 3750 2046 3823 judicem
2065 3768 2344 3817 argumen-

253 3840 404 3881 tuum
439 3829 492 3901 f.
539 3828 717 3881 AErod.
759 3859 828 3868 —-
866 3832 990 3883 Non
1035 3830 1259 3900 infestos.
1343 3829 1586 3896 tum‚sed
1606 3830 1759 3881 ludus
1775 3829 2166 3898 etjocus.-—!n
2191 3829 2342 3879 bono.

253 3910 434 3962 Etiam
451 3947 467 3972 ‚
492 3909 574 3960 vel
590 3948 607 3975 ‚
639 3921 810 3962 tamen
829 3950 858 3971 ,.
882 3911 1106 3981 infestos.
1137 3912 1257 3964 Sca.
1340 3910 1553 3964 Malim:
1580 3912 1635 3961 in
1663 3910 1812 3959 bona.
1841 3912 1981 3960 Ριτιι.
2009 3907 2150 3959 Delr.
2174 3905 2241 3957 ad
2261 3906 2346 3956 Se-

327 4007 375 4041 a.
406 3990 697 4041 Minimum
726 4001 811 4043 est.
846 3990 1131 4042 Minimum
1159 4002 1257 4057 est,
1340 4008 1456 4041 nec.
1479 3988 1717 4039 Medeam
1745 3986 1872 4055 276,
1898 3985 2050 4055 legit,
2076 4003 2179 4036 non
2202 3995 2343 4055 pote-

252 4080 483 4122 statum.-
522 4070 618 4123 hoc
646 4070 701 4136 in
729 4072 963 4137 actione,
1001 4083 1058 4122 ut
1089 4070 1258 4122 Iocus.-
1341 4081 1420 4119 rat
1454 4067 1678 4139 aqnosci.
1712 4065 1995 4117 Festinavit
2007 4086 2026 4124 ,·
2057 4064 2143 4115 cui
2174 4065 2345 4117 bono?

254 4160 313 4197 nt
351 4164 754 4218 argumentum,
794 4148 940 4221 quod
978 4148 1126 4200 nihili
1164 4162 1259 4200 est.
1342 4146 1488 4219 quod
1511 4144 1670 4196 debet
1694 4143 1929 4196 AErodio.

256 4228 476 4282 Senum.
511 4232 626 4284 Hoc
659 4233 818 4284 inane
853 4230 938 4283 hic
972 4229 1102 4296 loci,
1130 4230 1258 4283 Ohr.
1414 4226 1463 4277 3.
1479 4227 1702 4278 Staturoe
1718 4224 1994 4287 levia.An‚
2011 4221 2339 4295 plenaPScn.

469 4317 520 4372 6.
1996 4315 2062 4368 33
