3200 5117
842 550 968 631 542
1419 545 1955 611 CALPURNII
2002 546 2373 611 FLACCI·

838 796 1422 821 mmmmm
2304 796 2869 819 *mmm
2876 796 2968 815 m

1780 992 1992 1067 XII.

1163 1198 1218 1249 ’Χ
1638 1201 1970 1305 Veneficii
1999 1230 2139 1275 rea.

845 1409 1168 1470 vammu
1205 1429 1323 1468 nm
1343 1420 1357 1448 ¹
1394 1427 1838 1482 τοιιρυεᾼτοιι,
1869 1428 2066 1468 nomm
2098 1428 2378 1469 consetos
2410 1429 2684 1470 mmet-r.
2719 1412 2961 1471 Amissa

923 1527 1141 1582 uxore,
1170 1527 1241 1565 ex
1266 1526 1390 1587 qua
1413 1502 1683 1564 habebat
1712 1502 1912 1564 filium
1930 1550 1947 1579 ‚
1974 1505 2151 1564 duxit
2185 1503 2435 1565 alteram
2459 1529 2476 1580 3
2510 1523 2571 1566 et
2599 1506 2681 1567 de
2715 1529 2797 1567 ea
2829 1528 2961 1567 sus-

918 1604 1080 1685 cepit
1113 1601 1338 1662 filiam:
1370 1599 1778 1661 adoleverunt
1803 1603 1989 1662 ambo
2016 1601 2314 1662 infantes:
2352 1618 2602 1686 repente
2632 1605 2955 1686 ambiguis

922 1700 1108 1781 signis
1127 1701 1287 1783 perit
1309 1698 1682 1759 adolescenS.
1706 1701 1886 1758 Pater
1912 1720 2165 1760 uxorem
2186 1706 2488 1760 accusavit
2506 1715 2566 1760 et
2584 1700 2951 1761 damnavit:

921 1820 1117 1881 quum
1139 1811 1558 1881 torqueretur,
1583 1798 1779 1858 filiam
1808 1800 1923 1859 sibi
1949 1800 2261 1861 consciam
2286 1799 2456 1861 dixit.
2481 1802 2727 1861 Petitur
2747 1799 2951 1884 puella

924 1919 996 1959 ex
1018 1897 1153 1979 lege
1175 1898 1254 1958 ad
1277 1919 1531 1981 posnam
1551 1921 1567 1973 3
1589 1896 1763 1957 adest
1785 1899 1840 1958 ei
1863 1912 2055 1982 pater.

1663 2104 1816 2150 Pno
1866 2104 2123 2151 1⁴·1L1A.

942 2228 1248 2298 Noverca
1273 2225 1450 2298 filios
1471 2246 1732 2299 nostros
1747 2240 1771 2271 ²
1795 2247 1913 2297 aut
1936 2226 2464 2299 insimulatione
2484 2229 2950 2326 persequitur,

849 2362 968 2413 aut
990 2369 1288 2433 veneno,
1322 2370 1476 2441 quae
1505 2343 1725 2417 scelus
1759 2371 1967 2415 suum
1988 2401 2006 2434 ,
2043 2344 2205 2415 etin
2236 2345 2448 2417 domo
2476 2346 2847 2435 veneficae,
2885 2368 2957 2417 et

848 2456 923 2527 in
959 2458 1319 2557 suppliciis
1355 2460 1595 2531 docuit
1624 2460 2001 2558 parricidae.
2037 2460 2509 2533 Adoleverunt
2541 2461 2793 2551 ambo,
2830 2461 2953 2533 sed

851 2574 1083 2644 minor
1124 2573 1305 2664 filia,
1341 2595 1408 2647 et
1446 2583 1693 2674 praeter
1729 2603 1968 2648 sexum
2009 2577 2235 2649 multo
2257 2574 2285 2622 3
2307 2578 2510 2650 fratre
2548 2576 2950 2674 simplicior.

926 2777 944 2810 1
959 2801 970 2812 .
987 2760 1044 2812 V
1036 2759 1240 2831 eneficii
1256 2780 1356 2813 rea.
1370 2762 1489 2831 Vid.
1508 2763 1693 2830 Quint.
1707 2763 1854 2815 Decl.

848 2840 1186 2893 CCCLxxxl
1212 2862 1226 2902 ;
1273 2854 1324 2892 et
1371 2842 1554 2893 Senec.
1603 2842 1855 2894 controv.

847 2918 1038 2971 xxix.
1061 2949 1133 2958 —-
1155 2920 1510 2971 Adoleverunt
1535 2919 1686 2970 ambo
1718 2920 1771 2970 in
1764 2918 1860 2989 fa-

848 3017 968 3050 mes.
1011 2996 1126 3049 Alia
1165 2997 1324 3049 editio
1345 3035 1362 3063 .,
1405 2996 1638 3067 infantes
1656 3033 1673 3059 ,
1714 2994 1861 3065 quod

849 3095 960 3128 non
1003 3077 1194 3147 placet.
1234 3076 1337 3129 Sed
1375 3095 1471 3128 nec
1506 3074 1620 3127 haec
1653 3076 1861 3127 satisfa-

850 3159 1026 3209 ciunt:
1065 3160 1117 3209 in
1151 3157 1343 3227 quibus
1377 3157 1587 3221 malim,
1625 3154 1863 3207 adoleve-

851 3250 972 3290 runt
994 3240 1171 3302 ambo,
1191 3236 1342 3310 fiunt
1371 3238 1610 3309 infames.
1636 3239 1694 3288 ln
1720 3237 1860 3287 infa-

854 3322 1012 3373 miam
1030 3319 1244 3371 adducti
1265 3320 1333 3370 ab
1352 3336 1578 3370 noverca
1595 3316 1858 3384 videntur,

853 3400 1008 3469 quasi
1020 3400 1156 3469 patri
1171 3415 1356 3451 necem
1371 3397 1698 3448 molirentur.
1715 3398 1863 3463 Qua-

853 3495 910 3527 re
934 3477 986 3527 in
1012 3478 1244 3528 Declam.
1266 3490 1371 3541 est,
1398 3497 1422 3521 α
1443 3472 1721 3527 Parricidae
1739 3473 1863 3524 ado-

860 3582 883 3606 «
902 3558 1141 3610 lever-unt
1155 3558 1312 3609 ambo
1327 3579 1372 3608 :n
1394 3575 1457 3608 ex
1473 3554 1861 3607 insimulatione

854 3640 1053 3695 seilicet
1072 3656 1335 3704 timerem,
1356 3652 1408 3691 et
1427 3636 1657 3706 maligno
1678 3654 1862 3689 rumo-

857 3740 913 3773 re
943 3719 1106 3789 vulgi.
1140 3720 1233 3772 His
1271 3731 1446 3770 autem
1485 3714 1771 3767 mendaciis
1807 3713 1863 3765 id

857 3804 1098 3875 quaesisse
1139 3816 1367 3853 noverca
1401 3796 1638 3862 videtur,
1674 3808 1734 3848 ut
1771 3813 1863 3847 eus

857 3900 1025 3952 quum
1052 3879 1292 3944 tolleret,
1316 3877 1401 3929 vel
1426 3878 1480 3927 in
1509 3889 1713 3946 patrem
1740 3875 1865 3926 facti

859 3959 1050 4011 invidia
1071 3955 1558 4021 transferretur‚vel
1575 3967 1628 4006 et
1647 3957 1699 4006 in
1718 3955 1864 4024 ipsos

862 4037 995 4090 adeo
1011 4076 1028 4104 .,
1055 4040 1206 4109 quasi
1233 4036 1539 4108 :egritudine
1565 4055 1632 4087 ex
1660 4036 1866 4087 offensa

862 4118 1024 4187 patris
1041 4154 1057 4182 ,
1084 4117 1166 4168 vel
1197 4116 1382 4168 dolore
1413 4116 1672 4179 infamiae,
1701 4113 1782 4165 vel
1813 4126 1867 4164 et

861 4197 1170 4267 poenitentia
1193 4196 1573 4249 destinatorum
1592 4207 1866 4248 contracta

865 4274 1213 4330 decessissent
1231 4313 1249 4345 ,
1289 4290 1384 4329 aut
1429 4274 1638 4330 sibimet
1680 4293 1866 4330 necem

1938 2765 2333 2817 conscivissent.
2376 2764 2481 2817 Sed
2510 2775 2683 2815 contra
2714 2762 2907 2812 evenit
2925 2782 2946 2822 ;

1940 2860 2101 2914 quum
2125 2841 2207 2895 his
2232 2843 2382 2895 factis
2409 2860 2625 2895 noverca
2648 2858 2699 2892 se
2720 2839 2956 2892 detexe-

1940 2924 2006 2973 rit
2028 2923 2183 2991 patri.
2212 2922 2433 2974 Senum.

2016 3017 2063 3051 2.
2085 2997 2242 3052 Filios
2261 3011 2473 3052 nostros.
2489 3000 2615 3051 Mox
2640 3022 2663 3046 ι
2679 2997 2955 3071 parricide

1948 3102 1971 3126 ι
1990 3081 2147 3132 ambo
2170 3105 2192 3127 ιο
2243 3081 2311 3132 de
2357 3082 2465 3134 filio
2515 3094 2568 3133 et
2612 3080 2733 3134 filia.
2780 3083 2951 3132 Tacit.

1941 3162 2078 3212 Ann.
2100 3161 2222 3226 ΧΠ,
2243 3161 2303 3226 4:
2336 3186 2359 3208 ι
2374 3164 2726 3232 Fratrumque
2746 3179 2861 3211 non
2883 3161 2958 3212 in—

1946 3263 1969 3287 «
1990 3253 2223 3305 cenum,
2261 3241 2356 3294 sed
2388 3243 2766 3295 incustoditum
2800 3260 2958 3292 amo-

1947 3342 1968 3365 ·
1989 3338 2100 3371 rem
2125 3319 2191 3371 ad
2215 3321 2483 3372 infamiam
2505 3322 2681 3373 traxit.
2702 3343 2724 3366 ι
2751 3319 2815 3371 ld
2838 3334 2959 3385 est,

1942 3400 2115 3451 fratris
2149 3413 2202 3451 et
2233 3403 2463 3452 sororis:
2496 3414 2577 3452 est
2607 3403 2683 3453 ita
2717 3414 2774 3452 et
2803 3401 2954 3452 Decl.

1940 3478 2101 3528 me
2130 3478 2248 3529 infr.
2277 3481 2408 3545 Qum
2434 3493 2591 3544 nota,
2620 3478 2717 3532 sed
2742 3478 2835 3531 hic
2864 3497 2955 3531 co-

1940 3558 2155 3629 gitanda
2180 3573 2321 3612 sunt.
2349 3560 2469 3613 Son.
2493 3559 2613 3611 vid.
2640 3560 2711 3612 ad
2726 3561 2953 3627 Quintil.

1942 3639 2068 3691 Inst.
2093 3640 2242 3691 Orat.
2267 3639 2369 3704 lx,
2395 3639 2446 3691 3.
2479 3668 2549 3679 -—
2572 3641 2644 3691 Et
2672 3642 2728 3691 in
2754 3639 2955 3712 suppli-

1941 3717 2033 3771 ciis
2062 3718 2252 3769 docuit.
2286 3719 2429 3787 Lego
2446 3756 2464 3783 ,
2495 3719 2697 3772 didicit.
2726 3721 2807 3771 Ut
2838 3719 2953 3770 velit

1938 3798 2049 3866 jam
2067 3796 2193 3847 olim
2213 3811 2325 3849 arte
2344 3796 2483 3849 iuius
2508 3811 2563 3849 et
2585 3816 2751 3868 opera
2777 3801 2954 3870 periis-

1946 3894 2002 3927 se
2035 3875 2196 3940 alios,
2234 3875 2361 3927 dum
2393 3874 2548 3927 discit
2581 3874 2730 3948 apud
2759 3876 2954 3929 venefi-

1947 3974 2063 4009 cam
2087 3978 2100 4007 z
2127 3956 2293 4027 qualis
2327 3956 2646 4010 describitur
2668 3960 2898 4012 Locusta
2924 3975 2953 4007 a

1943 4036 2129 4086 Tacito
2154 4038 2291 4086 Ann.
2317 4036 2461 4099 xm,
2483 4036 2572 4087 66.
2599 4036 2819 4089 Senum.

2015 4112 2067 4164 3.
2100 4113 2175 4165 Et
2199 4124 2386 4183 praeter
2413 4131 2589 4165 sexum
2624 4115 2820 4183 multo,
2843 4126 2951 4165 etc.

1946 4196 2016 4246 Ut
2061 4193 2171 4247 haec
2218 4208 2632 4262 connectantur,
2678 4196 2825 4267 lege,
2868 4206 2950 4260 et,

1941 4283 2310 4345 praetersexum
2322 4311 2341 4341 ,
2358 4292 2464 4330 non
2478 4274 2646 4328 multo
2650 4275 2829 4348 fratre
2838 4275 2952 4328 sim·
