3200 5117
905 486 1031 569 {248
1475 486 2009 551 CALPURNII
2055 489 2401 554 FLACCI

900 606 1112 705 cepit:
1143 606 1431 704 perinde
1455 620 1474 652 ¹
1500 606 1926 681 beneficium
1965 610 2358 684 hereditatis
2403 612 2553 685 filio
2598 613 2880 704 datur,
2929 644 3045 715 pa·

894 744 1096 795 trono
1138 723 1466 796 redditur.
1506 724 1845 798 Addictus
1888 752 2254 826 nunquam
2295 752 2522 829 sperat
2553 729 3034 805 libertatem:

894 837 1328 936 negligenter
1373 839 1565 910 enim
1618 859 1685 911 et
1733 843 2231 916 contumaciter
2274 845 2479 916 servit
2500 905 2519 935 ‚
2574 846 2711 944 qui
2770 849 3031 921 servire

785 976 790 983 ⁴
892 978 1036 1025 non
1064 954 1272 1025 novit.
1295 953 1490 1044 Quid
1521 954 1696 1026 mihi
1719 954 2199 1031 abdicatorum
2230 958 2510 1060 objicies
2537 961 2799 1060 legem
2820 964 2854 1033 Ρ
2878 991 3021 1062 ego,

889 1067 944 1138 si
973 1067 1167 1164 quasi
1205 1067 1386 1140 filius
1416 1069 1780 1169 experirer,
1811 1071 2059 1144 merito
2090 1093 2167 1145 ut
2193 1070 2551 1147 abdicatus
2581 1077 3015 1174 expellerer.

888 1183 1062 1253 Utor
1090 1183 1355 1279 patroni
1387 1182 1686 1274 actione,
1718 1210 1861 1255 non
1894 1183 2053 1257 filii:
2083 1187 2256 1285 quid
2282 1187 2520 1259 enirn?
2546 1189 2611 1259 si
2642 1216 2815 1262 non
2852 1216 3014 1264 esset

885 1296 1397 1384 manumissus,
1441 1296 1800 1395 peculium
1845 1300 2017 1370 servi
2062 1301 2203 1372 mei
2249 1302 2551 1401 peteres?
2584 1304 2869 1404 Specta
2910 1307 3010 1378 de·

877 1407 1099 1479 functi
1131 1407 1640 1501 conditionem,
1664 1437 1814 1507 quae
1853 1411 1990 1483 fuit
2014 1413 2253 1484 mortis
2281 1434 2630 1514 tempore,
2666 1445 2837 1489 non
2871 1447 3009 1517 quae

887 1523 1268 1622 aliquando
1293 1524 1641 1624 praecessit.
1671 1525 1940 1598 Sistitur
1957 1528 2213 1600 venalis
2234 1550 2445 1629 pater,
2480 1558 2632 1602 non
2661 1546 2691 1577 ²
2728 1534 3005 1607 festinat

890 1637 1006 1709 hic
1043 1639 1268 1711 bonus
1312 1639 1537 1712 filius?
1575 1667 1720 1711 non
1762 1642 2067 1739 denique
2107 1644 2387 1737 metuit,
2425 1673 2515 1718 ne
2554 1648 2793 1721 illum
2835 1652 2996 1723 redi-

885 1774 1033 1825 mat
1059 1754 1456 1827 abdicatus?
1491 1755 1677 1827 filius
1710 1756 2045 1829 incolumi
2074 1758 2399 1857 dignitate
2434 1788 2580 1833 non
2612 1766 2872 1862 potuit
2902 1793 2999 1837 ex·

887 1865 1140 1967 plicare
1162 1866 1215 1958 3,
1248 1888 1594 1965 quantum
1622 1868 1974 1941 abdicatus
1998 1871 2343 1972 explicuit.
2376 1873 2682 1964 Quoties
2705 1905 2791 1950 se
2817 1902 2997 1979 pater

961 2070 1004 2104 1.
1040 2053 1278 2105 Perinde.
1318 2054 1552 2107 Proinde
1585 2056 1891 2130 beneficium

885 2130 1179 2184 hereditatis
1187 2130 1315 2203 filio
1339 2133 1511 2197 datur,
1534 2147 1757 2205 patr-ono
1782 2134 1891 2186 red·

880 2209 1039 2260 ditur.
1065 2211 1212 2261 Ptrn.
1232 2210 1403 2280 Lego,
1423 2211 1641 2281 perinde
1666 2225 1723 2265 ut
1744 2213 1890 2264 bene·

868 2286 1058 2362 ficium
1081 2311 1096 2340 .·
1128 2304 1216 2342 aut
1245 2290 1469 2360 proinde
1494 2310 1593 2361 pro
1624 2294 1789 2364 igitur
1811 2293 1890 2345 le-

881 2367 1146 2437 gendum:
1195 2386 1302 2438 quo
1351 2387 1450 2420 usu
1499 2370 1743 2440 frequens
1792 2383 1885 2422 est.

881 2449 1101 2500 Senum.
1131 2447 1360 2501 Proinde
1383 2448 1547 2501 edidit
1570 2448 1822 2503 Obrecht.

953 2543 1001 2577 2.
1031 2527 1156 2579 Non
1178 2525 1418 2597 festinat.
1442 2520 1548 2579 Vel‘
1573 2526 1853 2598 legendum
1869 2565 1887 2593 ,

882 2622 1008 2657 num
1025 2643 1043 2671 ‚
1078 2604 1158 2656 vel
1191 2603 1426 2657 delendae
1459 2607 1885 2676 interrogationis

883 2696 1040 2735 notae.
1065 2683 1301 2735 Gmnov,

951 2766 1002 2815 3.
1029 2759 1192 2814 Filius
1218 2761 1476 2814 incolumi
1500 2764 1752 2836 dignitate
1779 2784 1886 2817 non

877 2844 1056 2917 potuit
1088 2840 1379 2911 explicare,
1417 2853 1517 2892 etc.
1561 2841 1887 2895 Incolumem

879 2923 1188 2992 dignitatem
1207 2918 1293 2971 hie
1311 2920 1399 2971 isti
1417 2918 1525 2971 filio
1541 2922 1885 2991 pronunciat,

883 3000 1029 3072 quod
1069 2998 1415 3052 abdicationis
1452 2999 1738 3071 ignominia
1776 3017 1887 3051 non

881 3092 960 3132 est
988 3091 1235 3131 notatus:
1266 3075 1623 3146 Quintilianus
1652 3075 1882 3129 Declam.

877 3159 1058 3211 CCLx
1079 3155 1148 3208 de
1172 3153 1459 3207 abdicatis:
1493 3178 1514 3201 ιι
1535 3155 1885 3227 ῙΙΙιιᾶ,ριι·ιιω

885 3250 1007 3290 «est
1043 3237 1216 3288 notari
1250 3235 1500 3288 infamia?
1531 3234 1662 3287 illud
1696 3254 1886 3305 parum

886 3337 910 3361 α
929 3329 1034 3381 est,
1058 3313 1290 3368 exsulem
1312 3331 1427 3366 ease
1444 3313 1637 3367 domus
1656 3333 1788 3381 auae,
1809 3314 1886 3367 la-

885 3416 908 3441 ·-
929 3395 1062 3444 rium
1096 3394 1352 3445 suorum?
1370 3416 1393 3441 ι
1431 3394 1614 3463 Nepos
1644 3393 1713 3445 de
1743 3392 1885 3447 Tbe-

879 3468 1118 3523 mistocle
1148 3472 1287 3523 illius
1318 3471 1374 3522 in
1406 3473 1512 3521 vita
1542 3470 1610 3521 ad
1637 3472 1880 3523 initium:

883 3576 908 3601 a
928 3554 1106 3622 Quum
1135 3553 1307 3603 minus
1334 3550 1591 3623 probatus
1621 3565 1757 3605 esset
1789 3571 1884 3624 pa-

887 3658 911 3682 ·
932 3631 1200 3695 rentibus,
1232 3630 1378 3699 quod
1409 3631 1622 3685 liberius
1647 3631 1885 3700 vivebat,

883 3735 908 3761 ι
929 3725 982 3767 et
1009 3727 1119 3763 rem
1151 3706 1458 3759 familiarem
1489 3708 1821 3780 negligebat,
1852 3729 1883 3762 a

882 3812 907 3837 α
929 3802 1076 3861 patre
1107 3785 1454 3853 exheredatus
1486 3800 1583 3839 est.
1606 3811 1628 3834 ι
1660 3789 1761 3840 Ubi
1794 3808 1883 3841 ex·

876 3868 1185 3923 heredatum
1232 3884 1329 3938 pro
1373 3865 1619 3919 abdicato
1662 3872 1840 3939 posuit
1866 3891 1878 3920 ε

879 3966 987 4016 quo
1022 3944 1261 4015 exemplo
1295 3946 1452 3997 etiam
1484 3944 1703 4013 Quintil.
1733 3946 1876 3999 Decl.

876 4024 1298 4077 uccxxxvmz
1336 4047 1359 4069 κ
1379 4026 1489 4076 Nec
1517 4026 1748 4077 invenire
1775 4045 1880 4098 po-

884 4123 906 4147 «
929 4114 1062 4152 terat
1094 4099 1259 4151 ullum
1290 4102 1487 4154 crimen
1516 4105 1572 4154 in
1605 4106 1741 4169 vita,
1770 4124 1875 4177 quo

1976 2080 1999 2104 ι
2020 2057 2373 2113 exheredandi
2412 2081 2604 2133 genus.
2628 2090 2653 2113 ι
2697 2067 2867 2120 Adde
2900 2072 2994 2122 ne-

1970 2137 2122 2189 clam.
2150 2140 2510 2207 CCCLXXIV,
2532 2142 2684 2195 unde
2708 2163 2887 2198 causa
2908 2166 2995 2218 pa-

1972 2230 2045 2270 tet
2055 2255 2073 2282 ,
2089 2238 2251 2289 quare
2266 2219 2376 2273 haec
2391 2223 2765 2277 confuderint.
2778 2230 2991 2300 Dionys.

1968 2294 2135 2347 Helie.
2159 2296 2232 2359 11,
2257 2316 2341 2367 27,
2362 2298 2429 2351 de
2449 2300 2763 2355 Graecorum
2793 2305 2991 2378 legibus

1968 2386 2021 2425 et
2056 2373 2516 2444 legumlatoribus:
2557 2404 2580 2428 ι
2600 2385 2804 2436 Poenas
2841 2391 2990 2439 etiam

1973 2477 1995 2501 ι
2016 2457 2071 2507 in
2116 2468 2459 2513 contumaces
2504 2460 2643 2514 filios
2689 2478 2990 2520 statuerunt

1974 2554 1996 2578 ιι
2016 2551 2123 2585 non
2139 2553 2321 2604 graves
2333 2542 2723 2608 ,permittentes
2734 2545 2991 2611 patribus

1973 2632 1995 2656 ι
2016 2611 2177 2662 domo
2204 2631 2294 2665 eos
2319 2615 2545 2685 pellere,
2570 2630 2726 2688 atque
2748 2620 2996 2676 exhere-

1974 2710 1997 2734 ·
2018 2689 2144 2742 dare
2157 2711 2173 2752 ;
2185 2704 2436 2762 preterea
2454 2695 2585 2747 nibil.
2603 2719 2628 2743 ι
2646 2698 2853 2749 Totum
2870 2700 2991 2756 hoe

1968 2781 2127 2840 caput
2145 2770 2384 2843 Dionysii
2403 2774 2450 2824 si
2470 2775 2579 2843 quis
2593 2773 2795 2842 videat,
2819 2777 2992 2831 imel-

1966 2844 2091 2915 liget
2111 2882 2127 2910 ,
2173 2848 2444 2917 quomodo
2484 2865 2539 2902 et
2574 2866 2809 2923 paterna
2854 2876 2985 2929 opes

1964 2925 2233 2993 potuerint
2249 2944 2365 2978 esse
2379 2944 2711 3001 consumpte
2723 2932 2887 3001 (vide
2900 2935 2981 2987 fin.

1965 3000 2148 3071 Decl.)
2179 3015 2231 3053 et
2262 3006 2467 3057 ratione
2501 3019 2681 3059 tamen
2715 3009 2849 3064 hnic
2880 3013 2977 3064 filio

1968 3080 2199 3151 objicere
2215 3083 2488 3139 abdicatus
2499 3125 2517 3152 ,
2534 3090 2687 3159 qnod
2700 3110 2815 3145 non
2836 3093 2976 3148 rede·

1965 3163 2120 3212 merit
2133 3175 2352 3232 patrem.
2372 3167 2579 3237 Nempe
2592 3188 2709 3222 non
2726 3187 2785 3222 ut
2798 3174 2977 3227 Roma·

1966 3259 2158 3295 norum
2171 3280 2189 3309 ,
2206 3244 2281 3294 ita
2301 3256 2352 3295 et
2365 3246 2679 3300 Groecorum
2703 3268 2975 3306 consuetu-

1965 3318 2087 3370 dine
2099 3357 2116 3384 ,
2133 3339 2359 3391 quornm
2374 3324 2443 3376 ad
2457 3326 2794 3397 respublicas
2812 3346 2973 3385 retor-

1967 3398 2206 3468 quendus
2249 3400 2335 3452 hic
2377 3416 2457 3455 est
2496 3408 2715 3460 animus
2731 3448 2749 3473 ,
2791 3412 2887 3463 nbi
2916 3413 2970 3465 de

1964 3477 2299 3531 abdicatione
2319 3485 2508 3554 agitur,
2529 3485 2774 3540 filiorum
2793 3488 2965 3545 baben-

1963 3560 2035 3610 tia
2055 3560 2443 3632 intelligebatur
2460 3566 2634 3630 nulla,
2660 3573 2803 3639 quin
2824 3588 2877 3625 et
2894 3593 2961 3646 p·-

1964 3650 2173 3689 rentum
2205 3654 2370 3693 esset:
2408 3662 2503 3695 nec
2536 3649 2812 3702 continuo
2845 3655 2885 3703 si
2909 3650 2960 3702 ad

1962 3727 2332 3785 paupertatem
2374 3718 2751 3791 redigerentur
2792 3748 2963 3800 paren-

1964 3803 2042 3843 tes
2061 3829 2079 3857 ,
2119 3793 2305 3847 eodem
2347 3795 2669 3853 decidebant
2714 3804 2830 3857 filii.
2864 3806 2962 3859 Aru

1960 3873 2119 3942 plane
2141 3874 2332 3929 Grecis
2365 3896 2492 3932 auos
2522 3884 2579 3934 in
2614 3882 2851 3953 liberos,
2881 3909 2963 3941 eo·
3074 3948 3075 3957 ἵ

1960 3969 2185 4022 rumque
2233 3955 2287 4005 in
2333 3955 2473 4010 bona
2495 3996 2513 4025 ,
2558 3973 2804 4031 potestas
2850 3968 2959 4020 fuit.
3074 4000 3075 4019 ;

1959 4032 2827 4103 Quamquaminconsideratesatis
2842 4065 2962 4101 con·
3074 4076 3075 4091 π

1959 4110 2171 4162 trarium
2186 4112 2547 4169 Gothofredua
2562 4133 2766 4174 statuat
2776 4123 2846 4174 ad
2861 4124 2897 4175 l.
2912 4128 2957 4189 3,

883 4202 904 4223 u
927 4175 1255 4235 abdicaretur
1271 4198 1282 4228 :
1300 4180 1570 4233 inventum
1585 4196 1663 4236 est
1680 4202 1876 4244 novum
1956 4187 2021 4238 D.
2042 4187 2107 4242 de
2119 4191 2210 4242 His
2224 4192 2313 4264 qui
2327 4195 2407 4246 sui
2418 4194 2502 4249 vel
2518 4193 2680 4251 alien.
2688 4202 2802 4272 jur.
2820 4217 2953 4273 tunt,
