3200 5117
757 565 1593 639 DECLAMATIONES.
1642 569 2014 634 CCCLIX.
2303 570 2428 656 457

340 696 635 785 possint?
668 719 787 777 en,
827 695 1083 760 etiamsi
1122 716 1256 759 non
1292 694 1549 783 possint
1578 691 1822 774 videri,
1862 710 2083 759 tamen
2121 693 2432 783 quoniam

341 800 427 865 ad
451 825 641 867 usum
656 852 673 880 ‚
706 820 772 867 et
794 817 1257 868 ornamentum
1280 817 1598 866 matronae
1623 801 1830 888 parati
1854 801 2011 878 sint,
2040 799 2106 862 in
2133 800 2434 865 commis-

342 926 524 974 sum¹
555 911 782 976 venire
818 910 1198 1000 potuerint?
1228 932 1312 974 an
1352 911 1420 974 in
1455 932 1650 975 usum
1686 909 1894 998 parati
1932 908 2104 973 sint?
2128 932 2247 990 an,
2284 909 2337 972 si
2366 908 2434 971 in

341 1037 538 1080 usum
558 1017 764 1105 parati
790 1017 947 1097 sint,
974 1039 1111 1092 non
1136 1015 1383 1081 ostensi
1412 1015 1623 1080 teneri
1651 1017 1933 1104 possint,
1955 1038 2164 1104 quum
2188 1014 2435 1079 ostensi

343 1120 512 1184 nihil
530 1120 922 1188 debuerint?
932 1145 1039 1203 an,
1063 1123 1365 1212 quamvis
1386 1119 1660 1186 scrutari
1683 1136 2047 1184 matronam
2066 1142 2202 1184 non
2221 1119 2435 1197 liceat,

341 1227 573 1315 etipsa
602 1229 1026 1316 permittente
1052 1244 1117 1293 et
1141 1227 1497 1316 publicano
1520 1226 1816 1303 licuerit,
1845 1223 2125 1313 perinde
2156 1226 2237 1288 sit
2263 1246 2440 1290 scru-

339 1333 661 1398 tationem
702 1334 1077 1423 permisisse
1095 1382 1112 1411 ,
1152 1356 1230 1397 ac
1267 1356 1409 1397 rem
1453 1330 1863 1398 ostendisse?
1898 1354 1984 1395 an
2027 1313 2291 1394 dimissa
2333 1350 2437 1393 res

340 1440 482 1527 peti
506 1441 752 1529 possit?
772 1464 856 1506 an
880 1439 1021 1506 haec
1047 1437 1314 1506 dimissa
1340 1440 1458 1504 sit?
1480 1439 1657 1503 Dicit
1686 1439 1864 1504 enim
1887 1436 2280 1527 publicanus
2304 1458 2436 1500 non

341 1569 485 1611 rem
505 1598 521 1623 ,
548 1546 666 1612 sed
694 1548 1208 1614 controversiam
1234 1546 1592 1620 dimissam.

344 1815 442 1834 m
449 1815 1708 1837 mmmmm-‘VSM
1716 1813 2448 1837 mmmm„

1181 2017 1616 2096 CCCLX.

815 2248 928 2320 Lis
953 2247 1037 2319 de
1065 2244 1360 2336 dotibus,
1394 2273 1623 2320 socrus
1655 2261 1718 2318 et
1745 2272 1977 2318 nurus.

354 2446 563 2506 anA
601 2464 787 2508 nnio
822 2468 995 2508 noris
1032 2467 1377 2508 unm-ron.
1415 2446 1715 2523 Quaedam
1754 2445 1921 2529 apud
1953 2443 2190 2521 filium,
2221 2447 2447 2508 amisso

432 2543 600 2617 viro,
624 2542 830 2605 dotem
855 2544 1123 2625 reliquit.
1150 2543 1545 2619 Adolescens,
1569 2543 1755 2603 ducta
1779 2564 1971 2603 uxore
1988 2542 2227 2616 dotata,
2254 2541 2450 2602 deces-

432 2639 528 2697 sit.
554 2639 669 2699 Res
694 2638 996 2701 solvendo
1021 2661 1152 2701 non
1177 2654 1287 2702 est.
1315 2640 1720 2701 Contendunt
1742 2659 1952 2700 socrus
1978 2653 2041 2701 et
2065 2660 2289 2714 nurum,
2315 2651 2454 2698 utra

433 2736 708 2818 primum
738 2737 945 2799 dotem
972 2739 1254 2821 accipiat.

1122 2997 1133 3004 ,
1215 2923 1582 2989 SERMO.

417 3112 423 3118 ·
446 3076 799 3144 Mulierem
820 3080 1000 3146 illam
1025 3103 1288 3147 socrum
1316 3103 1521 3145 nurus
1547 3077 1753 3159 dicet,
1780 3077 1953 3144 hanc
1975 3080 2234 3145 ruinam
2258 3081 2457 3168 patri-

357 3187 565 3286 monii
606 3204 758 3275 post
796 3204 1078 3253 mortem
1122 3187 1244 3251 viri
1289 3188 1506 3251 statim
1550 3187 1870 3279 sensisse:
1915 3207 2051 3249 non
2095 3190 2453 3277 sumpsisse

359 3292 615 3372 dotem,
641 3319 726 3360 ne
751 3310 819 3359 et
842 3295 1053 3360 filium
1081 3292 1493 3359 decoloraret
1506 3301 1549 3375 ²,
1583 3309 1651 3357 et
1672 3290 1895 3357 dotem
1924 3314 2194 3382 quoque
2220 3294 2451 3384 perde·

357 3416 479 3464 ret.
513 3403 742 3492 Itaque
772 3405 969 3468 etiam
997 3401 1288 3468 dotatam
1317 3401 1457 3465 filio
1483 3402 1795 3489 quaesisse
1823 3421 2093 3464 uxorem
2111 3450 2128 3480 ‚
2149 3423 2285 3489 quo
2303 3402 2459 3466 faci-

359 3501 487 3569 lius
511 3524 733 3594 posset
755 3508 1008 3573 ruentis
1029 3507 1411 3598 patrimonii
1435 3507 1762 3571 rationem
1788 3503 2039 3569 fulcire.
2067 3504 2314 3584 Addat,
2343 3506 2460 3571 do-

361 3635 549 3677 nasse
574 3613 751 3679 illam
776 3615 914 3680 filio
945 3618 1335 3705 petitionem
1355 3614 1414 3696 33
1446 3613 1681 3692 hodie,
1708 3613 1860 3703 quia
1886 3611 2193 3693 decessit,
2219 3630 2456 3679 retrac-

363 3732 522 3782 tare.
554 3719 681 3784 Sed
708 3738 773 3786 et
797 3722 1194 3811 praescribat.

439 3894 483 3929 1.
509 3878 689 3930 Parati
704 3880 808 3933 sint
828 3882 884 3933 in
903 3882 1246 3934 commissum.
1272 3882 1372 3933 Pa·
1450 3897 1560 3932 non
1593 3897 1708 3931 esee
1736 3877 2010 3931 solvendo.
2045 3878 2123 3930 Ita
2153 3899 2176 3924 ι
2195 3878 2334 3929 fama
2364 3877 2459 3932 de-

360 3957 463 4008 rati
495 3961 628 4022 sim,
669 3958 831 4011 videri
858 3959 1083 4031 possint.-
1130 3978 1199 4010 an
1235 3960 1277 4011 si
1314 3961 1370 4011 in
1458 3958 1692 4011 «colora
1734 3956 1889 4010 Ovid.
1926 3958 2091 4029 Epist.
2127 3957 2230 4023 IX,
2265 3957 2331 4025 4,
2367 3958 2459 4011 ubi

359 4056 509 4090 usum
536 4040 713 4111 parati
739 4042 868 4105 sint,
898 4059 1001 4091 non
1027 4040 1236 4104 ostensi,
1264 4041 1366 4091 AEr.
1451 4040 1604 4111 plura
1629 4038 1891 4090 dicentur.
1917 4041 2084 4090 Eunu.

433 4133 481 4167 2.
512 4117 859 4170 Decoloraret.
890 4119 949 4170 ld
979 4130 1090 4183 est,
1120 4119 1371 4170 infamem
1470 4127 1475 4134 “
1523 4119 1571 4171 3.
1597 4117 1735 4170 Filio
1756 4117 2075 4190 petitionem.
2104 4116 2240 4169 Filio
2259 4119 2462 4191 petitio·

362 4193 636 4262 redderet,
668 4216 737 4248 ne
767 4211 948 4268 posset
981 4217 1198 4249 uxorem
1226 4200 1372 4250 inve-
1451 4217 1569 4249 nem
1592 4235 1609 4261 ‚
1649 4213 1808 4270 quam
1854 4196 2006 4248 hodie
2046 4207 2317 4249 retractare
2354 4199 2460 4249 ini-

364 4275 476 4326 nire
495 4312 513 4340 ,
553 4277 596 4327 si
638 4277 817 4329 statim
857 4278 1189 4351 apparuisset
1204 4316 1221 4346 ,
1257 4296 1369 4331 rem
1450 4296 1614 4351 quum
1639 4289 1739 4341 nt,-
1761 4277 1852 4331 sed
1870 4285 1923 4329 et
1937 4275 2255 4349 proescn'bat,
2278 4272 2460 4328 AErod.
