3200 5117
798 527 1638 595 DECLAMATmNEs.
1685 531 2018 600 cccxv,
2327 540 2454 628 273

365 653 801 728 necessitate:
835 650 1189 752 quaedam,
1223 651 1496 723 etiamsi
1526 650 1728 722 nulla
1756 654 2263 750 significatione
2288 656 2458 758 legis

365 768 866 869 comprehensa
904 767 1075 857 sint,
1111 785 1357 837 natura
1397 786 1634 837 tamen
1674 766 2127 864 excipiuntur.
2175 775 2285 843 An
2325 773 2456 845 hoc

366 885 749 984 cogitatum
776 903 979 971 esset,
1004 901 1084 953 ut
1109 902 1303 980 pater
1329 881 1558 953 filium
1589 880 1971 953 occideret?
2001 906 2078 954 ut
2100 885 2310 958 frater
2332 887 2461 959 fra·

362 1023 542 1075 trem
567 997 950 1072 occideret?
979 1023 1146 1069 nam
1176 996 1250 1068 id
1275 995 1564 1097 quidem
1587 998 1892 1095 profecto
1909 997 2016 1068 vix
2045 1021 2288 1072 natura
2313 1002 2460 1100 ipsa

364 1116 731 1189 videbatur
778 1113 1177 1202 admittere,
1230 1134 1308 1184 ut
1352 1113 1426 1183 in
1473 1111 1722 1185 eadem
1774 1113 1918 1183 acie
1967 1136 2155 1211 pater
2200 1117 2460 1189 fortiter

365 1234 655 1320 faceret,
684 1228 872 1301 filius
896 1211 1259 1300 desereretss
1291 1228 1532 1326 Itaque
1565 1226 1622 1297 si
1659 1225 1834 1298 illud
1866 1253 2008 1298 non
2038 1229 2305 1326 praemii
2336 1257 2461 1303 no-

364 1346 563 1421 mine
593 1366 899 1445 peterem
918 1401 937 1432 ‚
966 1343 1024 1415 si
1049 1341 1247 1414 aliter
1272 1341 1570 1441 gratiam
1599 1340 1775 1412 mihi
1809 1340 2238 1434 retulissetis,
2270 1372 2459 1417 recu-

365 1487 633 1549 sarem;
664 1458 968 1531 dicerem
987 1514 1007 1547 ,
1040 1457 1200 1528 Non
1229 1456 1473 1555 utique
1503 1455 1815 1528 occidere
1836 1455 2058 1530 debeo
2089 1485 2103 1528 :
2136 1458 2295 1559 plus
2326 1481 2459 1552 est,

365 1575 558 1675 quod
577 1595 764 1673 opto.
786 1575 928 1644 Lex
947 1570 1367 1643 desertorem
1401 1591 1466 1642 et
1492 1569 1720 1642 virum
1749 1571 1998 1643 fortem
2029 1574 2457 1648 nominavit:

304 1703 317 1713 ’
362 1712 635 1765 mutata
648 1712 813 1762 sunt
826 1688 1121 1760 omnia¹z
1142 1686 1328 1758 filius
1349 1686 1667 1759 deseruit.
1680 1689 1860 1786 Ergo
1877 1688 2019 1761 haec
2037 1688 2205 1762 dixi:
2227 1692 2456 1765 adhuc

360 1806 658 1878 'debetur
676 1803 853 1876 mihi
879 1800 1350 1901 quodcunque
1370 1801 1777 1900 praemium:
1802 1802 2069 1876 dicetur
2090 1805 2194 1877 vel
2224 1829 2458 1880 contra

363 1920 618 2018 legem.
638 1921 803 1990 Mea
825 1917 933 1989 lex
952 1914 1187 1989 utilior
1210 1937 1308 1989 est
1330 1916 1723 2017 reipublicae
1746 1945 1760 1989 :
1785 1945 1928 1990 non
1953 1919 2193 2019 utique
2218 1945 2456 1996 contra

363 2035 597 2134 legem
630 2054 825 2134 peto,
857 2032 1191 2130 quoniam
1224 2034 1451 2105 multa
1487 2033 1797 2106 accidere
1838 2055 2163 2134 possunt,
2200 2058 2277 2108 ut
2311 2065 2456 2111 non

361 2150 470 2221 vir
512 2149 706 2221 fortis
750 2146 1020 2220 occidat
1051 2173 1067 2216 :
1125 2171 1266 2217 non
1315 2167 1553 2218 contra
1602 2148 1829 2246 legem
1873 2170 2065 2250 peto,
2114 2154 2454 2248 quoniam

362 2264 515 2338 fieri
547 2291 689 2336 non
714 2283 932 2363 potest
948 2319 968 2352 ‚
994 2282 1072 2334 ut
1095 2280 1160 2333 et
1183 2260 1313 2333 hoc
1336 2261 1662 2354 voluerit,
1689 2285 1767 2336 ut
1795 2292 1836 2335 a
1858 2286 2047 2365 patre
2074 2265 2258 2374 filius
2281 2269 2454 2341 occi·

360 2378 586 2451 datur.
622 2376 1032 2449 Renuncio²
1063 2375 1453 2474 reipublicae
1474 2433 1493 2467 ‚
1524 2404 1670 2452 non
1700 2400 1870 2456 utor·
1893 2380 2159 2454 honore
2192 2385 2453 2457 consti—

361 2515 510 2567 tuto
532 2521 546 2565 :
571 2520 781 2566 nemo
802 2511 1128 2591 queretur
1148 2489 1232 2562 de
1250 2490 1623 2592 iniquitate
1638 2494 1903 2593 praemii
1919 2494 2090 2587 mei,
2109 2522 2321 2569 nemo
2339 2526 2454 2572 me

361 2610 787 2710 impotenter
809 2607 910 2679 uti
938 2608 1166 2679 fructu
1189 2605 1524 2680 virtutum
1547 2608 1921 2686 existimet:
1949 2637 2092 2683 non
2115 2612 2251 2684 feci
2272 2612 2455 2685 forti-

362 2746 491 2797 ter:
509 2723 767 2813 erratis,
788 2720 1334 2795 commilitones:
1351 2722 1707 2798 blanditus
1726 2741 1827 2800 est
1843 2726 2019 2798 mihi
2044 2727 2450 2826 imperator:

362 2839 634 2938 decepit
665 2859 729 2909 te
756 2837 947 2908 fama
966 2835 1266 2910 civitatis
1293 2864 1308 2907 ;
1337 2864 1464 2936 ego
1491 2839 1786 2932 fortiter,
1811 2839 2027 2913 homo
2057 2841 2301 2914 senex?
2323 2869 2451 2941 ego

361 2953 649 3043 fortiter,·
671 2951 1028 3024 desertoris
1052 2951 1285 3050 pater?
1302 2955 1392 3025 At
1415 2976 1650 3052 putate
1671 2955 1804 3028 hoc
1829 2983 1943 3029 me
1968 2957 2281 3030 obtinere
2307 2985 2454 3032 non

364 3091 557 3166 posse
588 3092 602 3135 ε
647 3093 789 3138 non
835 3088 990 3138 utor
1031 3065 1292 3138 honore
1317 3067 1628 3160 virtutis,
1669 3097 1813 3142 non
1848 3072 2062 3143 subeo
2090 3099 2306 3145 onera
2326 3074 2452 3144 viri

358 3180 553 3255 fortis
578 3209 592 3251 :
620 3180 831 3254 nolite
855 3181 1036 3253 mihi
1066 3180 1226 3253 dare
1250 3183 1572 3281 praemia3
1600 3211 1744 3256 non
1769 3186 2010 3258 occido
2031 3187 2448 3262 desertorem

358 3318 723 3395 tamquam
740 3296 846 3367 vir
862 3294 1071 3368 fortis,
1090 3295 1451 3367 Demittite
1477 3323 1592 3368 me
1619 3324 1662 3368 a
1681 3299 1926 3371 merito
1946 3326 2136 3373 meo:
2164 3301 2443 3376 liberate

356 3439 472 3485 me
512 3411 802 3485 nomine
836 3438 850 3480 ε
898 3432 966 3514 et
1001 3435 1166 3483 sane
1203 3437 1419 3508 quam
1464 3412 1731 3486 habetis
1771 3414 1983 3487 aliam
2015 3416 2445 3494 vindictam?

432 3617 475 3650 ι.
502 3601 714 3650 Mutata
734 3610 854 3652 stant
875 3599 1070 3652 omnia.
1096 3595 1175 3651 M.
1200 3620 1238 3653 s.
1267 3618 1362 3653 no-
1438 3585 1613 3673 ilicet)
1658 3613 1837 3656 eontra
1883 3602 2043 3677 legem
2062 3608 2089 3657 Ρ
2131 3607 2439 3658 Senonum.

353 3675 531 3740 mina,
561 3676 815 3743 Obrecht.
840 3676 1039 3729 Schult.
1065 3677 1358 3746 retinebat,
1513 3698 1561 3732 2.
1603 3681 1885 3733 Renuncio.
1924 3684 2189 3735 Renum-io
2227 3685 2446 3755 proerm'o

352 3767 408 3806 et
431 3755 583 3808 ovid.
602 3761 689 3810 Tr.
716 3760 765 3822 1,
791 3758 851 3824 8,
877 3775 928 3826 7,
952 3758 1041 3810 ina
1059 3759 1356 3833 adscripse—
1437 3759 1630 3829 reipub.
1655 3759 1834 3811 AErod.
1855 3790 1925 3799 —
1945 3762 2234 3814 Existimet.
2259 3759 2446 3812 Existi-

349 3847 464 3885 ταῖς
500 3857 523 3881 ι
543 3838 731 3889 Omnia
756 3840 869 3907 jam
901 3838 1062 3903 fient,
1095 3837 1205 3889 fieri
1239 3857 1356 3908 quae
1436 3841 1627 3906 mabit,
1645 3841 2218 3910 Francius.—-Decepit
2236 3839 2444 3909 cesama

332 3937 379 3976 ,σι
399 3933 557 3986 posse
595 3917 873 3987 negabam.
896 3943 919 3966 n
959 3948 1032 3957 —
1066 3919 1206 3992 Eryo
1250 3917 1358 3971 hoec
1436 3919 1676 3972 civitatis.
1692 3919 2067 3986 scribendum,
2081 3918 2281 3991 decepit
2300 3918 2444 3989 tefa-

346 3993 478 4046 dixi.
499 3995 641 4067 Eryo
660 3995 767 4050 hoec
788 4008 848 4049 ut
865 3997 974 4049 dixi
987 4034 1004 4060 ,
1022 3995 1193 4049 adhuc
1210 3996 1357 4056 debe-
1434 4016 1550 4064 ma,
1576 3997 1775 4051 civitas.
1806 3997 1971 4051 Grion.
1997 4000 2062 4051 Et
2084 4000 2157 4049 ita
2180 3995 2442 4049 Schultin-

343 4084 494 4127 ntur
511 4077 695 4148 quode.
716 4098 773 4150 p.
800 4097 927 4129 nam
950 4078 1155 4130 dicatur
1175 4096 1222 4130 v.
1243 4095 1287 4128 c.
1314 4077 1351 4129 1.
1434 4081 1550 4154 ffiqt
1582 4092 1636 4130 et
1667 4079 1798 4130 Obr.
1830 4108 1899 4117 —-
1928 4078 2052 4132 Non
2087 4095 2246 4149 posse.
2283 4077 2443 4129 Nunc
2541 4147 2552 4154 .

346 4171 525 4212 verum
549 4173 667 4208 mea
695 4157 808 4224 Iex,
834 4170 937 4209 etc.
958 4153 1139 4209 AErod.
1162 4184 1230 4195 —
1253 4155 1354 4207 122·-
1429 4175 1602 4230 ροβε,
1628 4155 2439 4230 Schultingius.—qufortiter,

345 4247 492 4289 «nur
512 4235 596 4289 vel
616 4249 800 4292 contra
823 4236 1007 4309 leqem.
1032 4236 1227 4292 Dionis
1251 4235 1353 4308 (vel
1372 4239 1413 4268 Χ
1437 4235 1590 4312 hom-o
1610 4238 1795 4290 senex?
1817 4237 1937 4289 Haee
1956 4236 2165 4291 desunt.
2185 4232 2366 4288 AErod.

556 4325 610 4379 6.
2131 4325 2188 4377 18
