3200 5117
802 530 1656 616 DECLAMATmNES„
1688 532 2062 600 cccxvi.
2344 558 2468 628 277

380 655 533 724 bam
556 655 774 739 vobis,
804 675 877 722 ut
901 680 1254 754 personam
1279 657 1705 738 intueremini
1729 659 1899 748 ejus,
1931 658 2109 748 apud
2145 681 2349 749 quem
2374 659 2475 724 di·

380 763 591 832 cenda
612 781 784 831 esset
804 764 1161 834 sententia:
1189 766 1281 829 sic
1300 789 1481 832 nunc
1500 788 1771 856 quoque
1792 765 2185 832 admoneam
2205 791 2475 833 necesse

382 891 508 953 est,
535 891 609 939 ut
637 874 1013 939 intueamur
1041 895 1391 963 personam
1408 924 1425 953 ‚
1451 897 1652 964 quam
1676 871 1869 939 uobis
1896 873 2253 941 induimus.
2283 879 2477 942 Pater

380 979 490 1044 bic
519 978 730 1070 qualis
764 980 903 1043 est?
932 1002 1068 1044 non
1101 1001 1284 1044 acer:
1323 979 1734 1045 luxuriosum
1769 1002 1901 1045 non
1941 978 2299 1060 abdicavit,
2339 1005 2474 1048 non

378 1087 781 1152 conviciatus
801 1095 819 1121 ¹
860 1104 996 1151 est:
1043 1088 1241 1151 etiam
1280 1110 1489 1177 quum
1530 1085 1784 1176 aliquid
1821 1085 2228 1152 admonendi
2271 1092 2478 1176 gratia

381 1194 659 1273 faceret,
689 1196 893 1259 tacuit
930 1210 1188 1273 tamen,
1216 1187 1364 1259 'non
1403 1194 1643 1259 durus:
1678 1193 1863 1258 flevit
1898 1194 2099 1257 enim.
2130 1192 2477 1283 Quidquid

382 1315 609 1367 contra
633 1300 922 1366 colorem
946 1301 1095 1365 talis
1118 1299 1736 1378 animidixerimus‚
1769 1298 2060 1389 quodam
2088 1297 2293 1364 modo
2323 1322 2476 1368 con·

383 1423 483 1469 tra
505 1403 728 1470 thema
753 1403 1069 1471 dicemus
1096 1405 1462 1469 Consilium
1490 1405 1716 1494 itaque
1738 1405 1942 1470 totius
1965 1404 2241 1470 actionis
2268 1426 2346 1467 ex
2373 1404 2475 1469 his

384 1535 622 1601 capere
642 1510 962 1577 debemus
976 1562 993 1591 ‚
1015 1534 1163 1601 quae
1184 1528 1697 1600 praecesserunt:
1721 1509 1883 1599 quid
1906 1510 2085 1576 aliud
2105 1512 2480 1598 praecessit?

382 1616 601 1682 mollis
629 1615 897 1683 invidia.
930 1619 1105 1704 Ergo
1129 1639 1339 1705 quum
1361 1614 1952 1705 approbaverimus
1975 1638 2111 1681 non
2142 1639 2276 1681 uno
2301 1617 2476 1684 facto

383 1721 786 1787 dementiam
811 1744 954 1787 esse
977 1719 1533 1800 convincendam,
1553 1723 1900 1788 veniemus
1922 1720 2007 1788 ad
2032 1720 2337 1787 ordinem
2362 1722 2477 1788 de·

383 1825 727 1892 fensionis.
749 1830 1083 1891 Anteactae
1109 1825 1261 1891 vitae
1283 1827 1448 1891 ratio
1478 1843 1768 1892 constet:
1800 1825 1929 1892 hoc
1957 1848 2097 1892 non
2119 1843 2475 1917 propterea

386 1947 644 1996 tantum
672 1930 1035 1997 dicendum
1067 1948 1200 2010 est,
1227 1930 1409 2021 quod
1441 1933 1535 1998 sic
1568 1930 1842 1998 defendi
1874 1955 2027 1999 reus
2064 1950 2319 2024 potest:
2355 1934 2474 2004 sed

387 2038 591 2114 etiam
611 2034 794 2126 quod
831 2034 1075 2101 invidia
1108 2034 1283 2101 redit
1312 2037 1394 2102 ad
1418 2054 1885 2105 accusatorem.
1911 2039 2151 2105 Omnia
2175 2062 2323 2130 quae
2351 2063 2474 2129 pro

388 2165 460 2209 se
488 2141 754 2221 dixerit,
781 2143 850 2206 in
875 2141 1085 2207 filium
1110 2142 1304 2208 dicet.

1082 2299 1781 2366 DECLAMATIO.

488 2423 686 2513 Quid
708 2423 843 2494 feci
870 2421 1267 2495 dementer?
1275 2422 1554 2524 juvenis
1578 2424 1938 2523 frugaliter
1953 2423 2088 2495 vixi
2106 2442 2139 2513 ζ
2157 2424 2474 2522 patrimo·

364 2535 589 2618 „nium
630 2537 828 2625 auxi,
874 2561 1159 2608 uxorem
1202 2536 1403 2626 duxi,
1445 2537 1679 2610 filium
1725 2536 2010 2629 sustuli,
2054 2535 2245 2608 hunc
2287 2563 2471 2610 amo.

387 2650 627 2743 Flens,
664 2652 922 2748 inquit,
951 2679 1065 2724 me
1090 2678 1214 2752 per
1247 2652 1612 2752 publicum
1639 2653 1983 2752 sequeris:
2015 2672 2334 2752 poterant
2357 2650 2477 2723 illa

370 2786 453 2838 »ει
486 2787 797 2865 separata
833 2765 1116 2838 defendi
1157 2793 1170 2835 :
1212 2791 1382 2837 nam
1420 2771 1658 2866 neque'
1696 2765 2152 2850 admirationi,
2173 2765 2474 2864 profecto

387 2882 718 2980 cuiquam
752 2881 1150 2954 mortalium
1179 2904 1391 2971 esset,
1424 2882 1616 2981 quod
1650 2904 1840 2982 pater
1873 2882 2103 2955 filium
2133 2907 2475 2979 sequerer,

389 3015 456 3066 et
489 3018 808 3095 separatae
843 2998 933 3069 ab
969 2997 1099 3069 hoc
1135 2996 1457 3096 lacrymas
1490 3018 1811 3096 poterant
1843 2996 2060 3070 videri
2101 3023 2245 3068 non
2279 2996 2366 3067 ad
2405 3017 2472 3068 te

390 3110 748 3209 pertinere.
771 3113 936 3204 Sed,
968 3140 1057 3184 ne
1076 3112 1223 3184 ulla
1240 3133 1382 3184 arte
1405 3113 1757 3210 suffugere
1781 3112 2046 3184 crimen
2070 3110 2474 3183 accusatoris

388 3226 526 3297 mei
540 3226 796 3320 videar,
808 3248 1029 3300 totum
1044 3228 1199 3314 hoc,
1213 3227 1403 3325 quod
1422 3226 1772 3327 objicitur,
1784 3227 2473 3327 jungamLacrymae

464 3376 506 3411 ι.
531 3357 656 3414 Non
681 3362 1012 3415 conviciatus.
1032 3361 1156 3414 Non
1175 3362 1391 3413 commi·
1478 3381 1501 3405 ι
1519 3355 1766 3412 omnibus
1789 3357 1871 3410 his
1895 3374 2178 3410 commune
2201 3370 2308 3423 est,
2326 3356 2475 3429 quod

384 3447 536 3491 ἠαιω
565 3450 668 3506 est,
703 3440 807 3493 alii.
845 3469 914 3482 -
948 3440 1099 3511 Quod
1129 3441 1217 3494 sic.
1256 3440 1390 3510 Quia
1477 3460 1499 3483 α
1520 3439 1595 3489 rei
1619 3457 1728 3489 non
1754 3453 1961 3507 semper
1984 3432 2291 3488 defensione
2314 3437 2475 3501 facti,

384 3521 481 3586 sic,
504 3535 555 3573 et
575 3540 696 3573 mox
707 3559 725 3587 ,
738 3522 862 3593 quia
883 3520 1109 3589 invidia,
1126 3520 1304 3574 AErod.
1320 3551 1393 3561 -—
1477 3540 1501 3565 ι
1521 3517 1617 3572 sed
1632 3520 1969 3570 excusatione
1984 3535 2047 3569 ac
2061 3519 2211 3569 venia
2227 3519 2475 3588 frequen·

390 3598 518 3666 Quoe
529 3615 692 3671 prose
705 3598 908 3651 dixerit.
928 3599 1054 3669 Quoe
1067 3617 1166 3672 pro
1183 3618 1234 3652 se
1253 3599 1391 3652 dixe-
1479 3622 1501 3645 «
1520 3611 1599 3649 ier
1621 3611 1874 3649 utuntur:
1905 3611 1984 3649 est
2015 3599 2156 3650 enim
2183 3597 2476 3650 domestica

388 3676 457 3725 rit
478 3677 530 3726 in
540 3673 756 3747 filium,
787 3678 842 3729 in
865 3696 917 3729 se
939 3678 1092 3745 dicit,
1116 3677 1296 3731 AErod.
1322 3708 1393 3717 --
1476 3700 1499 3724 ι
1519 3678 1867 3749 disceptatio,
1888 3679 1943 3728 in
1966 3696 2070 3750 qua
2095 3690 2150 3729 et
2173 3677 2334 3729 semel
2357 3692 2478 3746 pec-

386 3753 465 3805 De
510 3753 610 3806 hac
655 3755 929 3808 dementiae
971 3756 1045 3808 rei
1084 3757 1390 3809 defensione
1476 3783 1499 3808 κ
1519 3776 1694 3823 casse,
1718 3771 1772 3808 et
1794 3775 1892 3828 per
1913 3775 2142 3809 errorem
2160 3793 2177 3822 ,
2202 3769 2255 3807 et
2277 3754 2444 3807 levius
2459 3793 2476 3821 ,

387 3829 469 3882 his
504 3833 673 3885 verbis
715 3836 969 3907 expressit
1006 3835 1243 3888 eamdem
1280 3836 1390 3887 fere
1475 3860 1498 3882 κ
1520 3855 1680 3907 quam
1700 3835 1993 3907 abjiciatur,
2012 3833 2334 3887 absolutioni
2349 3850 2477 3884 non-

388 3915 702 3963 sententiam
719 3913 903 3980 Quint.
926 3915 1049 3964 lnst.
1066 3913 1158 3962 Vll
1173 3950 1189 3978 ,
1210 3912 1242 3977 4
1255 3951 1272 3977 ,
1292 3912 1353 3962 31
1374 3932 1387 3961 x
1477 3939 1499 3960 ι
1520 3932 1794 3984 nunquam
1810 3913 2023 3965 sufficit.
2046 3936 2069 3959 ιι
2093 3915 2136 3964 E
2152 3910 2346 3981 quibus
2357 3908 2476 3981 pln-

393 4013 416 4035 ι
434 3990 574 4040 Reus
605 3990 950 4062 (dementiae)
987 3992 1193 4062 quoties
1231 4007 1389 4042 causa
1470 3997 1599 4046 rima
1628 3995 1859 4047 sermoni
1887 3995 2038 4046 istius
2068 3991 2474 4045 Declamationis

393 4092 415 4115 ιι
435 4071 694 4141 patietur,
723 4072 942 4126 debebit
973 4088 1086 4124 esse
1116 4073 1169 4122 in
1204 4070 1390 4124 defen·
1470 4075 1659 4128 referri
1685 4073 1842 4126 facile
1871 4071 2256 4144 deprehendes.
2285 4073 2376 4125 Eo.
2405 4103 2476 4112 —-·

393 4175 415 4197 ι
436 4153 585 4204 sione
604 4153 938 4218 moderatus,
959 4153 1084 4224 quia
1102 4151 1211 4204 fere
1235 4155 1312 4205 ira
1338 4166 1390 4205 et
1469 4155 1722 4205 Poterant
1747 4150 1842 4203 illa
1871 4162 1922 4203 et
1946 4170 2049 4223 sep.
2075 4153 2186 4224 Bip.
2214 4148 2337 4202 edit.
2363 4159 2474 4223 pot.

391 4250 415 4275 ι
435 4234 723 4285 concitatio
776 4233 944 4283 furori
990 4244 1111 4283 sunt
1157 4232 1346 4284 similia
1372 4253 1388 4293 ς
1471 4232 1564 4284 ista
1588 4242 1641 4283 et
1659 4250 1760 4305 sep.
1786 4233 1963 4282 nescio
1992 4249 2096 4301 quo
2121 4229 2276 4283 ‹lut-e.
