3200 5117
792 549 1642 619 DECLAMATIONES.
1688 553 1954 621 CCCV.
2295 560 2422 625 223

323 675 721 750 infelicibus
745 697 921 767 erat,
948 677 1169 750 facere
1193 677 1383 775 quod
1402 676 1644 749 velles:
1674 706 1888 778 quam
1906 684 2424 756 contumaciam

321 791 569 864 vicisti!
597 791 983 892 'Proponite
1002 793 1201 892 ignes
1224 807 1271 884 ¹,
1292 814 1360 865 et
1379 794 1775 867 constituite
1796 817 1959 868 ante
1981 799 2222 871 oculos
2248 799 2427 872 illud

324 907 608 979 crudele
649 907 1170 1005 spectaculum3
1213 907 1579 981 sedentem
1620 908 1812 981 hunc
1852 908 2095 1001 altius,
2130 929 2427 987 armatos

325 1021 505 1094 circa
528 1049 788 1095 servos:
815 1049 1046 1122 neque
1069 1022 1264 1095 enim
1290 1022 1599 1122 profecto
1624 1023 1776 1096 sine
1801 1025 2120 1123 praesidio
2145 1054 2425 1128 magno,

325 1137 479 1208 sine
531 1159 718 1209 certa
768 1137 1133 1210 securitate
1186 1139 1449 1211 ferrum
1496 1138 1854 1220 commisit
1903 1139 2231 1213 inimicis.
2279 1145 2427 1234 Qui

326 1251 529 1324 dolor
573 1253 1039 1343 miserorum,
1084 1253 1277 1352 quod
1328 1278 1761 1353 quenquam
1807 1255 2255 1329 vulnerarent
2304 1260 2430 1332 isto

325 1366 701 1466 praesente?
733 1371 1022 1440 Certum
1052 1367 1318 1456 habeo,
1368 1390 1437 1440 et
1477 1368 1787 1440 hortatus
1822 1388 1961 1458 est,
2009 1390 2076 1440 et
2122 1370 2434 1445 laudavit

324 1483 575 1579 ilium,
611 1485 732 1582 qui
766 1486 957 1582 prior
991 1484 1365 1583 percussit:
1401 1484 1645 1556 omnia
1679 1482 1847 1556 licet
1872 1485 2152 1575 feceris,
2185 1508 2435 1560 neuter

322 1618 568 1670 tamen
603 1598 913 1671 amicum
953 1623 1163 1669 suurn
1200 1597 1595 1688 occidisset,
1635 1596 1771 1670 nisi
1813 1597 2045 1672 scisset
2072 1599 2429 1701 expedire,

323 1735 411 1787 ut
442 1735 733 1814 uterque
769 1734 1175 1786 moreretur.
1202 1714 1274 1785 Si
1306 1713 1487 1786 bene
1510 1714 1924 1788 miserorum
1954 1716 2432 1792 innocentiam

322 1831 496 1903 novi
535 1859 549 1901 :
596 1855 743 1902 non
784 1850 1059 1902 tantum
1093 1828 1216 1900 tibi
1237 1885 1259 1918 ,
1292 1849 1641 1926 quantum
1675 1850 2070 1929 optaveraS,
2099 1833 2385 1932 contigit
2413 1861 2430 1907 ε

326 1966 837 2020 concurrerunt
863 1945 1199 2018 lateribus
1228 1946 1475 2017 nudis:
1503 1945 1742 2018 omnia
1773 1967 1849 2019 tu
1883 1946 2043 2020 licet
2070 1949 2434 2021 crudeliter

330 2062 862 2160 excogitaveris,
896 2064 1214 2134 fecerunt
1239 2081 1474 2134 tamen
1506 2062 1774 2134 bonum
1806 2063 2228 2163 exemplum.

327 2246 698 2318 satisfacerent.
734 2249 1007 2319 Proprium
1035 2243 1257 2300 verbum
1288 2248 1345 2299 in
1424 2244 1589 2299 vol-it
1606 2269 1620 2298 e
1646 2261 1839 2320 nempe
1862 2261 1921 2301 ut
1945 2248 2077 2300 alter
2100 2247 2322 2302 alterum
2349 2269 2435 2303 oc·

326 2327 732 2401 gladiatoribus.
753 2328 889 2381 Vide
921 2328 1140 2381 Obsen.
1179 2329 1252 2394 11,
1292 2347 1341 2381 2.
1425 2324 1679 2377 ciderent.
1708 2329 1890 2397 Itaque
1914 2345 2036 2378 cum
2059 2341 2187 2378 nota
2210 2327 2432 2382 admira·

327 2413 499 2466 Goon.
519 2441 589 2450 —-
607 2409 789 2463 Gloria
808 2408 1106 2482 infelicibus
1122 2418 1235 2462 erat
1249 2409 1346 2481 sa-
1424 2408 1585 2460 tionis
1634 2407 2006 2479 accipie-dm
2051 2406 2186 2459 mad
2210 2429 2226 2460 τ
2270 2429 2430 2481 quam

328 2514 469 2558 cere,
496 2493 638 2566 quod
661 2492 835 2545 velles.
862 2494 983 2545 Non
1009 2491 1248 2562 loquitur
1277 2489 1344 2543 de
1424 2490 1804 2542 contumaciam
1851 2489 2055 2542 vicisti!
2100 2490 2264 2543 Gnon.
2308 2493 2434 2546 Nou

330 2589 473 2630 statu
488 2572 805 2637 infelicium,
821 2573 874 2623 in
893 2591 999 2643 quo
1016 2584 1142 2623 tunc
1158 2584 1337 2623 erant:

332 2654 428 2708 sed
456 2655 512 2706 in
539 2669 646 2723 quo
676 2653 889 2703 fuerant
916 2663 1041 2703 ante
1070 2647 1343 2717 exsilium,

333 2752 500 2805 quum
526 2732 734 2784 fortiter
760 2743 812 2782 et
842 2730 1224 2782 contumaciter
1250 2727 1348 2781 ad-

334 2828 516 2863 versus
552 2807 767 2861 divitem
807 2807 1099 2860 simultates
1137 2823 1347 2860 exerce-

334 2905 470 2945 rem.
494 2891 659 2963 Igitur
675 2887 1047 2943 scribendum:
1073 2889 1214 2961 quod
1234 2885 1347 2941 nol·

341 2973 430 3026 les.
448 2974 586 3025 Tum
607 2973 749 3025 enin
773 2969 1021 3024 omnibus
1048 2968 1224 3024 diviti·
1253 2989 1346 3022 vo·

341 3049 631 3102 luntatibus
684 3048 1129 3114 adversabantur,
1186 3064 1345 3122 atque

344 3143 467 3182 eum
503 3149 811 3203 oppugnare
844 3131 947 3185 sibi
978 3130 1154 3203 gloria
1187 3130 1346 3183 duce-

343 3211 493 3264 bant.
540 3215 689 3266 Hanc
729 3215 1116 3266 contumaciam
1161 3229 1349 3265 eornm

343 3294 467 3344 vicit
489 3290 652 3357 dives,
674 3292 1036 3358 subactorum,
1060 3305 1119 3343 ut
1137 3291 1346 3346 tandem

344 3370 545 3443 aliquid
566 3370 787 3439 veneat,
813 3369 960 3442 quod
988 3372 1103 3441 ipse
1132 3388 1349 3442 quoque

1410 2570 1592 2642 facere
1619 2567 1764 2642 quod
1785 2566 1974 2636 velles,
1999 2565 2131 2623 Obr.
2157 2600 2226 2608 —
2254 2565 2438 2623 Facere

1423 2651 1565 2724 quod
1609 2650 1768 2706 velles
1787 2672 1805 2702 .·
1851 2667 2008 2724 quant
2054 2653 2434 2706 commodam

1424 2731 1745 2783 vicisssNam
1755 2730 1990 2797 volebat,
2003 2749 2096 2783 eos
2111 2733 2269 2783 nori:
2288 2731 2437 2802 quod

1426 2831 1590 2884 quum
1638 2813 2029 2866 contumaciter
2073 2832 2180 2864 non
2230 2833 2437 2870 recusa-

1422 2905 1579 2958 rent,
1611 2892 1738 2945 vicit
1779 2907 1964 2944 eorum
2004 2893 2433 2945 contumaciam=

1424 2970 1553 3024 dnm
1571 2970 1679 3023 huc
1701 2990 1794 3025 eos
1816 2969 2022 3041 adegit,
2039 2983 2101 3023 ut
2118 2984 2292 3024 essent
2313 2973 2437 3044 ipsi-

1427 3062 1534 3101 met
1554 3051 1926 3102 interfectores
1951 3049 2051 3101 sui.
2077 3050 2258 3102 AEnon.

1504 3146 1549 3179 1.
1576 3127 1863 3199 Proponite
1887 3128 2042 3198 ignes.
2070 3128 2233 3199 Lege,
2252 3147 2438 3202 propo·

1426 3211 1535 3261 nite
1566 3210 1753 3282 iqitur:
1791 3225 1900 3259 non
1933 3209 2076 3259 enh
2109 3206 2232 3273 hic,
2264 3224 2322 3262 ut
2355 3227 2437 3264 su-

1426 3307 1527 3360 pra
1544 3326 1563 3354 ,
1609 3290 1788 3358 agitur
1830 3286 1897 3339 de
1939 3305 2167 3340 carcere.
2215 3289 2432 3346 Senum.

1427 3369 1614 3435 Forte,
1633 3367 1938 3440 proponite,
1948 3368 2176 3441 judices,
2198 3384 2297 3424 etc.
