3200 5117
1251 532 1344 595 M.
1391 531 1642 595 FABII
1686 529 2319 613 QUINTILIANI

747 662 907 729 Post
937 653 1302 727 adversum
1340 653 1655 753 praelium
1694 652 1922 752 (quod
1957 652 2241 751 quidem
2276 652 2446 751 ipsi,
2478 653 2599 750 qui
2634 652 2841 728 rebus

749 770 1057 871 Philippi
1099 771 1364 857 favent,
1404 768 1640 841 dolore
1683 796 1760 840 ac
1801 768 2200 840 rumoribus
2245 768 2317 840 in
2358 770 2585 870 majus
2620 771 2843 841 extol-

748 887 942 981 lunt)
975 912 1115 956 non
1153 911 1395 982 pacem
1437 884 1761 982 petiistiS,
1810 910 1950 954 non
2001 882 2087 955 de
2128 883 2641 956 conditionibus
2679 885 2842 957 ullis

752 1028 918 1075 cum
955 999 1186 1072 hoste¹
1223 999 1582 1072 tractastis:
1627 999 1809 1097 ipsos
1844 999 2049 1070 etiam
2083 999 2452 1096 repetendo
2496 1001 2839 1100 οερῑίνοε,

749 1117 883 1190 hoc
918 1113 1338 1203 ostendistis,
1370 1140 1610 1185 curam
1644 1140 1788 1185 esse
1820 1113 2050 1203 vobis,
2087 1134 2163 1185 ut
2201 1114 2465 1185 bellum
2504 1114 2646 1213 geri
2688 1143 2847 1214 pos-

700 1219 707 1226 ⁰
751 1251 869 1302 set.
912 1229 992 1301 ld
1030 1255 1252 1327 quum
1289 1228 1543 1301 fecistis
1572 1255 1696 1327 pro
1732 1229 2078 1329 majorum
2109 1250 2482 1301 vestrorum
2511 1231 2840 1328 opinione

753 1367 959 1445 atque
1006 1344 1255 1434 laude,
1299 1365 1695 1441 servataque
1744 1370 1961 1443 usque
2004 1345 2090 1415 ad
2135 1343 2267 1416 hoc
2312 1367 2585 1443 tempus
2627 1346 2842 1445 gloria

754 1460 1075 1551 civitatiS,
1100 1480 1252 1531 tum
1279 1459 1523 1549 etiam,
1553 1479 1633 1530 ut
1655 1457 1968 1545 arbitror,
1993 1458 2256 1530 ratione
2281 1460 2624 1557 quadam,
2650 1461 2841 1557 quod

755 1602 883 1647 nos
919 1576 1165 1664 victos,
1209 1602 1352 1646 non
1393 1595 1536 1654 tam
1568 1574 1815 1646 virtute
1848 1574 2100 1662 hostis»,
2132 1601 2347 1672 quam
2392 1602 2629 1647 eorum
2655 1633 2675 1666 ,
2716 1576 2838 1674 qui

756 1718 1066 1790 pugnare
1113 1691 1532 1781 noluissent,
1584 1690 1831 1772 timore
1879 1689 2385 1762 existimabatis.
2435 1691 2844 1780 Quamlibet

756 1807 963 1904 igitur
990 1806 1290 1906 obliquis
1321 1804 1714 1877 actionibus
1742 1830 1898 1904 pars
1921 1803 2216 1893 diversa,
2243 1804 2417 1874 dum
2441 1803 2619 1874 tueri
2649 1802 2841 1875 mille

759 1922 916 1994 istos
956 1923 1251 2021 captivos
1283 1922 1575 2009 videtur,
1620 1947 1861 2020 pacem
1909 1919 2191 1992 suadeat
2213 1951 2231 2007 3
2266 1920 2590 1990 animum
2628 1920 2846 1991 virtu-

757 2057 1044 2135 temque
1082 2035 1374 2128 civitatis
1406 2034 1759 2107 debilitare
1792 2055 2113 2106 conetur:
2159 2060 2284 2129 ego
2323 2034 2610 2133 loquor²
2655 2035 2841 2132 apud

762 2178 908 2234 eoS,
934 2151 1054 2250 qui
1081 2177 1220 2223 non
1245 2150 1667 2225 defecerunt.
1693 2149 1826 2222 Sed
1852 2150 2070 2221 multa
2095 2169 2208 2222 me‘
2234 2148 2619 2240 dicturum,
2645 2177 2842 2249 prop-

759 2287 861 2338 ter
882 2265 1071 2364 quod
1088 2264 1116 2311 3
1135 2266 1501 2366 approbari
1521 2266 1733 2365 possit
1756 2265 2015 2365 rogatio
2042 2292 2198 2336 mea
2212 2321 2231 2352 ,
2252 2264 2564 2337 oratoriis
2582 2265 2839 2337 artibus

763 2380 1103 2479 impedire
1131 2408 1287 2480 pars
1316 2382 1580 2455 diversa
1606 2401 1926 2453 conatur:
1959 2400 2163 2478 negat
2195 2380 2387 2451 enim
2419 2382 2842 2479 rogationem

763 2516 1004 2578 contra
1052 2496 1233 2595 leges
1275 2496 1753 2596 accipiendam
1782 2553 1801 2588 ,
1860 2518 2069 2594 negat
2117 2497 2437 2568 adversus
2488 2495 2841 2592 singulos:

761 2635 1065 2708 quorum
1085 2638 1210 2710 ego
1231 2633 1607 2710 utrumque
1628 2613 2261 2700 confiteor.Verum
2282 2636 2503 2707 neque
2518 2610 2840 2680 adversus

761 2725 948 2823 leges
988 2752 1132 2798 esse
1171 2727 1518 2817 existimo,
1552 2726 1895 2826 quidquid
1928 2753 2050 2826 pro
2094 2726 2417 2825 opinione
2456 2750 2531 2795 ac
2566 2749 2687 2822 pro
2730 2722 2838 2794 di-

762 2842 1019 2941 gnitate
1063 2840 1347 2913 civitatis
1387 2841 1762 2942 patimur4,
1811 2862 1876 2914 et
1918 2843 2031 2913 cui
2075 2842 2276 2913 nulla
2322 2841 2427 2912 lex
2465 2837 2708 2938 scripta
2760 2864 2844 2909 ex

762 2956 1102 3029 contrario
1138 2977 1386 3030 exstat:
1424 2983 1590 3029 nam
1628 2957 1683 3029 si
1720 2957 1910 3055 quod
1940 2978 2041 3029 est
2066 2956 2216 3057 jus,
2247 2983 2389 3055 quo
2420 2954 2848 3056 eontinentur

750 537 876 625 392

770 3148 794 3172 ι
812 3142 1012 3196 gnosco
1026 3163 1042 3191 .,
1080 3127 1250 3197 inquit
1264 3163 1281 3193 ,
1322 3124 1715 3198 Cappadocem.
1736 3150 1760 3174 ι

764 3203 871 3254 Uni
894 3202 1010 3254 vide
1035 3205 1324 3255 Heinsium.

1853 3147 1875 3171 κ
1900 3126 2117 3177 comites
2150 3124 2402 3196 belloque
2433 3125 2676 3195 fretoque
2704 3123 2846 3176 Defi-

1852 3205 2057 3255 «ciunt.
2080 3226 2102 3249 n
2140 3202 2255 3253 val.
2294 3203 2435 3255 Flac.
2474 3205 2562 3268 lv,
2598 3201 2703 3254 35:
2744 3201 2845 3251 «ln

845 3301 888 3335 1.
927 3287 1055 3336 Cum
1095 3284 1234 3336 hoste
1269 3284 1538 3336 tractastis,
1572 3285 1763 3336 sustin.

766 3360 937 3412 XXXI
948 3399 965 3426 ‚
983 3380 1032 3431 7,
1054 3379 1083 3430 7
1100 3378 1115 3412 ε
1137 3365 1356 3433 *Neque
1373 3361 1438 3414 de
1456 3362 1763 3414 redimendo

774 3458 797 3483 a
818 3435 926 3487 filio
954 3455 1186 3507 unquam
1211 3442 1466 3491 tractavit.
1490 3462 1512 3486 ι

840 3529 888 3563 2.
905 3512 1019 3584 qu
1037 3510 1236 3584 loquor.
1255 3518 1366 3591 qu
1387 3528 1558 3568 tamen
1580 3515 1769 3587 loquar

766 3589 914 3660 apud
926 3588 1154 3657 animos,
1175 3593 1269 3663 qui
1283 3611 1337 3642 n.
1356 3593 1407 3646 d.
1426 3594 1643 3646 Senum.
1664 3592 1767 3645 Sed

769 3681 822 3720 et
834 3664 1045 3739 deficere
1064 3670 1164 3739 ipsi
1179 3670 1273 3720 viri
1291 3669 1557 3738 dicuntur,
1575 3671 1766 3742 quibus

770 3752 973 3802 animus
993 3749 1160 3816 cadit,
1175 3752 1403 3820 Flor.11‚
1421 3772 1448 3805 2
1463 3792 1480 3822 ‚
1509 3772 1592 3825 17:
1617 3777 1639 3799 α
1657 3756 1768 3805 Nec

775 3851 797 3876 a
817 3831 1034 3883 deerant
1063 3833 1152 3902 qui
1179 3833 1295 3903 ipso
1323 3835 1519 3904 punico
1554 3834 1766 3884 nomine

776 3932 799 3957 α
817 3930 879 3963 ac
911 3926 1109 3965 terrore
1138 3912 1440 3966 deficerent.
1464 3938 1486 3962 n
1515 3912 1765 3980 Ovidius,

769 3989 931 4059 Epist.
969 3990 1123 4056 xlx,
1157 3990 1222 4043 8:
1265 4015 1286 4037 a
1308 3990 1589 4055 Ποθαίου),
1624 3992 1769 4062 parvi

775 4090 799 4114 ι
820 4074 1068 4143 temporis
1093 4070 1230 4124 adde
1253 4090 1451 4124 moram
1471 4092 1484 4122 ε
1508 4059 1529 4118 ι’·
1555 4070 1648 4123 uhi
1674 4073 1770 4124 mi-

769 4140 908 4200 nime
934 4147 1147 4221 deficior
1170 4148 1452 4221 legendum
1477 4169 1591 4203 esse
1616 4164 1767 4222 puto.

770 4225 896 4278 Met.
917 4227 1056 4294 XIV,
1074 4228 1207 4295 483:
1240 4254 1262 4278 ιι
1283 4231 1477 4284 Ultima
1494 4235 1606 4303 jam
1627 4233 1770 4303 passi

1851 3307 1874 3331 ι
1893 3285 2037 3337 duris
2059 3282 2205 3335 haud
2227 3301 2460 3355 unquam
2478 3282 2663 3336 defice.
2686 3306 2710 3330 ι
2732 3284 2847 3356 Ego

1846 3364 2051 3438 loquar,
2078 3377 2129 3416 et
2155 3364 2438 3436 defecerint
2448 3393 2469 3433 5
2496 3363 2660 3416 habet
2690 3364 2847 3415 etiam

1845 3444 2026 3496 AErod.
2056 3445 2221 3495 Banu.

1917 3525 1966 3577 3.
1991 3520 2169 3575 Multa
2189 3541 2271 3573 me
2290 3521 2411 3575 dict.
2424 3560 2442 3587 ‚
2459 3520 2844 3594 propterquod.

1846 3602 1952 3654 Cur
1974 3621 2083 3653 non
2097 3638 2116 3666 ‚
2134 3613 2347 3672 propter
2364 3620 2494 3674 quoe.
2522 3603 2593 3652 Ut
2617 3614 2670 3652 et
2686 3618 2840 3651 mox:

1847 3681 2099 3733 rationem
2113 3682 2267 3731 etiam
2283 3716 2301 3744 ,
2317 3690 2532 3752 propter
2545 3697 2721 3751 quam.
2746 3677 2843 3728 Gn.

1846 3789 1913 3798 —
1940 3760 2066 3810 Pars
2086 3757 2298 3810 diversa.
2328 3755 2437 3829 Rip.
2463 3756 2586 3808 edit.
2612 3773 2734 3828 pars
2752 3755 2847 3806 ad-

1848 3856 2005 3891 versa.
2021 3839 2112 3888 En.
2125 3867 2194 3876 —
2205 3838 2457 3891 Adversus
2468 3835 2714 3910 singulos.
2724 3838 2774 3886 V
2774 3835 2843 3887 id.

1848 3918 1993 3971 Decl.
2019 3920 2230 3972 chlv.

1919 3997 1970 4062 4,
2021 3998 2253 4050 Civitatis
2287 3998 2532 4068 patimur.
2579 3996 2845 4062 Facimus,

1848 4093 2011 4144 marg.
2040 4076 2213 4128 AErod.
2242 4077 2482 4128 Patimur
2504 4087 2556 4127 et
2582 4094 2701 4127 cum
2727 4094 2779 4126 n.
2808 4075 2846 4126 Ι.

1850 4153 2029 4206 AErod.
2050 4153 2107 4206 Οἱ
2110 4155 2278 4207 vitatis
2284 4154 2517 4225 facimus
2532 4152 2554 4224 (
2567 4155 2664 4206 nisi
2679 4171 2849 4223 graeco

1852 4250 1999 4286 more
2029 4234 2303 4303 sumatur)
2333 4245 2382 4287 et
2415 4232 2535 4285 huic
2561 4229 2716 4284 nulla
2746 4231 2847 4285 lex.
