3200 5117
785 565 933 644 283,
1284 563 1379 625 Μ.
1428 558 1679 623 FABn
1724 556 2366 642 QUINTILIANI

781 677 1113 785 cuiquam
1162 704 1463 757 vestrum
1501 682 1772 783 justum
1819 680 2032 752 videri
2087 699 2309 778 potest
2332 735 2351 769 ,
2407 698 2485 750 ut
2535 680 2872 752 censeatis

781 801 1202 873 adulterium
1237 823 1381 868 esse
1406 796 1586 867 inter
1609 794 1939 884 crimina,
1973 792 2423 893 parricidium
2451 792 2631 866 inter
2657 795 2874 867 male-

781 915 1003 989 dicta?
1030 939 1308 987 causam
1339 911 1567 984 dicere
1597 909 1917 983 adulterii
1942 909 2100 983 volo
2120 924 2168 996 ¹;
2205 908 2338 981 hoc
2367 930 2501 998 est,
2527 910 2734 1008 periit
2759 909 2873 982 ille

784 1032 970 1105 testis
1015 1057 1029 1102 :
1087 1028 1266 1102 mihi
1320 1044 1556 1100 autem
1604 1047 1804 1101 vacat
1847 1027 1978 1099 hoc
2023 1046 2339 1126 tempore
2386 1051 2628 1098 curam
2676 1052 2873 1126 agere

783 1145 1019 1219 lectuli
1042 1142 1224 1216 mei?
1243 1141 1417 1215 flens
1437 1162 1506 1214 et
1527 1142 1740 1213 orbus
1766 1167 2039 1239 querar,
2066 1138 2257 1239 quod
2276 1166 2449 1212 uxor
2472 1167 2629 1212 mea
2651 1140 2872 1216 alium

785 1263 1154 1351 amaverit,
1205 1258 1422 1331 alium
1474 1258 1649 1330 mihi
1702 1257 2125 1358 praetulerit?
2164 1259 2406 1356 Egone
2446 1258 2674 1357 priore
2716 1260 2875 1357 qui-‘

788 1379 950 1451 dem
985 1399 1295 1476 tempore
1331 1374 1514 1446 istud
1553 1373 1820 1452 crimen
1858 1372 1946 1445 ad
1975 1367 2289 1475 judicem
2324 1371 2869 1472 ²perduxissem‚

789 1493 920 1566 nisi
948 1490 1138 1592 quod
1163 1490 1415 1562 sciebat
1438 1488 1626 1561 filius
1653 1487 1889 1560 meus?
1913 1488 1967 1559 si
1991 1487 2372 1560 amisissem
2397 1507 2671 1560 tantum
2701 1488 2876 1587 opti-

790 1633 992 1679 mum
1012 1607 1385 1707 juvenem,
1421 1622 1733 1675 excusate
1769 1621 2041 1692 tamen,
2084 1602 2417 1674 omnibus
2457 1601 2611 1674 aliis
2653 1602 2873 1674 causis

791 1720 1578 1795 renunciarem.Verum
1611 1717 2092 1791 confitendum
2121 1738 2249 1807 est,
2280 1719 2427 1816 Ego
2459 1718 2717 1810 occidi,
2745 1745 2868 1818 ego

790 1836 911 1935 qui
950 1836 1187 1935 palam
1224 1832 1621 1923 nominavi,
1655 1832 1776 1932 qui
1811 1859 2099 1905 omnem
2123 1831 2375 1932 judicii
2403 1832 2650 1933 prioris
2682 1833 2863 1905 fidu-

788 1951 967 2024 ciam
1008 1951 1080 2022 in
1123 1949 1256 2021 hoe
1293 1975 1434 2021 esse
1469 1949 1820 2021 confessus
1857 1974 2037 2020 sum.
2068 1949 2224 2019 Tua
2256 1973 2461 2046 porro
2496 1947 2667 2045 quid
2697 1947 2872 2021 inte-

785 2065 957 2139 rest?
992 2086 1182 2137 utere
1214 2062 1347 2135 hoc
1380 2082 1791 2161 argumento
1822 2120 1842 2153 ,
1882 2062 2073 2162 quod
2107 2061 2236 2134 tibi
2266 2061 2566 2163 objicere
2599 2060 2868 2136 adulte-

786 2183 971 2254 rium
1013 2180 1262 2252 noluit.
1297 2182 1487 2252 Pone
1525 2179 1658 2252 hoc
1701 2178 1878 2252 inter
1916 2177 2316 2282 praejudicia
2347 2177 2864 2253 ³accusationis.

784 2361 891 2412 scia
913 2360 1145 2413 futuram
1168 2360 1305 2413 hanc
1332 2362 1444 2413 sine
1467 2374 1602 2414 teste
1625 2378 1785 2413 accu-

782 2439 1064 2492 sationem:
1091 2439 1145 2491 in
1169 2458 1297 2510 qua,
1319 2442 1361 2492 si
1384 2458 1449 2491 ex
1470 2452 1643 2492 vetere
1664 2458 1788 2492 eon·

1862 2363 2094 2434 privatos
2113 2363 2339 2434 parietes
2356 2359 2702 2414 vindicassem
2722 2379 2785 2412 ex
2800 2360 2871 2411 le-

1863 2440 2018 2511 gibus
2047 2440 2258 2493 Romuli
2287 2454 2341 2494 et
2367 2442 2569 2493 Numae.
2595 2441 2775 2492 AEnon.
2799 2444 2880 2481 —'

780 2516 1063 2570 suetudine
1086 2518 1188 2589 (de
1213 2530 1315 2592 qu'a
1338 2520 1524 2572 Cicero
1550 2539 1649 2591 pro
1672 2521 1784 2574 Coe-

781 2594 924 2667 cina)
951 2615 1015 2649 ea
1042 2615 1191 2648 mora
1218 2596 1558 2663 adhibeatur,
1584 2618 1701 2670 qun
1727 2601 1784 2654 in

782 2674 1027 2727 omnibus
1076 2675 1189 2728 aliia
1238 2675 1374 2729 solet
1423 2678 1785 2732 criminalibus

780 2754 983 2820 causis,
1004 2755 1121 2806 fore
1144 2756 1352 2807 interim
1373 2769 1574 2826 speret,
1595 2770 1653 2808 ut
1673 2774 1785 2808 rno-

781 2835 947 2884 riatur
970 2841 1264 2885 aecusator.
1294 2836 1368 2887 Ex
1392 2832 1474 2885 his
1497 2847 1684 2905 aperta
1706 2849 1785 2888 est

778 2932 965 2966 eorum
999 2932 1114 2985 quae
1146 2927 1441 2984 sequuntur
1476 2916 1788 2985 interpreta-

781 2995 885 3059 tio,
912 2993 1127 3044 Causam
1160 2993 1326 3045 dicere
1352 2992 1602 3046 adulterii
1630 2994 1748 3047 volo
1764 3034 1782 3062 ‚

783 3072 881 3124 hoc
893 3082 991 3137 est,
1004 3072 1162 3144 periit
1179 3070 1271 3123 ille
1287 3073 1433 3126 testis.
1451 3074 1629 3126 AEnon.
1648 3074 1785 3125 Ante

780 3171 940 3224 quam
970 3151 1039 3202 ad
1065 3164 1408 3205 accusatorem
1439 3162 1726 3205 transeatur
1750 3173 1783 3204 a

780 3242 916 3284 teste.
944 3233 1021 3283 lta
1044 3245 1096 3283 et
1117 3230 1430 3285 Thaddaeus.
1451 3233 1673 3285 Sensus:
1696 3251 1786 3285 an-

784 3324 991 3383 tequam
1028 3330 1112 3364 me
1145 3330 1359 3384 quoque
1391 3330 1596 3365 veneno
1629 3312 1783 3365 tollat

781 3386 985 3452 mulier,
1009 3404 1069 3440 ut
1100 3388 1279 3442 filium.
1311 3389 1436 3442 Ideo
1466 3389 1670 3444 dixerat
1691 3410 1783 3444 an-

782 3476 863 3517 te:
897 3487 918 3511 a
938 3468 1164 3537 Cogitat-i
1188 3467 1254 3520 de
1278 3470 1381 3522 vita
1404 3488 1616 3540 aequum
1639 3484 1733 3523 est.
1754 3495 1776 3519 ι

780 3543 997 3597 Fallitur
1020 3547 1294 3615 AErodius,
1329 3551 1450 3619 qui,
1485 3550 1551 3602 ab
1577 3568 1784 3602 accusa·

782 3634 890 3676 tore
918 3634 1209 3678 transeatur
1232 3627 1301 3678 ad
1324 3637 1513 3680 testem.
1540 3628 1778 3680 Gnouov.

847 3722 867 3755 ι
882 3706 1117 3759 Causam
1126 3706 1293 3759 dicere
1305 3706 1549 3759 adulterii
1559 3707 1781 3760 volo.Tu

778 3782 986 3850 mulier,
1006 3783 1164 3836 dicis:
1197 3787 1414 3838 Causam
1437 3786 1604 3838 dicere
1624 3786 1780 3839 adul·

780 3863 899 3914 teria·
930 3863 1060 3915 volo.
1097 3864 1212 3916 Hoc
1242 3864 1461 3936 perinde
1495 3877 1598 3932 est,
1633 3867 1782 3939 quasi

778 3940 996 3995 insultes
1028 3942 1188 4011 mihi,
1210 3957 1263 3995 et
1294 3941 1474 3997 dicas:
1502 3945 1660 4016 periit
1689 3943 1784 3996 ille

780 4022 917 4072 testis
938 4021 1033 4073 tibi
1052 4026 1267 4076 unicus:
1289 4027 1400 4095 jam
1422 4025 1674 4077 damnare
1697 4042 1781 4076 me

780 4116 888 4149 non
913 4114 1082 4170 potes.
1107 4100 1274 4155 Gnort.

856 4194 903 4229 2.
929 4178 1253 4246 Adjudicem
1271 4181 1639 4253 perduxissem.
1664 4183 1782 4235 Dis-

783 4253 1107 4309 simulassem
1119 4258 1258 4312 hanc
1269 4261 1342 4330 inj
1348 4263 1515 4313 uriam
1524 4298 1541 4329 ,
1551 4262 1633 4314 vel
1646 4264 1782 4314 intra

1862 2521 1922 2574 Si
1940 2522 2218 2574 amisissem
2248 2532 2422 2573 tament
2449 2521 2702 2593 optimam
2720 2522 2872 2589 juve-

1866 2618 2001 2652 nem,
2036 2599 2171 2652 Vide
2213 2618 2281 2652 an
2322 2602 2393 2651 ita
2432 2596 2867 2668 qualitercunque

1864 2679 2068 2732 restitui
2082 2680 2250 2750 possit
2262 2718 2280 2746 ,
2294 2679 2351 2733 Si
2364 2698 2411 2730 a.
2436 2689 2501 2730 ta.
2521 2695 2603 2747 op.
2611 2677 2864 2748 juvenem

1864 2778 1928 2809 ex
1955 2755 2064 2811 alia
2087 2779 2242 2814 eausa
2268 2775 2424 2832 quam
2453 2768 2541 2809 tua
2555 2794 2573 2822 ,
2597 2753 2861 2818 omnibus,

1865 2852 1966 2890 etc.
1993 2840 2174 2891 AEnon.
2199 2840 2307 2908 Qui
2329 2834 2516 2902 edidit,
2543 2834 2588 2889 ri
2606 2855 2656 2885 a.
2685 2845 2865 2885 tamen

1865 2919 1979 2990 o.j.
2011 2937 2074 2969 ex
2101 2938 2252 2971 causa
2282 2929 2330 2969 te
2357 2927 2530 2968 tamen
2555 2932 2607 2965 ο.
2635 2933 2687 2965 a.
2714 2932 2758 2965 c.
2785 2931 2868 2965 re-

1862 2995 2183 3047 nunciarem.
2217 3025 2291 3035 —
2316 2993 2643 3048 Adulter-ima
2675 2991 2865 3044 noluit.

1862 3072 2045 3127 Nolui.
2077 3075 2304 3129 Scnqu.
2343 3075 2446 3146 Qui
2473 3084 2508 3125 t.
2545 3094 2591 3127 ο.
2624 3094 2672 3125 a.
2704 3071 2868 3124 voluit

1862 3173 2059 3208 veneno
2078 3168 2311 3209 mortuus
2328 3167 2415 3209 est.
2441 3155 2590 3206 Pone
2615 3153 2698 3204 hic
2717 3152 2867 3203 inter-

1860 3251 1975 3302 pres
1996 3234 2189 3286 indicia
2211 3254 2262 3285 a.
2289 3231 2469 3287 AErod.

1934 3313 1984 3365 3.
2010 3314 2159 3386 Pane
2182 3313 2266 3365 hic
2291 3314 2541 3385 interpres
2564 3312 2756 3365 indicia
2779 3328 2866 3362 ae·

1862 3392 2155 3445 emtionis.
2195 3392 2462 3458 verbnm,
2500 3393 2771 3463 interpres,
2812 3392 2868 3442 in

1863 3483 2063 3522 textum
2097 3489 2126 3522 e
2157 3474 2393 3543 margine
2424 3471 2723 3523 traductum
2757 3482 2864 3524 est:

1862 3562 1985 3601 sunt
2026 3551 2164 3600 enim
2197 3569 2378 3602 revera
2411 3548 2522 3602 haec
2552 3568 2663 3601 non
2695 3546 2870 3601 decla-

1861 3628 2080 3695 mantis,
2100 3627 2194 3680 sed
2211 3630 2543 3700 interpretis,
2559 3641 2619 3680 ut
2639 3626 2737 3679 alia
2758 3625 2872 3699 ple·

1859 3723 2051 3777 raque,
2086 3721 2201 3778 quc
2231 3704 2421 3759 latiore
2454 3705 2730 3759 intervallo
2765 3704 2866 3757 ad-

1859 3788 2176 3840 notavimus.
2201 3787 2373 3839 Filum
2395 3789 2556 3858 igitur
2579 3787 2834 3840 orationis
2849 3823 2868 3850 ‚

1861 3879 1920 3918 ut
1950 3864 2161 3919 brevior
2192 3869 2291 3932 sit,
2315 3867 2676 3934 Quintilianus
2707 3868 2870 3918 inter-

1861 3947 2084 4017 rumpit,
2105 3959 2157 3998 et
2181 3945 2330 3999 locos
2353 3946 2612 3998 duntaxat
2633 3943 2868 4014 discipu-

1859 4024 1924 4079 liz
1958 4024 2207 4078 ostendit.
2240 4027 2339 4079 Hic
2371 4027 2597 4078 affectus
2614 4061 2631 4092 ,
2664 4024 2866 4093 inquit,

1857 4122 2071 4157 movere
2086 4117 2300 4177 oportet
2315 4126 2328 4156 ι
2349 4123 2415 4156 eo
2432 4106 2508 4156 uti
2522 4111 2833 4173 argumento
2848 4123 2864 4151 ι

1857 4181 1985 4234 talia
2005 4182 2092 4235 hie
2113 4200 2411 4256 apponere:
2437 4181 2707 4235 narrandis
2725 4177 2868 4232 indi-

1863 4261 1956 4315 ciis
1997 4262 2157 4334 liujus
2196 4265 2578 4330 accusationis,
2618 4263 2688 4314 ita
2722 4276 2866 4332 qun-
