3200 5117
756 572 881 635 280
964 633 967 638 ,
1258 567 1352 630 Μ.
1400 565 1653 630 FABII
1698 564 2328 648 QUINTILIANI

1444 772 2143 846 D‘ECLAMATIO.

849 951 995 1040 Qm
1022 970 1110 1021 AB
1137 967 1369 1021 uos'rss
1395 968 1869 1022 PnovocA'rus
1894 968 2046 1021 Nom
2075 966 2558 1041 PUGNszmT,
2584 968 2843 1023 offrre

753 1087 1140 1140 PUNIATUR.
1191 1069 1274 1138 In
1307 1065 1642 1138 omnibus
1678 1065 1969 1164 quidem
1996 1062 2266 1162 legibus
2300 1064 2519 1137 solam
2553 1068 2847 1164 spectari

750 1201 1023 1280 oportet
1070 1178 1428 1252 scribentis
1459 1179 1890 1252 voluntatem
1927 1206 1941 1248 :
1986 1177 2192 1249 verba
2232 1178 2426 1249 enim
2465 1179 2842 1277 ambigua,

751 1295 910 1367 etin
931 1294 1166 1396 plures
1182 1294 1578 1367 intellectus
1605 1293 1810 1366 ducta
1829 1305 2043 1365 surm:
2066 1292 2589 1367 scribendarum
2604 1291 2843 1393 legum

751 1438 999 1500 causa,
1034 1409 1350 1482 voluutas
1378 1410 1514 1481 fuit
1545 1437 1561 1480 :
1599 1435 1762 1506 ergo
1798 1408 1869 1480 id
1903 1434 2130 1479 unum
2163 1410 2450 1507 spectari
2483 1410 2844 1499 convenit,

749 1545 1029 1624 propter
1074 1523 1265 1623 quod
1306 1523 1570 1622 scriptae
1617 1545 1799 1596 sunt.
1836 1522 2068 1623 Hujus
2120 1543 2353 1594 autem
2403 1522 2572 1622 legis
2606 1525 2841 1596 mani-

751 1643 1006 1713 festum
1045 1662 1178 1731 est,
1218 1639 1398 1711 hanc
1434 1640 1865 1711 voluntatem
1906 1666 2083 1728 esse,
2127 1637 2225 1710 uti
2275 1639 2628 1738 puniatur,
2664 1667 2842 1739 quo-

750 1757 874 1829 ties
902 1757 1354 1828 commissum
1382 1777 1513 1845 est,
1548 1776 1832 1856 propter
1861 1754 2051 1853 quod
2075 1755 2446 1827 constituta
2470 1782 2672 1854 poena
2705 1778 2834 1828 est:

752 1900 1258 1973 supervacuum
1286 1873 1860 1972 supplementum
1886 1891 2006 1943 est.
2028 1872 2124 1943 Ut
2151 1892 2392 1943 contra
2414 1871 2621 1944 verba
2645 1872 2842 1945 inter-

751 1986 1041 2087 pretatio
1080 2009 1432 2085 sequatur,
1477 1986 1745 2087 aliquid
1785 1986 2190 2084 frequenter
2230 1985 2540 2059 accidere
2584 2005 2837 2085 potest,

752 2128 975 2202 quum
1009 2100 1080 2170 in
1114 2100 1265 2172 aliis
1296 2099 1590 2200 legibuS‚
1622 2121 1775 2172 tum
1808 2099 1882 2170 in
1913 2098 2041 2171 hac
2070 2098 2412 2198 praecipue
2441 2126 2456 2168 ε
2491 2100 2842 2198 fingamus

753 2217 944 2288 enim
980 2217 1068 2288 ab
1099 2216 1292 2289 hoste
1326 2238 1778 2317 provocatum
1812 2216 2132 2315 aliquem'
2153 2241 2456 2315 aegrum:
2493 2215 2840 2315 fingamus

753 2357 1199 2434 provocatum
1217 2362 1408 2425 eum,
1424 2335 1547 2434 qui
1567 2334 1882 2434 proximo
1895 2333 2131 2432 praelio
2149 2333 2545 2406 debilitatus
2564 2334 2684 2423 sit;
2715 2335 2840 2406 fin-

753 2476 999 2548 gamus
1030 2476 1172 2521 esse
1200 2469 1684 2548 provocatum,
1710 2473 1927 2547 quem
1950 2448 2320 2547 imperator
2344 2448 2418 2519 in
2445 2448 2655 2520 aliam
2680 2476 2840 2547 par-

752 2583 892 2634 tem
911 2562 1362 2662 expeditionis
1378 2564 1475 2634 ire
1486 2563 1515 2663 j
1528 2564 1796 2635 usserit:
1818 2563 2124 2662 profecto
2140 2563 2460 2638 adversus
2475 2564 2710 2636 nemin
2719 2591 2834 2636 em

752 2677 1008 2750 horum
1052 2678 1230 2749 actio
1264 2705 1343 2749 ex
1384 2678 1512 2750 hac
1547 2679 1699 2778 lege
1735 2679 2029 2751 dabitur.
2073 2680 2288 2780 Atqui
2326 2679 2498 2751 mihi
2536 2678 2694 2749 satis
2731 2700 2836 2750 est

754 2793 1063 2884 efficere,
1099 2814 1179 2864 ut
1210 2793 1418 2865 alicui
1454 2785 1596 2866 non
1627 2802 1945 2894 'pugnare
1983 2794 2226 2867 liceat:
2262 2822 2423 2867 nam
2457 2792 2511 2866 si
2549 2792 2673 2865 ulli
2706 2820 2836 2891 po-

753 2929 879 2980 test
912 2907 1060 2978 dari
1094 2907 1238 2978 haec
1268 2908 1467 2980 venia
1488 2966 1506 2996 ,
1542 2936 1690 2980 nou
1725 2909 2183 3001 dubitabitur,
2211 2910 2385 3008 quin
2415 2908 2584 3010 patri
2611 2907 2833 2980 detur.

753 3025 889 3098 Sed
922 3047 1297 3125 antequam
1340 3048 1668 3100 naturam
1696 3028 2028 3119 defendo,
2074 3027 2505 3130 imperatoris
2534 3027 2688 3099 volo
2720 3026 2840 3098 de-

751 3140 1033 3211 fendere
1074 3140 1487 3240 dignitatem
1519 3170 1533 3212 :
1570 3143 1916 3216 contendo
1956 3144 2138 3216 hanc
2178 3142 2409 3244 legem
2457 3142 2548 3215 ad
2588 3140 2838 3218 milites

752 3256 1134 3351 pertinere;
1174 3245 1485 3354 primum
1520 3257 1708 3357 quod
1749 3258 1925 3330 iuter
1955 3258 2083 3330 hos
2120 3259 2260 3330 fere
2294 3256 2685 3357 provocatio
2716 3255 2838 3344 sit;

754 3366 1008 3440 deinde
1056 3370 1396 3466 quoniam
1440 3369 1852 3469 legumlator
1900 3399 2294 3471 numquam
2342 3373 2649 3473 profecto
2695 3393 2832 3442 tam
2943 3449 2952 3456 ‚

754 3481 1078 3590 iniquus‘*
1136 3484 1306 3572 fuit,
1356 3506 1432 3555 ut
1481 3485 1854 3583 periclitari
1902 3514 1982 3558 ex
2028 3509 2275 3560 eventu
2323 3513 2580 3586 pugnae
2628 3485 2835 3556 unius

830 3662 873 3699 ι..
898 3643 1070 3696 Ducta
1096 3655 1229 3696 sunt.
1264 3647 1383 3698 scil.
1415 3646 1483 3698 ab
1513 3645 1754 3699 adversa-
1835 3666 1957 3700 cum
1987 3650 2197 3718 Bipout.
2233 3648 2329 3699 Eu.
2352 3676 2425 3686 --
2461 3646 2627 3698 Unius
2652 3647 2834 3697 ciuita-

750 3727 856 3777 riis.
879 3728 959 3776 An
979 3724 1231 3776 ductilia?
1248 3744 1312 3777 an
1332 3727 1521 3779 dubia?
1542 3747 1610 3779 an
1634 3729 1756 3780 duct*
1837 3738 1936 3778 tem
1986 3744 2341 3797 summamque
2385 3724 2694 3797 reipublic‘oe.
2743 3725 2838 3777 Su·

746 3803 1564 3880 posmnt?Scnu1:r.—-Utcontm
1583 3808 1750 3858 verba.
1834 3807 2010 3877 spicer
2047 3806 2315 3877 scripsisse
2353 3817 2658 3867 auctorem,
2703 3820 2838 3854 sum-

752 3885 925 3954 Quum
961 3893 1137 3934 eonem
1159 3920 1175 3946 ,
1215 3885 1361 3934 verba
1403 3884 1752 3957 interpretatio
1835 3884 2480 3958 mamque'rempublieam
2510 3881 2684 3935 vellet.
2706 3880 2836 3933 Vide

747 3972 1014 4033 sequatur,-
1030 3964 1130 4014 nisi
1146 3962 1301 4014 aliter
1315 3963 1757 4037 quidfmquenter
1834 3962 1902 4016 ad
1921 3963 2149 4028 Livium,
2168 3962 2261 4014 lib.
2283 3962 2477 4026 XXVI,
2499 3979 2580 4014 10.
2601 3961 2834 4013 Gnonov.

749 4040 976 4091 accidere
999 4050 1191 4110 potest5
1218 4053 1276 4092 ut
1298 4059 1482 4111 quum,
1509 4056 1610 4093 etc.
1635 4043 1748 4093 Suu.
1832 4072 1903 4082 -—
1922 4043 2068 4094 Inter
2081 4042 2385 4113 praecipuas.
2410 4042 2578 4111 Lege,
2602 4042 2735 4091 inter
2747 4057 2829 4109 pr.

822 4135 869 4166 ’3-
892 4120 1197 4189 Numquam
1209 4119 1442 4190 profecto
1457 4131 1564 4169 tam
1584 4122 1756 4172 inimi·
1835 4120 2041 4174 viantes
2062 4133 2134 4172 est
2157 4122 2555 4190 imperatorum,
2580 4137 2682 4171 non
2701 4133 2836 4187 puy-

724 4189 853 4243 ‘cus.
878 4195 1011 4262 Lege
1028 4208 1088 4246 ut
1104 4213 1296 4266 supra,
1315 4195 1459 4247 Decl.
1476 4197 1751 4249 CCCXIII:
1834 4215 1960 4252 nare
1980 4200 2287 4274 aliquando.
2315 4199 2432 4251 Sive
2454 4201 2616 4250 mavis
2629 4234 2646 4260 ‚
2670 4197 2838 4267 impe-

758 4292 779 4316 c-
799 4272 926 4323 Tam
942 4277 1154 4345 iniquus
1170 4297 1183 4336 3
1200 4300 1223 4321 n
1247 4275 1392 4344 quod
1406 4290 1459 4328 et
1473 4276 1752 4332 maluimus
1833 4283 2045 4348 rator-is,
2069 4294 2161 4333 aut
2185 4280 2559 4353 imperatorias,
2583 4279 2749 4332 Gnou.
