3200 5117
774 562 1609 632 DECLAMATIONES.
1658 508 2146 629 CCC-XXXII·
2374 571 2498 637 355

416 715 572 762 cera
618 715 813 788 paene
859 712 1015 760 mea
1070 684 1144 758 in
1192 704 1564 784 conspectu
1613 705 1837 770 vestro
1886 707 2070 759 sunt.
2122 690 2255 762 Iste
2303 690 2501 767 heres

415 805 644 877 adhuc
683 830 828 875 non
874 799 1209 876 ostendit¹
1249 820 1764 876 testamentum.
1802 801 1940 873 Sed
1987 801 2129 875 scio
2167 831 2314 877 non
2360 833 2505 881 esse

416 919 764 1019 praesentis
787 915 1112 1016 temporis
1132 915 1701 1014 disceptationem
1717 973 1736 1007 ‚
1765 937 1919 987 uter
1945 939 2321 992 mereatur:
2349 923 2508 997 satis

419 1035 610 1108 enim
635 1033 950 1106 voluntas
983 1029 1291 1102 defuncti
1323 1029 1822 1129 comprehensa
1851 1029 2106 1102 tabulis
2133 1054 2232 1104 est
2251 1061 2277 1103 z.
2306 1035 2510 1108 insti-

417 1171 604 1223 tutus
633 1176 701 1221 es
729 1148 960 1248 primo
987 1147 1138 1221 loco
1161 1145 1396 1217 heres:
1434 1143 1786 1230 non‚facio
1828 1144 1957 1218 tihi
1998 1145 2192 1218 istius
2228 1147 2509 1223 honoris

416 1264 966 1338 controversiam.
1014 1260 1363 1352 Quaeritur
1402 1259 1608 1334 hodie
1633 1311 1652 1348 ,
1688 1258 1859 1355 quid
1902 1259 2151 1334 debeas
2193 1263 2408 1336 mihi:
2453 1266 2509 1338 si

407 1377 678 1478 judicia
700 1405 858 1452 mea
886 1376 1210 1450 adversus
1236 1374 1547 1448 amicum
1576 1374 1762 1446 intra
1790 1374 2099 1472 legatum
2134 1378 2508 1470 stetissent,

414 1493 723 1592 legatum
745 1521 786 1564 a
808 1513 877 1564 te
907 1512 1253 1590 peterem:
1293 1489 1623 1564 heredem
1654 1489 1981 1564 omnium
2008 1491 2356 1564 bonorum
2388 1494 2514 1566 ha-

414 1610 540 1682 hui
555 1666 574 1698 ,
598 1610 730 1682 hoc
751 1630 827 1686 ut
848 1608 983 1684 sim
1011 1606 1304 1706 postulo.
1327 1608 1422 1677 Ut
1445 1606 1951 1704 scriptum-non
1982 1628 2183 1700 esset,
2206 1608 2473 1709 judices
2489 1670 2508 1703 ,

418 1726 748 1823 iniquum
786 1744 931 1798 crat
961 1723 1196 1798 offerri
1227 1721 1440 1812 mihi,
1475 1743 1821 1821 quantum
1852 1723 2122 1815 habeo,
2154 1745 2511 1826 tamquam

417 1839 508 1928 is,
539 1838 662 1939 qui
695 1839 1063 1912 defunctus
1095 1857 1232 1925 est,
1272 1836 1417 1909 dari
1454 1838 1631 1909 mihi
1657 1838 1975 1938 jusserit,
2004 1861 2351 1936 quantum
2385 1867 2512 1942 ego

418 1954 520 2028 illi
555 1955 714 2029 dare
754 1979 1065 2053 possem:
1103 1952 1349 2051 ingens
1383 1975 1615 2026 autem
1651 1954 1907 2028 horum
1941 1956 2339 2029 differentia
2370 1981 2509 2032 est:

419 2070 490 2143 id
511 2069 686 2144 mihi
705 2069 853 2142 dari
878 2068 1112 2169 jussit,
1139 2068 1326 2166 quod
1353 2095 1480 2166 ego
1507 2069 1611 2141 illi
1636 2097 1794 2143 meo
1810 2091 2223 2144 testamento
2247 2072 2510 2146 darem.

419 2187 580 2258 Non
610 2185 825 2258 habet
858 2184 929 2256 in
958 2183 1092 2256 hoc
1125 2183 1771 2282 interpretationem
1805 2186 2092 2276 modus,
2131 2201 2513 2286 ²quantum

421 2300 830 2399 pensatione
861 2319 1160 2387 constet3
1195 2298 1552 2370 numerari
1586 2319 1841 2398 potest,
1871 2321 1939 2371 et
1971 2301 2211 2400 recipit
2236 2323 2514 2403 eompa-

420 2415 806 2490 rationem:
855 2412 1047 2512 quod
1095 2412 1418 2510 reliquit,
1460 2435 1807 2512 quantum
1858 2415 2006 2488 fieri
2055 2437 2317 2514 potest,
2362 2418 2513 2490 dari

417 2529 680 2604 voluit:
726 2530 969 2602 eadem
1012 2529 1109 2601 rei
1155 2549 1403 2602 natura
1445 2549 1566 2599 est.
1599 2531 1850 2627 Itaque
1894 2530 1951 2600 si
1994 2530 2095 2601 illi
2136 2531 2510 2631 pecuniam

418 2666 829 2720 testamento
853 2672 1014 2718 meo
1047 2645 1389 2744 legassem
1409 2701 1428 2734 ,
1459 2644 1841 2744 pecuniam
1864 2666 2204 2744 peterem,
2232 2673 2363 2719 nec
2385 2649 2515 2720 fer-

419 2788 568 2833 rem
616 2781 684 2833 te
726 2760 1013 2834 dantem
1055 2787 1180 2861 pro
1222 2758 1522 2859 pecunia
1565 2757 1880 2857 aliquid,
1918 2760 2109 2858 quod
2142 2781 2318 2833 esset
2358 2781 2516 2833 tan-

420 2877 776 2948 tumdem:
803 2877 860 2949 si
886 2877 1327 2976 mancipium
1350 2875 1813 2974 veliquissem,
1842 2877 2275 2976 mancipium
2307 2875 2516 2953 debe·

425 3015 564 3079 res;
590 3017 717 3064 nec
748 2992 1003 3066 diceres
1027 2992 1246 3088 mihi;
1273 2990 1530 3090 Accipe
1564 3012 1829 3092 quanto
1864 2992 2046 3064 istud
2070 3013 2206 3065 est:
2238 2994 2313 3066 id
2333 2994 2511 3078 mihi

425 3102 566 3176 dari
581 3104 813 3204 jussit,
835 3105 1022 3205 quod
1049 3132 1177 3204 ego
1199 3104 1305 3176 illi
1331 3103 1590 3175 darem.
1615 3104 1815 3193 Quid
1838 3131 1963 3201 ego
1987 3126 2230 3180 autem
2255 3106 2511 3181 dabam

425 3221 570 3293 illi?
593 3222 1080 3312 hereditatem3
1105 3221 1279 3319 quid
1306 3219 1501 3319 petoi>
1529 3219 2011 3311 hereditatem5
2040 3221 2210 3319 quid
2237 3224 2516 3324 scripsi?

422 3338 606 3410 bona
646 3338 921 3428 omnia3
969 3338 1139 3437 quid
1174 3336 1447 3409 vindico
1489 3334 1707 3406 mihi?
1748 3335 1936 3407 bona
1980 3336 2237 3409 omnia.
2267 3339 2513 3413 Voluit

421 3452 649 3526 simile
697 3478 840 3525 esse
870 3451 1225 3554 judicium
1270 3473 1483 3523 suum
1523 3475 1681 3542 meo
1725 3469 2174 3541 testament03
2220 3471 2286 3524 et
2326 3479 2511 3554 quo-

423 3564 805 3638 dammodo
848 3566 1115 3638 invenit
1157 3565 1497 3637 rationem
1519 3620 1538 3654 ‚
1579 3589 1720 3660 qua
1753 3584 1982 3660 posset
2007 3562 2322 3663 judicare
2356 3587 2513 3665 post

501 3734 545 3768 1.
567 3718 673 3769 Iste
697 3719 836 3772 lieres
855 3719 1029 3772 adhuc
1056 3740 1161 3772 non
1189 3720 1422 3774 ostendit.
1504 3726 1627 3781 test,
1662 3728 1762 3767 etc.
1793 3715 2009 3769 Senum.
2045 3718 2351 3771 Pensatt‘om‘
2381 3735 2510 3772 con·-

423 3797 660 3870 Supple‚
695 3815 881 3870 peetus
922 3821 1075 3855 suum
1095 3840 1112 3868 ‚
1153 3820 1250 3853 nec
1292 3819 1424 3852 con·
1501 3807 1626 3862 stet,
1660 3795 1842 3848 AErod.
1877 3795 2179 3850 Obrechtus
2215 3800 2289 3849 ita
2318 3796 2510 3850 distin-

422 3879 698 3930 scientiam
727 3897 877 3931 snam
911 3895 961 3933 et
992 3882 1272 3933 amicitiam
1300 3897 1424 3949 erga
1500 3878 1614 3947 guit
1632 3916 1649 3943 ,
1671 3878 1851 3930 modus
1866 3915 1885 3943 ‚
1914 3889 2171 3950 quantum
2196 3896 2251 3949 p.
2284 3887 2509 3929 constet.-

421 3958 636 4012 divitem
683 3962 939 4031 protulit,
989 3981 1094 4034 qua
1140 3974 1426 4014 meret-etur
1505 3959 1773 4010 numerari
1807 3969 2009 4029 potest,
2055 3973 2159 4011 etc.
2202 3987 2277 3998 -
2308 3959 2510 4010 Eadem

418 4041 640 4093 institui.
668 4043 845 4094 AEnon.
881 4043 988 4111 Qui
1016 4041 1176 4112 legit,
1209 4059 1315 4093 non
1349 4059 1427 4094 os·-
1505 4038 1593 4090 rei.
1634 4039 1704 4090 Ut
1737 4037 1915 4092 eadem
1953 4058 1994 4090 r.
2031 4058 2084 4092 n.
2119 4045 2256 4092 σείει.
2292 4038 2510 4092 Senum.

422 4120 614 4172 tendit.-
636 4122 855 4174 ostendit
870 4122 1123 4174 duntaxat
1143 4129 1424 4174 testamenii.
1510 4122 1666 4191 th’us
1685 4119 1893 4186 eadem,
1918 4120 2095 4174 AErod.
2121 4149 2190 4160 --
2215 4122 2421 4191 Quanto
2442 4122 2516 4173 is-

496 4217 544 4250 2.
565 4201 756 4256 Modus
768 4199 1269 4275 quantum.Modus:
1288 4201 1432 4273 quod
1508 4201 1600 4254 tud
1630 4213 1715 4255 est.
1750 4204 1919 4253 Immo
1944 4204 2155 4275 'quanti'.
2180 4203 2413 4256 Gnonov.
2450 4204 2516 4254 Et

423 4280 1064 4347 οοηιροπιαείοηεσοηείαε,
1074 4280 1429 4353 nmen-aripa-
1506 4282 1579 4334 ita
1604 4280 1981 4355 Schultingius.

2146 4373 2227 4424 23.
