3200 5117
714 585 834 652 168
1186 583 1302 649 Μ.
1350 581 1602 647 FABn
1648 581 2280 665 QUINTlLlANI

702 708 758 781 si
800 709 986 781 ullus
1028 708 1104 780 in
1147 728 1214 780 te
1250 707 1480 807 pudor
1519 727 1660 799 est,
1707 706 1993 779 maritus
2038 706 2301 797 fuerat,
2339 704 2396 778 si
2436 731 2562 806 per
2599 725 2668 778 te
2707 705 2796 777 li·-

705 847 974 898 culsset.

702 1079 2790 1106 WMWMWMMQWWW

1384 1279 2112 1359 CCLXXXVII.

1210 1512 1436 1584 Fortis
1446 1508 1645 1609 filius
1664 1522 1680 1553 ¹
1714 1510 2123 1610 proditionis
2149 1516 2271 1584 rei.

699 1714 1075 1780 Proditionis
1105 1737 1241 1778 reus
1265 1719 1484 1776 citatus
1506 1726 1624 1792 est,
1648 1715 1755 1798 qui
1779 1714 1938 1776 duos
1962 1715 2124 1778 filios
2149 1715 2445 1779 habebat:
2471 1738 2544 1778 ex
2563 1716 2792 1800 quibus

780 1815 934 1876 alter
958 1815 1191 1876 fortiter
1215 1811 1383 1890 fecit,
1409 1813 1562 1873 alter
1590 1811 1873 1874 deseruit.
1909 1815 2065 1874 Petit
2099 1830 2270 1898 pater
2293 1838 2326 1875 a
2356 1815 2521 1891 filio,
2546 1831 2613 1876 ut
2648 1816 2791 1876 abo-

779 1914 1061 1975 litionem
1091 1911 1308 1994 judicii
1351 1925 1608 1994 peteret:
1651 1911 1754 1972 ine
1794 1909 1994 1972 fratris
2030 1914 2214 1973 vitam
2256 1915 2463 1996 petiit,
2500 1928 2561 1975 et
2595 1913 2796 1974 adfuit

779 2012 972 2095 patri:
999 2009 1312 2072 absolutus
1337 2022 1512 2092 pater
1535 2007 1781 2069 abdicat
1803 2007 2025 2070 filium.
2050 2010 2161 2072 Ille
2185 2013 2253 2072 C.
2278 2012 2355 2071 D.

1571 2215 1935 2283 SERMO.

793 2378 893 2441 An
934 2373 1261 2472 quidquid
1301 2392 1491 2465 pater
1528 2376 1770 2457 voluit,
1812 2377 1949 2442 filio
1992 2378 2208 2444 facere
2241 2375 2518 2445 'necesse
2557 2377 2677 2444 sit?
2708 2399 2793 2442 an

704 2482 848 2549 viro
878 2483 1074 2548 forti?
1099 2506 1183 2548 an
1211 2482 1499 2548 abdicari
1530 2501 1804 2572 propter
1830 2485 2176 2572 praemium
2199 2486 2450 2575 possit?

1402 2679 2102 2746 DECLAMATIO.

802 2840 962 2911 Duo
994 2835 1169 2929 haec,
1205 2860 1284 2911 ut
1316 2837 1585 2939 opinor,
1617 2840 1857 2942 objicis
1891 2840 2070 2913 mihi
2105 2861 2317 2940 pater,
2348 2860 2413 2912 et
2444 2837 2627 2939 quod
2663 2836 2790 2911 de-

703 2956 981 3028 sertoris
1011 2955 1219 3027 vitam
1257 2955 1674 3054 optaverim,
1720 2977 1787 3027 et
1827 2958 2018 3056 quod
2059 2957 2514 3030 abolitionem
2541 2950 2791 3058 judicii

707 3097 850 3142 non
882 3068 1279 3169 optaverim.
1308 3070 1562 3168 Optavi
1600 3070 1814 3142 vitam
1835 3129 1854 3162 ‚
1885 3092 2053 3171 puta
2073 3128 2091 3161 ,
2128 3072 2477 3159 nocentis,
2507 3071 2625 3143 sed
2662 3069 2798 3141 fra-

707 3187 868 3258 tris:
897 3185 1104 3258 alieni
1138 3185 1750 3286 quoquejuvenis,
1781 3186 2063 3284 aequalis
2090 3185 2259 3276 mei,
2289 3185 2610 3260 misertus
2631 3184 2795 3256 fuis·

710 3327 857 3373 sem
897 3328 912 3372 ε
957 3301 1275 3374 subiisset
1324 3301 1439 3373 ilia
1480 3293 1801 3401 cogitatio
1850 3300 2143 3375 infelicis
2189 3302 2401 3405 hujus
2442 3302 2740 3403 parentis
2775 3327 2792 3372 τ

708 3442 848 3487 nou
881 3435 1025 3486 tam
1055 3415 1591 3514 reprehensione
1614 3417 1865 3515 dignus
1888 3438 1985 3489 est
2005 3418 2325 3508 desertor,
2351 3444 2564 3516 quam
2590 3414 2793 3487 laude

703 3531 810 3603 vir
850 3529 1061 3602 fortis.
1112 3533 1274 3603 Post
1319 3531 1448 3604 hoc
1489 3531 1733 3633 objicis
1775 3533 1988 3622 mihi,
2033 3534 2225 3633 quod
2266 3534 2353 3606 de
2399 3529 2795 3606 innocentia

703 3667 824 3718 tua
852 3644 1034 3715 nihil
1072 3644 1274 3716 timui
1298 3676 1315 3730 ;
1346 3646 1644 3717 sciebam
1667 3702 1686 3731 ‚
1717 3646 2071 3745 quomodo
2097 3648 2370 3721 vixisses
2388 3703 2406 3734 ‚
2436 3643 2792 3744 quomodo

707 3781 901 3833 tuam
944 3785 1223 3832 causam
1262 3761 1600 3856 egissem:
1645 3789 1770 3860 ego
1815 3760 2007 3833 enim
2046 3762 2341 3834 domum
2383 3779 2686 3859 nostram
2720 3756 2792 3828 in

706 3875 852 3947 acie
883 3874 1163 3947 defendi
1192 3902 1207 3945 ε
1244 3875 1543 3965 accedit,
1580 3875 1769 3973 quod
1796 3877 1918 3976 qui
1943 3877 2158 3949 semel
2185 3875 2449 3947 delatus
2476 3894 2576 3946 est
2598 3899 2790 3962 reus,

702 4014 850 4059 non
896 4010 1117 4087 potest
1166 3989 1463 4081 absolvi,
1516 3990 1652 4061 nisi
1696 4014 2096 4065 accusetur:
2139 4016 2383 4064 omnes
2429 3988 2788 4076 dixissent,

783 4207 829 4241 1.
876 4192 1041 4244 Fortis
1077 4188 1237 4261 filius.
1281 4191 1413 4244 Vide
1455 4194 1593 4245 infra
1642 4191 1712 4245 ad
1798 4195 1992 4248 -fortis
2037 4209 2189 4268 pater
2234 4191 2553 4265 proditionis
2597 4205 2733 4241 mus.
2760 4209 2784 4234 υ

708 4269 1154 4325 Declamatiouem
1189 4271 1511 4325 CCCLxx1=
1558 4296 1580 4320 a
1602 4275 1712 4327 Viri
1791 4273 1968 4330 AErod.
