3200 5117
740 528 822 592 88
1122 563 1129 568 -
1240 528 1333 591 Μ.
1381 526 1628 589 FABII
1675 525 2306 607 QUINTILIANI

742 676 1021 738 eorum,
1056 649 1179 747 qui
1207 649 1338 722 sibi
1371 669 1608 722 contra
1634 668 2120 720 testamentum
2146 647 2537 738 vindicant,
2573 648 2819 720 merita

738 767 1063 864 proferri:
1097 765 1324 836 solum
1353 765 1541 834 enim
1568 762 1685 863 jus
1720 763 2100 861 excipiunt,
2135 784 2203 834 et
2233 764 2408 834 circa
2441 762 2668 861 legem
2702 790 2819 835 ca-

740 880 1202 952 lumniantur.
1226 880 1404 968 Quae
1425 878 1532 949 lex
1555 898 1787 950 tamen
1813 878 2038 976 qualis
2056 877 2194 950 est?
2212 904 2299 950 ne
2320 877 2521 949 liceat
2539 878 2816 958 mulieri

739 997 1116 1095 plusquam
1165 994 1527 1066 dimidiam
1574 1015 1840 1092 partem
1888 994 2238 1066 bonorum
2277 1021 2565 1067 suorum
2601 993 2819 1065 relin-

740 1137 970 1201 quere.
1006 1109 1290 1182 Etiamsi
1330 1109 1552 1180 forma
1573 1108 1826 1209 judicii
1860 1107 2067 1191 unius
2101 1130 2236 1200 est,
2274 1129 2553 1207 apparet
2581 1129 2816 1181 tamen

737 1224 928 1298 vobis
975 1251 1137 1296 cum
1179 1223 1448 1321 legibus
1493 1249 1634 1295 esse
1678 1224 1866 1295 litem
1907 1250 1922 1292 :
1969 1249 2198 1320 quaero
2244 1223 2457 1321 igitur
2500 1222 2587 1294 ab
2633 1222 2816 1312 istis,

738 1359 963 1410 utram
1007 1338 1296 1435 eligant,
1345 1338 1418 1409 in
1461 1365 1598 1435 qua
1633 1336 1881 1409 malint
1912 1339 2276 1410 consistere
2310 1366 2323 1408 :
2362 1363 2590 1435 neque
2624 1337 2816 1408 enim

736 1455 1007 1553 litigant
1031 1454 1116 1525 de
1140 1453 1488 1526 bonorum
1517 1474 1738 1551 parte,
1760 1454 1880 1526 sed
1900 1474 2124 1526 totum
2144 1474 2447 1550 arguunt
2461 1471 2816 1524 testamen-

736 1589 933 1642 tum:
976 1569 1387 1667 incipiamus
1431 1567 1640 1665 igitur
1683 1569 1769 1638 ab
1818 1594 1931 1657 ea,
1982 1593 2132 1663 quae
2177 1567 2363 1664 prior
2403 1564 2652 1663 scripta
2695 1584 2814 1635 est.

740 1683 933 1773 Quid
961 1683 1031 1752 in
1057 1682 1189 1753 hac
1214 1702 1402 1780 parte
1430 1681 1818 1752 testamenti
1840 1680 2158 1751 vitiosum
2187 1678 2323 1751 est?
2343 1699 2611 1751 vetatur
2632 1678 2818 1776 plus-

739 1824 952 1896 quam
970 1795 1336 1867 dimidiam
1358 1815 1621 1893 partem
1639 1794 1990 1878 honorum
2012 1794 2396 1893 relinquere
2411 1850 2429 1883 ,
2446 1792 2816 1866 dimidiam

739 1931 998 2010 partem
1039 1909 1440 2009 patrimonii
1486 1908 1771 2006 accipi¹.
1817 1910 2260 1982 Excutiemus
2301 1929 2566 2008 postea,
2610 1904 2816 2004 quale

737 2026 823 2098 sit
862 2025 1031 2097 illud
1053 2082 1071 2115 ,
1111 2024 1301 2122 quod
1343 2045 1848 2122 consequutum
1885 2047 1982 2096 est
2018 2053 2032 2095 ε
2077 2026 2354 2097 interim
2387 2025 2518 2098 hoc
2543 2024 2662 2125 jus
2694 2025 2819 2095 fir-

738 2168 940 2212 mum
983 2161 1115 2230 est,
1160 2166 1289 2213 nec
1323 2141 1525 2212 everti
1574 2141 2022 2238 sequentibus
2063 2164 2306 2241 potest.
2345 2146 2437 2216 At
2477 2142 2666 2215 enirn
2699 2142 2818 2244 jus

741 2255 1027 2355 quidem
1056 2255 1174 2326 illa
1196 2257 1446 2328 habuit
1469 2257 1822 2355 capiendi:
1851 2258 1968 2329 sed
1995 2285 2108 2349 ea,
2137 2286 2289 2355 quae
2318 2280 2550 2357 postea
2574 2257 2820 2357 scripta

743 2390 875 2459 est,
911 2396 1051 2441 non
1088 2368 1375 2442 hahuit:
1417 2369 1666 2452 iterum
1697 2371 2169 2470 interrogabo,
2204 2369 2458 2470 quare?
2480 2372 2818 2469 quoniam

738 2486 1112 2584 plusquam
1154 2486 1521 2558 dimidiam
1559 2508 1823 2585 partem
1864 2488 2260 2587 patrimonii
2296 2488 2677 2586 relinquere
2708 2488 2820 2558 fe-

739 2600 948 2670 minae
995 2626 1137 2671 non
1180 2601 1407 2698 potuit
1443 2628 1457 2671 :
1507 2601 1699 2698 atqui
1744 2602 1889 2673 haec
1936 2628 2215 2702 quoque
2261 2623 2402 2675 non
2445 2603 2817 2701 plusquam

742 2713 1031 2785 dimidia
1057 2731 1244 2812 parte
1271 2714 1670 2813 patrimonii
1704 2717 1899 2788 heres
1936 2718 2242 2792 instituta
2279 2739 2378 2792 est
2407 2746 2422 2790 ε
2463 2744 2590 2788 nec
2615 2716 2815 2788 video

741 2827 1082 2900 rationem
1096 2885 1115 2917 ,
1137 2855 1257 2899 cur
1277 2829 1346 2898 id
1363 2886 1381 2919 ,
1403 2829 1590 2926 quod
1613 2829 1711 2900 illi
1735 2857 1974 2929 capere
1993 2830 2218 2921 licuit,
2239 2833 2404 2904 huic
2425 2859 2566 2903 non
2586 2829 2814 2919 liceat,

740 2968 963 3038 quum
999 2942 1070 3013 in
1105 2941 1349 3012 eodem
1383 2944 1632 3042 scripta
1663 2945 1750 3015 sit
1777 2965 2202 3018 testamento.
2235 2947 2689 3019 Manifestum
2717 2965 2818 3016 est

738 3055 917 3127 nihil
953 3082 1148 3153 posse
1183 3056 1541 3128 calumniae
1570 3057 1929 3132 admittere
1967 3061 2173 3132 verba
2219 3061 2384 3160 legis
2426 3087 2503 3132 ac
2532 3058 2760 3156 scripti
2794 3086 2810 3131 ε

739 3197 930 3242 nunc
973 3171 1367 3270 peritissimi
1414 3171 1644 3244 litium
1692 3172 2010 3246 homines
2054 3175 2141 3248 ad
2185 3173 2814 3273 interpretationem

741 3310 867 3355 nos
886 3284 1065 3381 juris
1094 3285 1497 3358 adducunt:
1534 3314 1678 3359 non
1709 3289 1899 3360 enim
1932 3289 2115 3361 hauc
2144 3317 2283 3362 esse
2311 3290 2479 3388 legis
2500 3289 2819 3363 volunta-

740 3418 881 3469 tem
901 3454 919 3488 ,
945 3425 1097 3496 quae
1120 3401 1341 3472 verbis
1365 3403 1784 3493 ostendatur,
1809 3404 2024 3475 videri
2044 3404 2288 3477 volunt
2314 3433 2328 3476 ε
2365 3432 2666 3504 quorum
2692 3430 2815 3501 ego

738 3512 1221 3610 prudentiam,
1246 3514 1554 3614 judices,
1590 3541 2005 3614 magnopere
2041 3517 2297 3590 miror:
2333 3540 2604 3591 tantum
2627 3518 2815 3589 vice-

740 3650 905 3700 runt
930 3628 1081 3700 illos
1101 3630 1396 3730 majores
1416 3653 1710 3721 nostros,
1732 3631 1881 3703 illos
1908 3633 2384 3708 constitutores
2391 3635 2601 3737 juriS,
2627 3632 2777 3704 illos
2792 3688 2812 3722 ,

738 3745 859 3844 qui
881 3744 1127 3815 rudem
1160 3744 1501 3817 civitatem
1530 3746 1799 3845 legibus
1829 3774 1907 3819 ac
1926 3748 2086 3851 jure
2115 3751 2540 3838 formarunt;
2576 3767 2656 3819 ut
2679 3745 2814 3820 hoc

736 3859 1115 3957 approbare
1149 3881 1516 3948 conentur,
1561 3861 1854 3933 defuisse
1896 3862 2002 3933 his
2042 3889 2474 3950 sermonem,
2517 3861 2813 3933 defuisse

738 3971 1129 4044 consilium.
1159 3974 1257 4044 Ac
1278 3975 1470 4072 prius
1490 4001 1706 4073 quam
1727 3977 2059 4050 rationem
2087 3978 2297 4078 ipsius
2316 3977 2487 4075 legis
2506 3976 2772 4048 excutio
2790 4032 2809 4065 ‚

736 4084 1019 4155 iuterim
1051 4086 1182 4159 hoc
1213 4087 1397 4177 dico,
1420 4089 1729 4190 judices3
1773 4093 2426 4190 perniciosissimam
2464 4115 2601 4164 esse
2642 4088 2811 4161 civi-

816 4242 857 4276 ι.
882 4225 1081 4295 Accipi.
1106 4227 1310 4300 Accepi.
1337 4234 1482 4283 Pri-u.
1508 4231 1737 4304 Accepit.
1764 4235 1979 4289 Senum.
