<?xml version="1.0" encoding="UTF-8"?>
<!DOCTYPE html PUBLIC "-//W3C//DTD XHTML 1.0 Transitional//EN"
    "http://www.w3.org/TR/xhtml1/DTD/xhtml1-transitional.dtd">
<html xmlns="http://www.w3.org/1999/xhtml" xml:lang="en" lang="en">
 <head>
  <title>
</title>
<meta http-equiv="Content-Type" content="text/html;charset=utf-8" />
  <meta name='ocr-system' content='tesseract 3.04.00' />
  <meta name='ocr-capabilities' content='ocr_page ocr_carea ocr_par ocr_line ocrx_word'/>
</head>
<body>
  <div class='ocr_page' id='page_1' title='image "./deinstitutioneo00flacgoog_0041.png"; bbox 0 0 3200 5117; ppageno 0'>
   <div class='ocr_carea' id='block_1_1' title="bbox 741 493 2364 567">
    <p class='ocr_par' dir='ltr' id='par_1_1' title="bbox 741 493 2364 567">
     <span class='ocr_line' id='line_1_1' title="bbox 741 493 2364 567; baseline 0.001 -1"><span class='ocrx_word' id='word_1_1' title='bbox 741 493 1580 566; x_wconf 83' lang='lat' dir='ltr'>DECLAMATIONES.</span> <span class='ocrx_word' id='word_1_2' title='bbox 1627 500 1903 566; x_wconf 88' lang='lat' dir='ltr'>CCLII.</span> <span class='ocrx_word' id='word_1_3' title='bbox 2284 503 2364 567; x_wconf 81' lang='lat'><strong>33</strong></span> 
     </span>
    </p>
   </div>
   <div class='ocr_carea' id='block_1_2' title="bbox 980 694 1676 760">
    <p class='ocr_par' dir='ltr' id='par_1_2' title="bbox 980 694 1676 760">
     <span class='ocr_line' id='line_1_2' title="bbox 980 694 1676 760; baseline -0.004 -1"><span class='ocrx_word' id='word_1_4' title='bbox 980 694 1676 760; x_wconf 86' lang='lat' dir='ltr'>DECLAMATIO.</span> 
     </span>
    </p>
   </div>
   <div class='ocr_carea' id='block_1_3' title="bbox 262 851 2379 3602">
    <p class='ocr_par' dir='ltr' id='par_1_3' title="bbox 262 851 2379 3602">
     <span class='ocr_line' id='line_1_3' title="bbox 388 851 2368 955; baseline 0.002 -31"><span class='ocrx_word' id='word_1_5' title='bbox 388 851 699 951; x_wconf 82' lang='lat' dir='ltr'>Inscripti</span> <span class='ocrx_word' id='word_1_6' title='bbox 738 852 1061 924; x_wconf 87' lang='lat' dir='ltr'><strong>maleficii</strong></span> <span class='ocrx_word' id='word_1_7' title='bbox 1108 854 1364 952; x_wconf 76' lang='lat' dir='ltr'><strong>agitur:</strong></span> <span class='ocrx_word' id='word_1_8' title='bbox 1415 878 1641 951; x_wconf 90' lang='lat' dir='ltr'><strong>quum</strong></span> <span class='ocrx_word' id='word_1_9' title='bbox 1683 854 2057 927; x_wconf 82' lang='lat' dir='ltr'><strong>maximam</strong></span> <span class='ocrx_word' id='word_1_10' title='bbox 2099 877 2368 955; x_wconf 88' lang='lat' dir='ltr'><strong>partem</strong></span> 
     </span>
     <span class='ocr_line' id='line_1_4' title="bbox 303 965 2369 1072; baseline 0.001 -33"><span class='ocrx_word' id='word_1_11' title='bbox 303 967 719 1040; x_wconf 85' lang='lat' dir='ltr'><strong>defensionis</strong></span> <span class='ocrx_word' id='word_1_12' title='bbox 764 969 1186 1042; x_wconf 86' lang='lat' dir='ltr'><strong>adversarius</strong></span> <span class='ocrx_word' id='word_1_13' title='bbox 1234 968 1307 1038; x_wconf 89' lang='lat' dir='ltr'><strong>in</strong></span> <span class='ocrx_word' id='word_1_14' title='bbox 1356 968 1487 1039; x_wconf 91' lang='lat' dir='ltr'><strong>hoc</strong></span> <span class='ocrx_word' id='word_1_15' title='bbox 1536 965 1787 1054; x_wconf 87' lang='lat' dir='ltr'><strong>ducat,</strong></span> <span class='ocrx_word' id='word_1_16' title='bbox 1837 989 1911 1040; x_wconf 91' lang='lat' dir='ltr'><strong>ut</strong></span> <span class='ocrx_word' id='word_1_17' title='bbox 1951 970 2369 1072; x_wconf 86' lang='lat' dir='ltr'><strong>inscriptum</strong></span> 
     </span>
     <span class='ocr_line' id='line_1_5' title="bbox 301 1081 2365 1181; baseline 0.002 -26"><span class='ocrx_word' id='word_1_18' title='bbox 301 1108 427 1155; x_wconf 78' lang='lat' dir='ltr'><strong>esse</strong></span> <span class='ocrx_word' id='word_1_19' title='bbox 455 1081 893 1154; x_wconf 87' lang='lat' dir='ltr'><strong>maleficium</strong></span> <span class='ocrx_word' id='word_1_20' title='bbox 920 1103 1147 1181; x_wconf 78' lang='lat' dir='ltr'><strong>neget,</strong></span> <span class='ocrx_word' id='word_1_21' title='bbox 1179 1102 1443 1181; x_wconf 87' lang='lat' dir='ltr'><strong>poterat</strong></span> <span class='ocrx_word' id='word_1_22' title='bbox 1473 1081 1667 1153; x_wconf 86' lang='lat' dir='ltr'><strong>brevi</strong></span> <span class='ocrx_word' id='word_1_23' title='bbox 1700 1081 2088 1157; x_wconf 89' lang='lat' dir='ltr'><strong>conditione</strong></span> <span class='ocrx_word' id='word_1_24' title='bbox 2114 1087 2365 1178; x_wconf 89' lang='lat' dir='ltr'><strong>decidi,</strong></span> 
     </span>
     <span class='ocr_line' id='line_1_6' title="bbox 302 1198 2368 1299; baseline 0.002 -29"><span class='ocrx_word' id='word_1_25' title='bbox 302 1219 368 1270; x_wconf 87' lang='lat' dir='ltr'><strong>ut</strong></span> <span class='ocrx_word' id='word_1_26' title='bbox 390 1199 652 1272; x_wconf 88' lang='lat' dir='ltr'><strong>diceret</strong></span> <span class='ocrx_word' id='word_1_27' title='bbox 681 1227 820 1299; x_wconf 90' lang='lat' dir='ltr'><strong>qua</strong></span> <span class='ocrx_word' id='word_1_28' title='bbox 837 1200 973 1271; x_wconf 87' lang='lat' dir='ltr'><strong>alia</strong></span> <span class='ocrx_word' id='word_1_29' title='bbox 999 1199 1151 1298; x_wconf 75' lang='lat' dir='ltr'><strong>lege</strong></span> <span class='ocrx_word' id='word_1_30' title='bbox 1174 1226 1335 1270; x_wconf 93' lang='lat' dir='ltr'><strong>cum</strong></span> <span class='ocrx_word' id='word_1_31' title='bbox 1366 1198 1502 1271; x_wconf 88' lang='lat' dir='ltr'><strong>alio</strong></span> <span class='ocrx_word' id='word_1_32' title='bbox 1523 1213 1540 1242; x_wconf 90' lang='lat'>¹</span> <span class='ocrx_word' id='word_1_33' title='bbox 1583 1198 1951 1270; x_wconf 85' lang='lat' dir='ltr'><strong>consistere</strong></span> <span class='ocrx_word' id='word_1_34' title='bbox 1981 1205 2326 1299; x_wconf 84' lang='lat' dir='ltr'><strong>potuerim</strong></span> <span class='ocrx_word' id='word_1_35' title='bbox 2353 1232 2368 1275; x_wconf 73' lang='grc' dir='ltr'>ε</span> 
     </span>
     <span class='ocr_line' id='line_1_7' title="bbox 262 1311 2373 1411; baseline 0.001 -27"><span class='ocrx_word' id='word_1_36' title='bbox 262 1397 267 1402; x_wconf 26' lang='grc'>,</span> <span class='ocrx_word' id='word_1_37' title='bbox 298 1339 513 1402; x_wconf 88' lang='lat' dir='ltr'><strong>nune,</strong></span> <span class='ocrx_word' id='word_1_38' title='bbox 549 1313 804 1386; x_wconf 88' lang='lat' dir='ltr'><strong>callido</strong></span> <span class='ocrx_word' id='word_1_39' title='bbox 837 1334 906 1386; x_wconf 88' lang='lat' dir='ltr'><strong>et</strong></span> <span class='ocrx_word' id='word_1_40' title='bbox 932 1335 1186 1405; x_wconf 88' lang='lat' dir='ltr'><strong>vetere,</strong></span> <span class='ocrx_word' id='word_1_41' title='bbox 1217 1340 1295 1384; x_wconf 87' lang='lat' dir='ltr'><strong>ac</strong></span> <span class='ocrx_word' id='word_1_42' title='bbox 1324 1313 1444 1384; x_wconf 88' lang='lat' dir='ltr'><strong>diu</strong></span> <span class='ocrx_word' id='word_1_43' title='bbox 1465 1311 1621 1411; x_wconf 86' lang='lat' dir='ltr'><strong>jam</strong></span> <span class='ocrx_word' id='word_1_44' title='bbox 1652 1313 2019 1411; x_wconf 78' lang='lat' dir='ltr'><strong>excogitato</strong></span> <span class='ocrx_word' id='word_1_45' title='bbox 2054 1316 2336 1388; x_wconf 86' lang='lat' dir='ltr'><strong>consilio</strong></span> <span class='ocrx_word' id='word_1_46' title='bbox 2355 1375 2373 1407; x_wconf 86' lang='lat'>‚</span> 
     </span>
     <span class='ocr_line' id='line_1_8' title="bbox 296 1426 2376 1529; baseline 0.001 -30"><span class='ocrx_word' id='word_1_47' title='bbox 296 1428 516 1528; x_wconf 77' lang='lat' dir='ltr'><strong>legem</strong></span> <span class='ocrx_word' id='word_1_48' title='bbox 544 1456 690 1501; x_wconf 89' lang='lat' dir='ltr'><strong>non</strong></span> <span class='ocrx_word' id='word_1_49' title='bbox 719 1429 807 1501; x_wconf 88' lang='lat' dir='ltr'><strong>ad</strong></span> <span class='ocrx_word' id='word_1_50' title='bbox 836 1456 1035 1502; x_wconf 90' lang='lat' dir='ltr'><strong>reum</strong></span> <span class='ocrx_word' id='word_1_51' title='bbox 1066 1429 1299 1518; x_wconf 79' lang='lat' dir='ltr'><strong>refert,</strong></span> <span class='ocrx_word' id='word_1_52' title='bbox 1334 1427 1451 1498; x_wconf 87' lang='lat' dir='ltr'><strong>sed</strong></span> <span class='ocrx_word' id='word_1_53' title='bbox 1476 1426 1562 1498; x_wconf 86' lang='lat' dir='ltr'><strong>ad</strong></span> <span class='ocrx_word' id='word_1_54' title='bbox 1593 1427 1858 1499; x_wconf 87' lang='lat' dir='ltr'><strong>crimen</strong></span> <span class='ocrx_word' id='word_1_55' title='bbox 1876 1487 1895 1519; x_wconf 94' lang='lat'><strong>,</strong></span> <span class='ocrx_word' id='word_1_56' title='bbox 1926 1450 1996 1501; x_wconf 92' lang='lat' dir='ltr'><strong>et</strong></span> <span class='ocrx_word' id='word_1_57' title='bbox 2019 1450 2376 1529; x_wconf 80' lang='lat' dir='ltr'><strong>tamquam</strong></span> 
     </span>
     <span class='ocr_line' id='line_1_9' title="bbox 298 1543 2375 1647; baseline 0.001 -31"><span class='ocrx_word' id='word_1_58' title='bbox 298 1572 417 1644; x_wconf 77' lang='lat' dir='ltr'><strong>ego</strong></span> <span class='ocrx_word' id='word_1_59' title='bbox 450 1546 636 1619; x_wconf 86' lang='lat' dir='ltr'><strong>nihil</strong></span> <span class='ocrx_word' id='word_1_60' title='bbox 669 1545 897 1637; x_wconf 85' lang='lat' dir='ltr'><strong>aliud,</strong></span> <span class='ocrx_word' id='word_1_61' title='bbox 938 1573 1150 1647; x_wconf 87' lang='lat' dir='ltr'><strong>quam</strong></span> <span class='ocrx_word' id='word_1_62' title='bbox 1187 1545 1273 1616; x_wconf 88' lang='lat' dir='ltr'><strong>de</strong></span> <span class='ocrx_word' id='word_1_63' title='bbox 1305 1543 1557 1615; x_wconf 85' lang='lat' dir='ltr'><strong>amissa</strong></span> <span class='ocrx_word' id='word_1_64' title='bbox 1586 1544 1972 1644; x_wconf 77' lang='lat' dir='ltr'><strong>virginitate</strong></span> <span class='ocrx_word' id='word_1_65' title='bbox 2008 1546 2162 1617; x_wconf 84' lang='lat' dir='ltr'><strong>filiae</strong></span> <span class='ocrx_word' id='word_1_66' title='bbox 2197 1574 2375 1645; x_wconf 89' lang='lat' dir='ltr'><strong>que-</strong></span> 
     </span>
     <span class='ocr_line' id='line_1_10' title="bbox 297 1661 2372 1760; baseline 0.001 -29"><span class='ocrx_word' id='word_1_67' title='bbox 297 1684 437 1749; x_wconf 88' lang='lat' dir='ltr'><strong>rar,</strong></span> <span class='ocrx_word' id='word_1_68' title='bbox 466 1661 707 1733; x_wconf 83' lang='lat' dir='ltr'><strong>recitat</strong></span> <span class='ocrx_word' id='word_1_69' title='bbox 739 1662 968 1760; x_wconf 82' lang='lat' dir='ltr'><strong>legem</strong></span> <span class='ocrx_word' id='word_1_70' title='bbox 988 1716 1008 1750; x_wconf 85' lang='lat'><strong>,</strong></span> <span class='ocrx_word' id='word_1_71' title='bbox 1035 1685 1188 1756; x_wconf 82' lang='lat' dir='ltr'><strong>quae</strong></span> <span class='ocrx_word' id='word_1_72' title='bbox 1218 1678 1454 1730; x_wconf 90' lang='lat' dir='ltr'><strong>contra</strong></span> <span class='ocrx_word' id='word_1_73' title='bbox 1480 1679 1779 1757; x_wconf 85' lang='lat' dir='ltr'><strong>raptores</strong></span> <span class='ocrx_word' id='word_1_74' title='bbox 1814 1662 2057 1760; x_wconf 87' lang='lat' dir='ltr'><strong>scripta</strong></span> <span class='ocrx_word' id='word_1_75' title='bbox 2086 1682 2202 1734; x_wconf 88' lang='lat' dir='ltr'><strong>est.</strong></span> <span class='ocrx_word' id='word_1_76' title='bbox 2224 1664 2372 1760; x_wconf 80' lang='lat' dir='ltr'><strong>Ego</strong></span> 
     </span>
     <span class='ocr_line' id='line_1_11' title="bbox 292 1774 2374 1875; baseline 0.001 -31"><span class='ocrx_word' id='word_1_77' title='bbox 292 1793 561 1865; x_wconf 87' lang='lat' dir='ltr'><strong>autem,</strong></span> <span class='ocrx_word' id='word_1_78' title='bbox 597 1774 865 1847; x_wconf 83' lang='lat' dir='ltr'><strong>etiamsi</strong></span> <span class='ocrx_word' id='word_1_79' title='bbox 898 1801 1061 1845; x_wconf 91' lang='lat' dir='ltr'><strong>cum</strong></span> <span class='ocrx_word' id='word_1_80' title='bbox 1092 1774 1241 1871; x_wconf 87' lang='lat' dir='ltr'><strong>ipso</strong></span> <span class='ocrx_word' id='word_1_81' title='bbox 1285 1798 1592 1871; x_wconf 77' lang='lat' dir='ltr'><strong>agerem,</strong></span> <span class='ocrx_word' id='word_1_82' title='bbox 1637 1776 1755 1873; x_wconf 90' lang='lat' dir='ltr'><strong>qui</strong></span> <span class='ocrx_word' id='word_1_83' title='bbox 1804 1799 2152 1873; x_wconf 87' lang='lat' dir='ltr'><strong>rapuerat,</strong></span> <span class='ocrx_word' id='word_1_84' title='bbox 2197 1797 2374 1875; x_wconf 86' lang='lat' dir='ltr'><strong>pote·</strong></span> 
     </span>
     <span class='ocr_line' id='line_1_12' title="bbox 295 1886 2372 1989; baseline 0.002 -32"><span class='ocrx_word' id='word_1_85' title='bbox 295 1913 434 1959; x_wconf 91' lang='lat' dir='ltr'><strong>ram</strong></span> <span class='ocrx_word' id='word_1_86' title='bbox 466 1910 715 1961; x_wconf 87' lang='lat' dir='ltr'><strong>tamen</strong></span> <span class='ocrx_word' id='word_1_87' title='bbox 759 1914 907 1959; x_wconf 90' lang='lat' dir='ltr'><strong>non</strong></span> <span class='ocrx_word' id='word_1_88' title='bbox 943 1905 1302 1958; x_wconf 90' lang='lat' dir='ltr'><strong>contentus</strong></span> <span class='ocrx_word' id='word_1_89' title='bbox 1339 1906 1388 1957; x_wconf 98' lang='grc' dir='ltr'>Χ</span> <span class='ocrx_word' id='word_1_90' title='bbox 1428 1886 1766 1979; x_wconf 83' lang='lat' dir='ltr'><strong>millibus,</strong></span> <span class='ocrx_word' id='word_1_91' title='bbox 1807 1916 1960 1987; x_wconf 86' lang='lat' dir='ltr'><strong>quae</strong></span> <span class='ocrx_word' id='word_1_92' title='bbox 1993 1891 2263 1989; x_wconf 84' lang='lat' dir='ltr'><strong>accepi,</strong></span> <span class='ocrx_word' id='word_1_93' title='bbox 2299 1891 2372 1962; x_wconf 93' lang='lat' dir='ltr'><strong>in</strong></span> 
     </span>
     <span class='ocr_line' id='line_1_13' title="bbox 291 1999 2371 2101; baseline 0.001 -28"><span class='ocrx_word' id='word_1_94' title='bbox 291 2023 797 2101; x_wconf 77' lang='lat' dir='ltr'><strong>argumentum</strong></span> <span class='ocrx_word' id='word_1_95' title='bbox 837 1999 1143 2099; x_wconf 87' lang='lat' dir='ltr'><strong>inscripti</strong></span> <span class='ocrx_word' id='word_1_96' title='bbox 1178 1999 1502 2072; x_wconf 84' lang='lat' dir='ltr'><strong>maleficii</strong></span> <span class='ocrx_word' id='word_1_97' title='bbox 1545 2001 1689 2100; x_wconf 74' lang='lat' dir='ltr'><strong>lege</strong></span> <span class='ocrx_word' id='word_1_98' title='bbox 1732 2031 1927 2101; x_wconf 82' lang='lat' dir='ltr'><strong>agere</strong></span> <span class='ocrx_word' id='word_1_99' title='bbox 1961 2005 2170 2076; x_wconf 90' lang='lat' dir='ltr'><strong>etiam</strong></span> <span class='ocrx_word' id='word_1_100' title='bbox 2212 2032 2371 2077; x_wconf 87' lang='lat' dir='ltr'><strong>cum</strong></span> 
     </span>
     <span class='ocr_line' id='line_1_14' title="bbox 288 2114 2371 2219; baseline 0.001 -30"><span class='ocrx_word' id='word_1_101' title='bbox 288 2118 621 2215; x_wconf 87' lang='lat' dir='ltr'><strong>parasito.</strong></span> <span class='ocrx_word' id='word_1_102' title='bbox 643 2119 784 2187; x_wconf 86' lang='lat' dir='ltr'><strong>Lex</strong></span> <span class='ocrx_word' id='word_1_103' title='bbox 813 2114 1033 2204; x_wconf 89' lang='lat' dir='ltr'><strong>enim,</strong></span> <span class='ocrx_word' id='word_1_104' title='bbox 1073 2140 1226 2211; x_wconf 84' lang='lat' dir='ltr'><strong>quae</strong></span> <span class='ocrx_word' id='word_1_105' title='bbox 1257 2134 1306 2184; x_wconf 90' lang='grc' dir='ltr'>Χ</span> <span class='ocrx_word' id='word_1_106' title='bbox 1339 2114 1564 2185; x_wconf 89' lang='lat' dir='ltr'><strong>millia</strong></span> <span class='ocrx_word' id='word_1_107' title='bbox 1588 2116 1835 2188; x_wconf 85' lang='lat' dir='ltr'><strong>solvere</strong></span> <span class='ocrx_word' id='word_1_108' title='bbox 1871 2139 2210 2217; x_wconf 89' lang='lat' dir='ltr'><strong>raptorem</strong></span> <span class='ocrx_word' id='word_1_109' title='bbox 2246 2146 2371 2219; x_wconf 91' lang='lat' dir='ltr'><strong>pro</strong></span> 
     </span>
     <span class='ocr_line' id='line_1_15' title="bbox 288 2227 2371 2331; baseline 0.001 -28"><span class='ocrx_word' id='word_1_110' title='bbox 288 2231 520 2303; x_wconf 78' lang='lat' dir='ltr'><strong>ablata</strong></span> <span class='ocrx_word' id='word_1_111' title='bbox 540 2228 934 2327; x_wconf 79' lang='lat' dir='ltr'><strong>virginitate</strong></span> <span class='ocrx_word' id='word_1_112' title='bbox 950 2227 1200 2318; x_wconf 89' lang='lat' dir='ltr'><strong>voluit,</strong></span> <span class='ocrx_word' id='word_1_113' title='bbox 1224 2249 1462 2300; x_wconf 87' lang='lat' dir='ltr'><strong>contra</strong></span> <span class='ocrx_word' id='word_1_114' title='bbox 1485 2255 1599 2300; x_wconf 86' lang='lat' dir='ltr'><strong>eos</strong></span> <span class='ocrx_word' id='word_1_115' title='bbox 1619 2230 1871 2330; x_wconf 87' lang='lat' dir='ltr'><strong>scripta</strong></span> <span class='ocrx_word' id='word_1_116' title='bbox 1895 2251 2028 2321; x_wconf 87' lang='lat' dir='ltr'><strong>est,</strong></span> <span class='ocrx_word' id='word_1_117' title='bbox 2053 2233 2173 2331; x_wconf 92' lang='lat' dir='ltr'><strong>qui</strong></span> <span class='ocrx_word' id='word_1_118' title='bbox 2196 2233 2371 2305; x_wconf 84' lang='lat' dir='ltr'><strong>nihil</strong></span> 
     </span>
     <span class='ocr_line' id='line_1_16' title="bbox 292 2341 2375 2442; baseline 0.001 -27"><span class='ocrx_word' id='word_1_119' title='bbox 292 2345 477 2417; x_wconf 85' lang='lat' dir='ltr'><strong>aliud</strong></span> <span class='ocrx_word' id='word_1_120' title='bbox 520 2362 852 2442; x_wconf 76' lang='lat' dir='ltr'><strong>egerunt:</strong></span> <span class='ocrx_word' id='word_1_121' title='bbox 888 2341 1221 2413; x_wconf 86' lang='lat' dir='ltr'><strong>differunt</strong></span> <span class='ocrx_word' id='word_1_122' title='bbox 1244 2363 1474 2413; x_wconf 88' lang='lat' dir='ltr'><strong>autem</strong></span> <span class='ocrx_word' id='word_1_123' title='bbox 1503 2341 1648 2413; x_wconf 80' lang='lat' dir='ltr'><strong>haec</strong></span> <span class='ocrx_word' id='word_1_124' title='bbox 1674 2363 1739 2414; x_wconf 88' lang='lat' dir='ltr'><strong>et</strong></span> <span class='ocrx_word' id='word_1_125' title='bbox 1759 2344 2095 2441; x_wconf 68' lang='lat' dir='ltr'><strong>personis»,</strong></span> <span class='ocrx_word' id='word_1_126' title='bbox 2121 2366 2186 2416; x_wconf 88' lang='lat' dir='ltr'><strong>et</strong></span> <span class='ocrx_word' id='word_1_127' title='bbox 2213 2367 2375 2417; x_wconf 89' lang='lat' dir='ltr'><strong>tem-</strong></span> 
     </span>
     <span class='ocr_line' id='line_1_17' title="bbox 292 2456 2374 2559; baseline 0 -29"><span class='ocrx_word' id='word_1_128' title='bbox 292 2461 574 2556; x_wconf 81' lang='lat' dir='ltr'><strong>poribus</strong></span> <span class='ocrx_word' id='word_1_129' title='bbox 591 2514 611 2549; x_wconf 94' lang='lat'><strong>,</strong></span> <span class='ocrx_word' id='word_1_130' title='bbox 638 2478 705 2529; x_wconf 90' lang='lat' dir='ltr'><strong>et</strong></span> <span class='ocrx_word' id='word_1_131' title='bbox 723 2456 913 2529; x_wconf 85' lang='lat' dir='ltr'><strong>locis.</strong></span> <span class='ocrx_word' id='word_1_132' title='bbox 936 2459 1114 2527; x_wconf 88' lang='lat' dir='ltr'><strong>Nam</strong></span> <span class='ocrx_word' id='word_1_133' title='bbox 1136 2477 1213 2527; x_wconf 90' lang='lat' dir='ltr'><strong>ut</strong></span> <span class='ocrx_word' id='word_1_134' title='bbox 1231 2457 1537 2556; x_wconf 84' lang='lat' dir='ltr'><strong>pulsatus</strong></span> <span class='ocrx_word' id='word_1_135' title='bbox 1557 2457 1724 2528; x_wconf 84' lang='lat' dir='ltr'><strong>c-ivis</strong></span> <span class='ocrx_word' id='word_1_136' title='bbox 1747 2457 2168 2559; x_wconf 85' lang='lat' dir='ltr'><strong>injuriarum</strong></span> <span class='ocrx_word' id='word_1_137' title='bbox 2191 2480 2374 2557; x_wconf 79' lang='lat' dir='ltr'><strong>aget,</strong></span> 
     </span>
     <span class='ocr_line' id='line_1_18' title="bbox 292 2575 2376 2679; baseline 0.003 -33"><span class='ocrx_word' id='word_1_138' title='bbox 292 2578 342 2647; x_wconf 90' lang='lat' dir='ltr'><strong>si</strong></span> <span class='ocrx_word' id='word_1_139' title='bbox 382 2577 833 2676; x_wconf 80' lang='lat' dir='ltr'><strong>magistratus</strong></span> <span class='ocrx_word' id='word_1_140' title='bbox 864 2577 1022 2668; x_wconf 88' lang='lat' dir='ltr'><strong>erit,</strong></span> <span class='ocrx_word' id='word_1_141' title='bbox 1058 2575 1431 2677; x_wconf 88' lang='lat' dir='ltr'><strong>majestatis</strong></span> <span class='ocrx_word' id='word_1_142' title='bbox 1474 2579 2281 2679; x_wconf 38' lang='lat' dir='ltr'><strong>crimen²lobligabiturz</strong></span> <span class='ocrx_word' id='word_1_143' title='bbox 2320 2580 2376 2652; x_wconf 94' lang='lat' dir='ltr'><strong>si</strong></span> 
     </span>
     <span class='ocr_line' id='line_1_19' title="bbox 291 2690 2379 2793; baseline 0.002 -31"><span class='ocrx_word' id='word_1_144' title='bbox 291 2690 562 2792; x_wconf 80' lang='lat' dir='ltr'><strong>legatus</strong></span> <span class='ocrx_word' id='word_1_145' title='bbox 604 2692 768 2781; x_wconf 88' lang='lat' dir='ltr'><strong>erit,</strong></span> <span class='ocrx_word' id='word_1_146' title='bbox 816 2690 998 2764; x_wconf 87' lang='lat' dir='ltr'><strong>bello</strong></span> <span class='ocrx_word' id='word_1_147' title='bbox 1044 2691 1506 2766; x_wconf 82' lang='lat' dir='ltr'><strong>vindicabitur</strong></span> <span class='ocrx_word' id='word_1_148' title='bbox 1544 2714 1611 2764; x_wconf 93' lang='lat' dir='ltr'><strong>et</strong></span> <span class='ocrx_word' id='word_1_149' title='bbox 1649 2693 1807 2793; x_wconf 89' lang='lat' dir='ltr'><strong>jure</strong></span> <span class='ocrx_word' id='word_1_150' title='bbox 1854 2693 2258 2793; x_wconf 79' lang='lat' dir='ltr'><strong>gentium3:</strong></span> <span class='ocrx_word' id='word_1_151' title='bbox 2312 2716 2379 2767; x_wconf 88' lang='lat' dir='ltr'><strong>et</strong></span> 
     </span>
     <span class='ocr_line' id='line_1_20' title="bbox 291 2808 2376 2909; baseline 0.002 -29"><span class='ocrx_word' id='word_1_152' title='bbox 291 2810 535 2882; x_wconf 86' lang='lat' dir='ltr'><strong>eadem</strong></span> <span class='ocrx_word' id='word_1_153' title='bbox 572 2810 871 2909; x_wconf 88' lang='lat' dir='ltr'><strong>pecunia</strong></span> <span class='ocrx_word' id='word_1_154' title='bbox 902 2808 1169 2881; x_wconf 89' lang='lat' dir='ltr'><strong>sublata</strong></span> <span class='ocrx_word' id='word_1_155' title='bbox 1203 2836 1280 2880; x_wconf 84' lang='lat' dir='ltr'><strong>ex</strong></span> <span class='ocrx_word' id='word_1_156' title='bbox 1307 2810 1600 2909; x_wconf 88' lang='lat' dir='ltr'><strong>privato,</strong></span> <span class='ocrx_word' id='word_1_157' title='bbox 1640 2814 1905 2883; x_wconf 86' lang='lat' dir='ltr'><strong>furtum</strong></span> <span class='ocrx_word' id='word_1_158' title='bbox 1950 2813 2113 2897; x_wconf 88' lang='lat' dir='ltr'><strong>erit;</strong></span> <span class='ocrx_word' id='word_1_159' title='bbox 2156 2839 2236 2884; x_wconf 85' lang='lat' dir='ltr'><strong>ex</strong></span> <span class='ocrx_word' id='word_1_160' title='bbox 2266 2841 2376 2886; x_wconf 89' lang='lat' dir='ltr'><strong>sa-</strong></span> 
     </span>
     <span class='ocr_line' id='line_1_21' title="bbox 289 2924 2375 3028; baseline 0.001 -33"><span class='ocrx_word' id='word_1_161' title='bbox 289 2925 507 2996; x_wconf 89' lang='lat' dir='ltr'><strong>crario</strong></span> <span class='ocrx_word' id='word_1_162' title='bbox 531 2924 928 3022; x_wconf 87' lang='lat' dir='ltr'><strong>temploque</strong></span> <span class='ocrx_word' id='word_1_163' title='bbox 954 2924 1408 3023; x_wconf 75' lang='lat' dir='ltr'><strong>sacrilegium.</strong></span> <span class='ocrx_word' id='word_1_164' title='bbox 1436 2927 1547 2998; x_wconf 85' lang='lat' dir='ltr'><strong>Sic</strong></span> <span class='ocrx_word' id='word_1_165' title='bbox 1569 2947 1795 3024; x_wconf 89' lang='lat' dir='ltr'><strong>raptor</strong></span> <span class='ocrx_word' id='word_1_166' title='bbox 1812 2928 1992 3028; x_wconf 77' lang='lat' dir='ltr'><strong>ejuS,</strong></span> <span class='ocrx_word' id='word_1_167' title='bbox 2019 2952 2174 3025; x_wconf 87' lang='lat' dir='ltr'><strong>quae</strong></span> <span class='ocrx_word' id='word_1_168' title='bbox 2194 2927 2375 2999; x_wconf 90' lang='lat' dir='ltr'><strong>nihil</strong></span> 
     </span>
     <span class='ocr_line' id='line_1_22' title="bbox 290 3040 2372 3137; baseline 0.002 -28"><span class='ocrx_word' id='word_1_169' title='bbox 290 3040 529 3132; x_wconf 80' lang='lat' dir='ltr'><strong>aliud,</strong></span> <span class='ocrx_word' id='word_1_170' title='bbox 562 3066 774 3136; x_wconf 90' lang='lat' dir='ltr'><strong>quarn</strong></span> <span class='ocrx_word' id='word_1_171' title='bbox 803 3040 1263 3137; x_wconf 81' lang='lat' dir='ltr'><strong>virginitatem</strong></span> <span class='ocrx_word' id='word_1_172' title='bbox 1307 3041 1535 3113; x_wconf 89' lang='lat' dir='ltr'><strong>ultum</strong></span> <span class='ocrx_word' id='word_1_173' title='bbox 1579 3041 1739 3132; x_wconf 88' lang='lat' dir='ltr'><strong>ibit,</strong></span> <span class='ocrx_word' id='word_1_174' title='bbox 1779 3061 1828 3112; x_wconf 83' lang='lat' dir='ltr'>X</span> <span class='ocrx_word' id='word_1_175' title='bbox 1864 3041 2086 3113; x_wconf 82' lang='lat' dir='ltr'><strong>millia</strong></span> <span class='ocrx_word' id='word_1_176' title='bbox 2118 3041 2372 3113; x_wconf 85' lang='lat' dir='ltr'><strong>solvet:</strong></span> 
     </span>
     <span class='ocr_line' id='line_1_23' title="bbox 301 3154 2377 3257; baseline 0.003 -36"><span class='ocrx_word' id='word_1_177' title='bbox 301 3154 436 3224; x_wconf 70' lang='lat' dir='ltr'><strong>alia</strong></span> <span class='ocrx_word' id='word_1_178' title='bbox 472 3154 597 3226; x_wconf 91' lang='lat' dir='ltr'><strong>erit</strong></span> <span class='ocrx_word' id='word_1_179' title='bbox 628 3154 931 3226; x_wconf 88' lang='lat' dir='ltr'><strong>conditio</strong></span> <span class='ocrx_word' id='word_1_180' title='bbox 966 3155 1145 3257; x_wconf 68' lang='lat' dir='ltr'><strong>ejus»,</strong></span> <span class='ocrx_word' id='word_1_181' title='bbox 1175 3155 1296 3253; x_wconf 89' lang='lat' dir='ltr'><strong>qui</strong></span> <span class='ocrx_word' id='word_1_182' title='bbox 1330 3155 1632 3255; x_wconf 88' lang='lat' dir='ltr'><strong>rapuerit</strong></span> <span class='ocrx_word' id='word_1_183' title='bbox 1661 3157 1730 3225; x_wconf 90' lang='lat' dir='ltr'><strong>in</strong></span> <span class='ocrx_word' id='word_1_184' title='bbox 1768 3155 2101 3246; x_wconf 79' lang='lat' dir='ltr'><strong>comitiiS,</strong></span> <span class='ocrx_word' id='word_1_185' title='bbox 2133 3155 2253 3254; x_wconf 91' lang='lat' dir='ltr'><strong>qui</strong></span> <span class='ocrx_word' id='word_1_186' title='bbox 2286 3182 2377 3227; x_wconf 87' lang='lat' dir='ltr'><strong>ra-</strong></span> 
     </span>
     <span class='ocr_line' id='line_1_24' title="bbox 297 3267 2375 3369; baseline 0.003 -33"><span class='ocrx_word' id='word_1_187' title='bbox 297 3267 532 3365; x_wconf 86' lang='lat' dir='ltr'><strong>puerit</strong></span> <span class='ocrx_word' id='word_1_188' title='bbox 572 3294 756 3359; x_wconf 88' lang='lat' dir='ltr'><strong>eam,</strong></span> <span class='ocrx_word' id='word_1_189' title='bbox 803 3295 957 3367; x_wconf 80' lang='lat' dir='ltr'><strong>quae</strong></span> <span class='ocrx_word' id='word_1_190' title='bbox 1003 3270 1457 3341; x_wconf 88' lang='lat' dir='ltr'><strong>sacerdotium</strong></span> <span class='ocrx_word' id='word_1_191' title='bbox 1492 3270 1792 3369; x_wconf 82' lang='lat' dir='ltr'><strong>petebat3</strong></span> <span class='ocrx_word' id='word_1_192' title='bbox 1831 3270 2082 3361; x_wconf 90' lang='lat' dir='ltr'><strong>immo,</strong></span> <span class='ocrx_word' id='word_1_193' title='bbox 2130 3296 2219 3342; x_wconf 89' lang='lat' dir='ltr'><strong>ne</strong></span> <span class='ocrx_word' id='word_1_194' title='bbox 2267 3270 2375 3342; x_wconf 90' lang='lat' dir='ltr'><strong>in-</strong></span> 
     </span>
     <span class='ocr_line' id='line_1_25' title="bbox 294 3383 2371 3486; baseline 0.001 -32"><span class='ocrx_word' id='word_1_195' title='bbox 294 3401 540 3480; x_wconf 74' lang='lat' dir='ltr'><strong>gratus</strong></span> <span class='ocrx_word' id='word_1_196' title='bbox 571 3383 697 3453; x_wconf 87' lang='lat' dir='ltr'><strong>sim</strong></span> <span class='ocrx_word' id='word_1_197' title='bbox 726 3385 1040 3457; x_wconf 83' lang='lat' dir='ltr'><strong>adversus</strong></span> <span class='ocrx_word' id='word_1_198' title='bbox 1068 3386 1404 3459; x_wconf 80' lang='lat' dir='ltr'><strong>beneficia</strong></span> <span class='ocrx_word' id='word_1_199' title='bbox 1437 3386 1715 3485; x_wconf 81' lang='lat' dir='ltr'><strong>populi,</strong></span> <span class='ocrx_word' id='word_1_200' title='bbox 1743 3384 1890 3485; x_wconf 89' lang='lat' dir='ltr'><strong>jam</strong></span> <span class='ocrx_word' id='word_1_201' title='bbox 1922 3407 2265 3486; x_wconf 86' lang='lat' dir='ltr'><strong>quantum</strong></span> <span class='ocrx_word' id='word_1_202' title='bbox 2298 3387 2371 3457; x_wconf 88' lang='lat' dir='ltr'><strong>in</strong></span> 
     </span>
     <span class='ocr_line' id='line_1_26' title="bbox 291 3500 2375 3602; baseline 0 -30"><span class='ocrx_word' id='word_1_203' title='bbox 291 3500 422 3573; x_wconf 82' lang='lat' dir='ltr'><strong>illo</strong></span> <span class='ocrx_word' id='word_1_204' title='bbox 451 3521 630 3592; x_wconf 84' lang='lat' dir='ltr'><strong>erat,</strong></span> <span class='ocrx_word' id='word_1_205' title='bbox 660 3524 1025 3600; x_wconf 88' lang='lat' dir='ltr'><strong>acceperat.</strong></span> <span class='ocrx_word' id='word_1_206' title='bbox 1060 3505 1298 3602; x_wconf 76' lang='lat' dir='ltr'><strong>Longa</strong></span> <span class='ocrx_word' id='word_1_207' title='bbox 1319 3503 1490 3575; x_wconf 87' lang='lat' dir='ltr'><strong>ratio</strong></span> <span class='ocrx_word' id='word_1_208' title='bbox 1516 3524 1613 3573; x_wconf 90' lang='lat' dir='ltr'><strong>est</strong></span> <span class='ocrx_word' id='word_1_209' title='bbox 1630 3501 1684 3589; x_wconf 75' lang='lat'><strong>4,</strong></span> <span class='ocrx_word' id='word_1_210' title='bbox 1716 3501 2048 3599; x_wconf 89' lang='lat' dir='ltr'><strong>quoniam</strong></span> <span class='ocrx_word' id='word_1_211' title='bbox 2082 3503 2153 3573; x_wconf 86' lang='lat' dir='ltr'><strong>in</strong></span> <span class='ocrx_word' id='word_1_212' title='bbox 2181 3529 2375 3601; x_wconf 77' lang='lat' dir='ltr'><strong>argu-</strong></span> 
     </span>
    </p>
   </div>
   <div class='ocr_carea' id='block_1_4' title="bbox 285 3652 2376 3885">
    <p class='ocr_par' dir='ltr' id='par_1_4' title="bbox 285 3652 2376 3885">
     <span class='ocr_line' id='line_1_27' title="bbox 368 3652 2373 3725; baseline -0.003 -19"><span class='ocrx_word' id='word_1_213' title='bbox 368 3671 413 3706; x_wconf 84' lang='lat'><strong>1.</strong></span> <span class='ocrx_word' id='word_1_214' title='bbox 436 3656 566 3707; x_wconf 79' lang='lat' dir='ltr'><strong>Cum</strong></span> <span class='ocrx_word' id='word_1_215' title='bbox 583 3652 695 3705; x_wconf 79' lang='lat' dir='ltr'><strong>alio</strong></span> <span class='ocrx_word' id='word_1_216' title='bbox 709 3653 988 3716; x_wconf 65' lang='lat' dir='ltr'><strong>consistere.</strong></span> <span class='ocrx_word' id='word_1_217' title='bbox 1006 3657 1158 3725; x_wconf 79' lang='lat' dir='ltr'><strong>Lege,</strong></span> <span class='ocrx_word' id='word_1_218' title='bbox 1174 3671 1295 3707; x_wconf 84' lang='lat' dir='ltr'><strong>cum</strong></span> <span class='ocrx_word' id='word_1_219' title='bbox 1446 3654 1497 3705; x_wconf 87' lang='lat'><strong>3.</strong></span> <span class='ocrx_word' id='word_1_220' title='bbox 1523 3653 1597 3703; x_wconf 77' lang='lat' dir='ltr'><strong>Et</strong></span> <span class='ocrx_word' id='word_1_221' title='bbox 1605 3655 1732 3724; x_wconf 82' lang='lat' dir='ltr'><strong>jure</strong></span> <span class='ocrx_word' id='word_1_222' title='bbox 1744 3654 2000 3725; x_wconf 76' lang='lat' dir='ltr'><strong>qenn&#39;um.</strong></span> <span class='ocrx_word' id='word_1_223' title='bbox 2020 3652 2106 3702; x_wconf 78' lang='lat' dir='ltr'><strong>Ex</strong></span> <span class='ocrx_word' id='word_1_224' title='bbox 2107 3653 2232 3722; x_wconf 83' lang='lat' dir='ltr'><strong>jure</strong></span> <span class='ocrx_word' id='word_1_225' title='bbox 2248 3669 2373 3720; x_wconf 77' lang='lat' dir='ltr'><strong>qen-</strong></span> 
     </span>
     <span class='ocr_line' id='line_1_28' title="bbox 290 3730 1731 3802; baseline -0.003 -18"><span class='ocrx_word' id='word_1_226' title='bbox 290 3730 409 3784; x_wconf 74' lang='lat' dir='ltr'><strong>illo.</strong></span> <span class='ocrx_word' id='word_1_227' title='bbox 433 3732 601 3785; x_wconf 65' lang='lat' dir='ltr'><strong>Gnou.</strong></span> <span class='ocrx_word' id='word_1_228' title='bbox 619 3734 696 3784; x_wconf 82' lang='lat' dir='ltr'><strong>Ita</strong></span> <span class='ocrx_word' id='word_1_229' title='bbox 721 3747 775 3786; x_wconf 85' lang='lat' dir='ltr'><strong>et</strong></span> <span class='ocrx_word' id='word_1_230' title='bbox 795 3736 1093 3802; x_wconf 78' lang='lat' dir='ltr'><strong>conjecerat</strong></span> <span class='ocrx_word' id='word_1_231' title='bbox 1112 3732 1297 3785; x_wconf 82' lang='lat' dir='ltr'><strong>Schul-</strong></span> <span class='ocrx_word' id='word_1_232' title='bbox 1377 3732 1523 3784; x_wconf 78' lang='lat' dir='ltr'><strong>tium.</strong></span> <span class='ocrx_word' id='word_1_233' title='bbox 1549 3732 1731 3784; x_wconf 58' lang='lat' dir='ltr'><strong>Senum.</strong></span> 
     </span>
     <span class='ocr_line' id='line_1_29' title="bbox 285 3804 2376 3885; baseline -0.002 -23"><span class='ocrx_word' id='word_1_234' title='bbox 285 3812 520 3882; x_wconf 71' lang='lat' dir='ltr'><strong>tingitu,</strong></span> <span class='ocrx_word' id='word_1_235' title='bbox 542 3823 596 3865; x_wconf 88' lang='lat' dir='ltr'><strong>et</strong></span> <span class='ocrx_word' id='word_1_236' title='bbox 617 3813 816 3883; x_wconf 86' lang='lat' dir='ltr'><strong>recepit</strong></span> <span class='ocrx_word' id='word_1_237' title='bbox 830 3812 1082 3865; x_wconf 83' lang='lat' dir='ltr'><strong>Obrecht.</strong></span> <span class='ocrx_word' id='word_1_238' title='bbox 1446 3815 1496 3881; x_wconf 72' lang='grc'><strong>4.</strong></span> <span class='ocrx_word' id='word_1_239' title='bbox 1527 3814 1706 3885; x_wconf 45' lang='lat' dir='ltr'><strong>Lon-qa</strong></span> <span class='ocrx_word' id='word_1_240' title='bbox 1745 3813 1874 3864; x_wconf 71' lang='lat' dir='ltr'><strong>ratio</strong></span> <span class='ocrx_word' id='word_1_241' title='bbox 1908 3821 1994 3863; x_wconf 73' lang='lat' dir='ltr'><strong>est.</strong></span> <span class='ocrx_word' id='word_1_242' title='bbox 2026 3807 2086 3860; x_wconf 81' lang='lat' dir='ltr'><strong>ld</strong></span> <span class='ocrx_word' id='word_1_243' title='bbox 2123 3820 2227 3869; x_wconf 84' lang='lat' dir='ltr'><strong>est,</strong></span> <span class='ocrx_word' id='word_1_244' title='bbox 2260 3804 2376 3859; x_wconf 82' lang='lat' dir='ltr'><strong>Ion-</strong></span> 
     </span>
    </p>
   </div>
   <div class='ocr_carea' id='block_1_5' title="bbox 284 3884 2388 4265">
    <p class='ocr_par' dir='ltr' id='par_1_5' title="bbox 284 3884 2388 4265">
     <span class='ocr_line' id='line_1_30' title="bbox 364 3884 2376 3964; baseline -0.004 -21"><span class='ocrx_word' id='word_1_245' title='bbox 364 3908 413 3943; x_wconf 72' lang='lat' dir='ltr'><strong>a.</strong></span> <span class='ocrx_word' id='word_1_246' title='bbox 452 3891 737 3962; x_wconf 70' lang='lat' dir='ltr'><strong>Majestatis</strong></span> <span class='ocrx_word' id='word_1_247' title='bbox 757 3891 969 3942; x_wconf 74' lang='lat' dir='ltr'><strong>crimen.</strong></span> <span class='ocrx_word' id='word_1_248' title='bbox 994 3893 1114 3961; x_wconf 71' lang='lat' dir='ltr'><strong>Leg</strong></span> <span class='ocrx_word' id='word_1_249' title='bbox 1147 3889 1296 3941; x_wconf 70' lang='lat' dir='ltr'><strong>vide-</strong></span> <span class='ocrx_word' id='word_1_250' title='bbox 1372 3910 1499 3964; x_wconf 75' lang='lat' dir='ltr'><strong>qum</strong></span> <span class='ocrx_word' id='word_1_251' title='bbox 1519 3903 1615 3954; x_wconf 79' lang='lat' dir='ltr'><strong>est,</strong></span> <span class='ocrx_word' id='word_1_252' title='bbox 1637 3891 1767 3941; x_wconf 73' lang='lat' dir='ltr'><strong>ratio</strong></span> <span class='ocrx_word' id='word_1_253' title='bbox 1791 3907 1892 3959; x_wconf 82' lang='lat' dir='ltr'><strong>pro</strong></span> <span class='ocrx_word' id='word_1_254' title='bbox 1918 3907 2000 3953; x_wconf 86' lang='lat' dir='ltr'><strong>re,</strong></span> <span class='ocrx_word' id='word_1_255' title='bbox 2024 3884 2214 3937; x_wconf 85' lang='lat' dir='ltr'><strong>deinde</strong></span> <span class='ocrx_word' id='word_1_256' title='bbox 2233 3884 2376 3955; x_wconf 74' lang='lat' dir='ltr'><strong>lege,</strong></span> 
     </span>
     <span class='ocr_line' id='line_1_31' title="bbox 288 3963 2388 4044; baseline -0.003 -22"><span class='ocrx_word' id='word_1_257' title='bbox 288 3983 404 4036; x_wconf 79' lang='lat' dir='ltr'><strong>tur,</strong></span> <span class='ocrx_word' id='word_1_258' title='bbox 429 3971 665 4023; x_wconf 70' lang='lat' dir='ltr'><strong>crimine.</strong></span> <span class='ocrx_word' id='word_1_259' title='bbox 698 3974 842 4023; x_wconf 78' lang='lat' dir='ltr'><strong>Prru.</strong></span> <span class='ocrx_word' id='word_1_260' title='bbox 874 3969 1052 4022; x_wconf 86' lang='lat' dir='ltr'><strong>Barth.</strong></span> <span class='ocrx_word' id='word_1_261' title='bbox 1072 3968 1293 4023; x_wconf 81' lang='lat' dir='ltr'><strong>Advers.</strong></span> <span class='ocrx_word' id='word_1_262' title='bbox 1375 3988 1673 4044; x_wconf 77' lang='lat' dir='ltr'><strong>quanquam</strong></span> <span class='ocrx_word' id='word_1_263' title='bbox 1696 3969 1750 4018; x_wconf 78' lang='lat' dir='ltr'><strong>in</strong></span> <span class='ocrx_word' id='word_1_264' title='bbox 1769 3974 2166 4041; x_wconf 65' lang='lat' dir='ltr'><strong>argumentum,</strong></span> <span class='ocrx_word' id='word_1_265' title='bbox 2185 3976 2275 4015; x_wconf 80' lang='lat' dir='ltr'><strong>etc.</strong></span> <span class='ocrx_word' id='word_1_266' title='bbox 2304 3963 2388 4016; x_wconf 47' lang='lat' dir='ltr'><strong>lo*</strong></span> 
     </span>
     <span class='ocr_line' id='line_1_32' title="bbox 284 4046 2374 4124; baseline -0.003 -20"><span class='ocrx_word' id='word_1_267' title='bbox 284 4050 376 4104; x_wconf 83' lang='lat' dir='ltr'><strong>lib.</strong></span> <span class='ocrx_word' id='word_1_268' title='bbox 398 4051 477 4116; x_wconf 78' lang='lat' dir='ltr'><strong>X,</strong></span> <span class='ocrx_word' id='word_1_269' title='bbox 494 4070 544 4104; x_wconf 91' lang='lat' dir='ltr'><strong>c.</strong></span> <span class='ocrx_word' id='word_1_270' title='bbox 561 4051 788 4124; x_wconf 74' lang='lat' dir='ltr'><strong>331egit:</strong></span> <span class='ocrx_word' id='word_1_271' title='bbox 812 4076 834 4100; x_wconf 70' lang='lat' dir='ltr'><strong><em>a</em></strong></span> <span class='ocrx_word' id='word_1_272' title='bbox 854 4054 1144 4120; x_wconf 76' lang='lat' dir='ltr'><strong>Majestatis</strong></span> <span class='ocrx_word' id='word_1_273' title='bbox 1164 4051 1297 4106; x_wconf 85' lang='lat' dir='ltr'><strong>obli·</strong></span> <span class='ocrx_word' id='word_1_274' title='bbox 1375 4071 1523 4124; x_wconf 80' lang='lat' dir='ltr'><strong>quar.</strong></span> <span class='ocrx_word' id='word_1_275' title='bbox 1556 4066 1613 4102; x_wconf 84' lang='lat' dir='ltr'><strong>ut</strong></span> <span class='ocrx_word' id='word_1_276' title='bbox 1643 4049 2039 4102; x_wconf 67' lang='lat' dir='ltr'><strong>necta-natione</strong></span> <span class='ocrx_word' id='word_1_277' title='bbox 2074 4048 2202 4116; x_wconf 82' lang='lat'><strong>257:</strong></span> <span class='ocrx_word' id='word_1_278' title='bbox 2249 4069 2271 4093; x_wconf 73' lang='grc' dir='ltr'><strong>α</strong></span> <span class='ocrx_word' id='word_1_279' title='bbox 2293 4046 2374 4098; x_wconf 82' lang='lat' dir='ltr'><strong>Ne</strong></span> 
     </span>
     <span class='ocr_line' id='line_1_33' title="bbox 291 4127 2375 4204; baseline -0.001 -22"><span class='ocrx_word' id='word_1_280' title='bbox 291 4151 315 4176; x_wconf 76' lang='grc' dir='ltr'>ι</span> <span class='ocrx_word' id='word_1_281' title='bbox 332 4129 582 4201; x_wconf 57' lang='lat' dir='ltr'><strong>ambitur,</strong></span> <span class='ocrx_word' id='word_1_282' title='bbox 619 4133 665 4183; x_wconf 79' lang='lat' dir='ltr'><strong>si</strong></span> <span class='ocrx_word' id='word_1_283' title='bbox 699 4131 903 4201; x_wconf 75' lang='lat' dir='ltr'><strong>legatus</strong></span> <span class='ocrx_word' id='word_1_284' title='bbox 940 4131 1064 4197; x_wconf 86' lang='lat' dir='ltr'><strong>erit,</strong></span> <span class='ocrx_word' id='word_1_285' title='bbox 1100 4132 1296 4183; x_wconf 85' lang='lat' dir='ltr'><strong>crimen</strong></span> <span class='ocrx_word' id='word_1_286' title='bbox 1383 4155 1403 4179; x_wconf 70' lang='grc' dir='ltr'><strong>α</strong></span> <span class='ocrx_word' id='word_1_287' title='bbox 1425 4133 1718 4204; x_wconf 75' lang='lat' dir='ltr'><strong>argumenti</strong></span> <span class='ocrx_word' id='word_1_288' title='bbox 1742 4130 1954 4203; x_wconf 84' lang='lat' dir='ltr'><strong>quidem</strong></span> <span class='ocrx_word' id='word_1_289' title='bbox 1977 4146 2137 4182; x_wconf 77' lang='lat' dir='ltr'><strong>causa</strong></span> <span class='ocrx_word' id='word_1_290' title='bbox 2155 4127 2375 4181; x_wconf 76' lang='lat' dir='ltr'><strong>dicenda</strong></span> 
     </span>
     <span class='ocr_line' id='line_1_34' title="bbox 292 4209 1807 4265; baseline 0.001 -4"><span class='ocrx_word' id='word_1_291' title='bbox 292 4231 315 4261; x_wconf 71' lang='grc' dir='ltr'>ι</span> <span class='ocrx_word' id='word_1_292' title='bbox 332 4210 480 4263; x_wconf 77' lang='lat' dir='ltr'><strong>bello</strong></span> <span class='ocrx_word' id='word_1_293' title='bbox 511 4209 885 4262; x_wconf 74' lang='lat' dir='ltr'><strong>vindicabitur.</strong></span> <span class='ocrx_word' id='word_1_294' title='bbox 909 4231 931 4258; x_wconf 76' lang='lat' dir='ltr'>n</span> <span class='ocrx_word' id='word_1_295' title='bbox 1378 4226 1513 4264; x_wconf 76' lang='lat' dir='ltr'><strong>sunt.</strong></span> <span class='ocrx_word' id='word_1_296' title='bbox 1534 4235 1556 4258; x_wconf 77' lang='grc' dir='ltr'><strong>ι·</strong></span> <span class='ocrx_word' id='word_1_297' title='bbox 1589 4213 1807 4265; x_wconf 68' lang='grc' dir='ltr'><strong>δυειυιν.</strong></span> 
     </span>
    </p>
   </div>
   <div class='ocr_carea' id='block_1_6' title="bbox 503 4299 2094 4353">
    <p class='ocr_par' dir='ltr' id='par_1_6' title="bbox 503 4299 2094 4353">
     <span class='ocr_line' id='line_1_35' title="bbox 503 4299 2094 4353; baseline -0.001 -1"><span class='ocrx_word' id='word_1_298' title='bbox 503 4301 557 4353; x_wconf 85' lang='grc'><strong>6.</strong></span> <span class='ocrx_word' id='word_1_299' title='bbox 2062 4299 2094 4350; x_wconf 87' lang='grc'>3</span> 
     </span>
    </p>
   </div>
  </div>
 </body>
</html>
