3200 5117
714 572 839 614 noo
1221 545 1315 608 M.
1362 540 1613 606 FABII
1655 539 2298 624 QUINTILIANI

706 669 849 739 liri:
878 696 963 737 an
988 670 1099 736 ille
1123 666 1447 758 parricida
1471 666 1690 733 fuerit.
1720 668 1796 730 In
1821 663 1950 730 hoc
1975 665 2340 754 probativae
2365 662 2518 730 duae
2534 689 2575 741 ¹,
2600 665 2808 734 altera

707 782 963 843 παθητικὴ
979 828 996 858 ,
1029 776 1232 843 altera
1252 777 1608 858 πραγματικὴ,
1637 771 1711 837 id
1734 789 1863 851 est,
1888 773 2169 840 affectus
2206 788 2275 838 et
2301 771 2470 863 juris
2494 775 2808 861 quaestio-

710 907 852 949 nes.
884 885 984 947 An
1009 881 1356 947 damnatus
1389 880 1474 944 sit
1505 901 1625 944 sua
1657 879 2015 958 sententia,
2047 879 2163 968 qui
2195 881 2319 946 sibi
2361 904 2600 954 manus
2631 901 2806 953 attu-

710 990 818 1054 lit:
845 1013 929 1054 an
954 1006 1021 1054 et
1038 987 1124 1053 de
1143 988 1258 1052 illo
1272 984 1683 1078 judicatum²
1706 984 1821 1063 sit,
1846 1007 2055 1075 quum
2076 985 2279 1052 frater
2298 987 2440 1077 ejus
2464 991 2808 1088 convictus

712 1098 833 1162 sit:
864 1119 947 1160 an
985 1117 1121 1159 non
1157 1094 1369 1182 possit
1404 1091 1751 1182 quisquam
1797 1107 2100 1157 mortuus
2126 1090 2458 1161 damnari:
2500 1098 2698 1162 etiam
2733 1113 2810 1162 ut

710 1202 867 1267 alias
891 1223 1091 1266 nemo
1113 1198 1346 1288 possit,
1365 1222 1450 1264 an
1471 1198 1524 1266 is
1545 1198 1780 1288 utique
1801 1199 2123 1285 potuerit,
2146 1200 2263 1289 qui
2288 1202 2355 1266 in
2378 1220 2562 1269 reatu
2590 1204 2807 1293 periit.

714 1308 960 1374 Ultima
1006 1307 1343 1397 peragitur
1388 1304 1667 1394 qualitas
1685 1299 1734 1383 3,
1787 1302 1858 1368 in
1909 1327 2040 1394 qua
2091 1305 2293 1373 totius
2342 1310 2808 1374 controversia!

712 1416 883 1479 vires
915 1427 1109 1479 sunt:
1139 1411 1334 1503 quale
1366 1409 1563 1501 hujus
1596 1411 1879 1490 faetum3
1911 1427 2131 1476 utrum
2159 1413 2351 1477 venia
2383 1413 2694 1504 dignum,
2720 1438 2808 1480 an

713 1519 1134 1585 damnatione
1167 1518 1283 1598 sit,
1316 1517 1385 1582 in
1419 1540 1549 1607 qua
1580 1518 1970 1583 motatione
1997 1522 2284 1586 παθητικῶς
2315 1542 2439 1607 pro
2467 1519 2808 1609 republica

716 1623 1218 1715 indignandum.

1405 1799 2108 1865 DECLAMATIO.

812 1959 1076 2062 Sepulti
1113 1987 1276 2060 ergo
1314 1982 1571 2052 essent,
1619 1982 1686 2033 et
1717 1982 1969 2034 aeterua
2001 1962 2234 2058 quiete
2265 1962 2525 2034 conditi
2552 1961 2810 2063 jacuis-

717 2098 870 2151 sent
895 2077 1248 2177 parricidae
1279 2077 1569 2152 manes4
1591 2078 1793 2179 juxta
1824 2079 2033 2178 patris
2066 2078 2245 2150 latus
2264 2136 2282 2170 ,
2315 2100 2427 2171 ut,
2459 2080 2649 2179 quod
2674 2081 2807 2153 diis

718 2191 1268 2292 hominibusque
1290 2194 1602 2268 videatur
1629 2193 2004 2294 indignum
2022 2251 2042 2285 ,
2075 2195 2352 2267 tumulo
2380 2215 2598 2267 tectus
2620 2196 2810 2268 vide-

719 2328 928 2398 retur,
949 2307 1063 2380 cui
1083 2306 1269 2408 leges
1284 2329 1538 2382 terram
1553 2329 1852 2407 negant3
1876 2308 1948 2380 in
1972 2308 2081 2410 cuj
2092 2336 2169 2381 us
2190 2310 2556 2401 cruciatuS,
2582 2337 2806 2409 quum

720 2422 959 2495 omnia
990 2445 1391 2498 commenta
1419 2425 1506 2498 sit
1526 2424 1941 2524 antiquitaS,
1971 2425 2237 2497 citerior
2265 2446 2502 2498 tamen
2536 2447 2637 2498 est
2666 2453 2811 2526 poe-

718 2564 812 2609 na
829 2595 847 2629 ,
871 2563 1085 2635 quam
1109 2538 1332 2612 scelus
1354 2571 1374 2629 ;
1400 2538 1603 2639 eujus
1632 2539 1862 2611 statim
1891 2567 2045 2631 ora,
2070 2539 2443 2640 oculosque
2473 2568 2513 2612 a
2530 2569 2561 2640 J
2573 2540 2803 2612 udicio

796 2751 814 2785 ι
828 2775 839 2786 .
862 2734 927 2785 In
948 2734 1046 2787 hoc
1061 2736 1346 2807 probativa?
1361 2736 1493 2790 duoe.
1513 2738 1723 2806 Quinti-

719 2817 844 2868 lian.
868 2815 1029 2882 lib.V‚
1057 2836 1104 2869 c.
1133 2834 1222 2884 12,
1243 2838 1306 2889 9,
1335 2818 1403 2871 de
1429 2837 1532 2871 usu
1559 2838 1720 2890 argu-

718 2907 1013 2947 mentorum
1038 2916 1050 2945 =
1095 2917 1118 2942 α
1138 2897 1230 2950 His
1266 2895 1483 2968 quidam
1524 2897 1722 2969 proba-

725 2997 747 3021 κ
766 2977 936 3028 tiones
957 3012 974 3041 ‚
1013 2977 1185 3048 inquit
1206 3015 1223 3042 ‚
1266 2976 1520 3049 adJiciunt
1533 3016 1552 3046 ‚
1590 2996 1722 3049 quas

723 3078 746 3102 ι
764 3050 1037 3110 eae-ermae
1050 3067 1270 3122 vocant,
1285 3054 1473 3109 ductas
1488 3074 1548 3108 ex
1562 3057 1724 3108 affec·

722 3157 744 3181 a
765 3136 921 3190 tibus.
939 3160 962 3184 ι
992 3134 1327 3205 Πριγμινηεόν
1349 3150 1527 3190 autem
1553 3156 1722 3208 genus

719 3232 887 3267 causae
917 3213 1009 3267 lib.
1037 3216 1135 3281 111,
1164 3216 1281 3282 c.6‚
1307 3216 1395 3282 35,
1410 3234 1474 3268 ex
1496 3214 1723 3288 Apollo-

719 3289 854 3342 doro
872 3292 1094 3359 diffinit,
1115 3316 1137 3341 a
1159 3292 1307 3364 quod
1327 3295 1381 3346 in
1400 3294 1557 3347 rebus
1576 3308 1722 3347 extra

725 3394 747 3419 a
767 3374 950 3443 positis
971 3410 988 3438 ‚
1032 3377 1308 3427 consistit:
1356 3372 1465 3444 mpi
1513 3374 1682 3432 invola:
1702 3414 1719 3437 ,

724 3475 748 3499 ι
769 3451 916 3523 quod
960 3456 1016 3504 in
1062 3455 1401 3524 opinionibus
1450 3458 1664 3511 nostris.
1692 3480 1715 3504 ι

718 3534 903 3587 Cicero
922 3532 1066 3586 libris
1086 3533 1154 3587 de
1168 3536 1393 3590 Oratore
1407 3538 1720 3612 negotialem

718 3625 905 3665 statum
934 3610 1198 3683 appellat,
1223 3617 1277 3666 in
1306 3634 1413 3687 quo
1440 3615 1567 3688 quid
1588 3619 1721 3687 juris

720 3714 783 3745 ex
805 3693 945 3745 civili
968 3712 1114 3745 more
1139 3708 1193 3746 et
1214 3699 1458 3768 aequitate
1483 3699 1574 3762 sit,
1599 3717 1724 3750 con-

718 3773 1008 3825 sideratur:
1040 3795 1063 3819 κ
1079 3775 1165 3825 cui
1189 3772 1495 3846 diligentiae,
1520 3779 1722 3848 inquit,

725 3877 748 3901 ιι
764 3873 988 3925 praeesse
1029 3854 1174 3926 apud
1214 3875 1313 3909 nos
1353 3858 1720 3928 jurisconsulti

722 3956 745 3980 κ
766 3937 1141 3989 existimantur.
1152 3959 1175 3982 ι
1184 3935 1340 4011 Apud
1351 3937 1722 4013 Graecospraq·

719 4013 896 4064 matici
914 4013 1180 4081 dicuntur,
1200 4016 1291 4086 qui
1313 4015 1613 4068 oratoribus
1627 4018 1723 4067 mi·

720 4091 870 4143 nisti-i
897 4106 948 4144 et
978 4092 1248 4162 adjmores
1275 4094 1556 4147 dabantur.
1584 4098 1721 4149 Hinc

719 4167 1074 4234 Quintilianus
1098 4171 1184 4224 hic
1209 4187 1391 4225 noster
1413 4175 1604 4239 facete,
1627 4174 1719 4227 lib.

718 4244 840 4314 ΧΠ,
871 4266 916 4301 c.
948 4249 1011 4314 3,
1032 4249 1094 4316 4,
1121 4269 1211 4303 eos
1240 4250 1310 4302 ad
1335 4251 1537 4305 arculas
1551 4253 1723 4306 sedere

1799 2739 1898 2803 ait,
1926 2750 1979 2791 et
1999 2739 2103 2792 tela
2125 2740 2387 2812 agentibus
2405 2738 2800 2793 subministrare.

1799 2822 1979 2872 AEuon.
2004 2822 2340 2875 Probationes
2362 2821 2500 2872 idem
2524 2818 2663 2890 legit.

1873 2917 1921 2950 α.
1941 2897 2028 2950 An
2049 2898 2546 2971 deillojudicatum.
2563 2901 2644 2950 An
2664 2916 2803 2964 non,

1797 2978 2228 3051 proejudicatum?

1885 3060 1934 3111 3.
1991 3059 2192 3110 Ultima
2245 3060 2517 3131 peragitur
2560 3057 2802 3133 qualitas.

1801 3136 2008 3189 Scribe:
2039 3136 2238 3189 Ultima
2259 3157 2289 3188 e
2310 3138 2611 3209 specialibus
2631 3137 2808 3211 quali-

1801 3224 1893 3267 tas.
1932 3216 2179 3279 Dixerat,
2213 3215 2357 3266 Hinc
2388 3215 2632 3289 speciales
2660 3235 2808 3290 quoe-

1799 3295 1999 3347 stiones.
2012 3293 2179 3344 Guou.
2193 3293 2392 3345 Ultima
2402 3294 2676 3367 parricidii
2688 3314 2808 3368 qua·

1801 3374 1921 3427 litas
1937 3377 1991 3426 iu
2013 3375 2247 3445 margine
2262 3377 2539 3428 Franciani
2553 3375 2698 3440 libri,
2714 3375 2809 3428 sed

1800 3455 1900 3508 alia
1925 3473 2101 3507 manu.
2136 3455 2350 3508 Ultima·
2372 3458 2529 3508 etiam
2555 3455 2733 3509 AErod.

1872 3533 1922 3599 4.
1966 3534 2248 3586 Parricidoe
2290 3554 2483 3588 manes.
2526 3533 2704 3587 AErod.
2750 3548 2806 3586 et

1800 3612 2053 3667 Obrecht.
2073 3615 2270 3668 tollunt
2293 3617 2805 3687 interpunctionem,

1802 3705 1853 3745 et
1875 3691 2083 3763 legunt,
2092 3695 2376 3766 jacuissent
2391 3694 2666 3765 parricidoe
2688 3713 2808 3745 ma-

1803 3792 1889 3827 nes
1889 3794 1941 3847 J
1958 3792 2015 3845 p.
2039 3774 2074 3827 Ι.
2100 3788 2198 3827 etc.
2222 3773 2414 3847 quibus
2433 3792 2554 3825 cum
2581 3776 2690 3847 Rip.
2715 3775 2807 3828 ad-

1801 3856 2129 3927 stipulamur.
2147 3858 2238 3909 Eo.
2251 3885 2322 3896 --
2334 3855 2565 3909 citerior.
2578 3855 2807 3928 Elegan-

1801 3949 1987 4007 terpro
1998 3939 2198 3988 minor:
2215 3948 2271 3986 ut
2282 3937 2349 3986 ita
2363 3936 2494 3987 citra
2505 3955 2643 4008 saepe
2658 3937 2710 3987 in
2723 3935 2803 3987 his

1799 4015 2287 4069 Declamationibus
2298 4053 2315 4078 ‚
2331 4029 2384 4068 et
2398 4014 2464 4067 de
2480 4035 2588 4087 quo
2605 4017 2803 4085 egimus

1802 4092 1868 4144 ad
1879 4095 2052 4146 Ovidii
2063 4096 2282 4165 elegiam
2296 4097 2348 4146 in
2369 4095 2699 4156 Drusum,vs.
2715 4093 2800 4145 50.

1799 4176 1892 4226 Eo.
1907 4206 1976 4214 —-
1994 4179 2142 4248 Cujus
2158 4178 2352 4228 statim.
2373 4177 2472 4228 cm·
2482 4176 2656 4228 statim
2680 4192 2800 4239 ora,

1803 4255 1907 4310 AEr.
1930 4256 2154 4325 Abduci,
2177 4274 2341 4329 marg.
