3200 5117
712 513 792 595 78
1206 507 1299 571 tt
1347 502 1599 570 FABn
1645 493 2290 583 QUINTILIANI

709 758 1187 784 mmm

2369 747 2372 748 ⁷
2449 749 2796 772 mmm

1490 923 1954 1024 'CCLXL

1276 1179 1608 1277 AEquatio
1632 1178 2231 1276 patrimoniorum.

719 1367 791 1429 ln
824 1387 947 1450 qua
979 1363 1219 1425 civitate
1248 1357 1603 1442 frequenter
1630 1357 1884 1439 tyranni
1911 1367 2120 1430 erant,
2153 1354 2274 1417 fert
2294 1353 2548 1437 quidam
2571 1355 2767 1437 legem
2785 1399 2803 1427 ,

1345 1469 1416 1518 ut
1438 1453 1812 1540 patrimonia
1833 1465 2173 1535 aequentur.

1577 1645 1943 1715 SERMO.

814 1813 973 1877 Haec
997 1831 1267 1901 quoque
1296 1797 1647 1898 aliquoties
1674 1821 1944 1872 tractata
1971 1806 2414 1873 controversia
2443 1817 2569 1885 est,
2597 1823 2663 1871 et
2690 1825 2809 1893 per

727 1939 1014 1985 summas
1047 1913 1257 2005 digeri
1294 1930 1534 2002 potest.

1414 2089 2114 2155 DECLAMATIO.

790 2233 1111 2306 Primum
1131 2232 1537 2304 incusamus
1550 2231 1780 2330 legem
1796 2253 1940 2302 non
1957 2230 2118 2302 satis
2133 2229 2602 2329 significanter
2613 2231 2815 2329 scrip-

734 2371 908 2436 tam,
945 2365 1012 2419 et
1049 2343 1278 2419 multa
1305 2344 1599 2418 obscura
1628 2344 1702 2415 in
1735 2370 1807 2417 se
1840 2343 2222 2418 habentem
2250 2371 2265 2415 :
2311 2367 2478 2416 nam
2505 2344 2638 2418 hoc
2671 2371 2815 2415 non

734 2463 890 2536 satis
905 2460 1231 2552 distinxit,
1252 2482 1581 2533 utrumne
1594 2459 2024 2560 patrimonia
2039 2485 2229 2532 nunc
2247 2445 2536 2532 demum
2564 2457 2815 2558 aequari

736 2598 1079 2679 oporteat,
1105 2603 1197 2650 an
1225 2577 1489 2675 quoties
1513 2575 1798 2676 aliquod
1828 2578 2202 2666 eminebit3
2232 2603 2320 2648 an
2339 2577 2398 2648 si
2422 2601 2577 2648 vere
2604 2599 2818 2647 reme-

738 2692 938 2764 dium
952 2690 1028 2761 id
1045 2689 1275 2762 solum
1289 2713 1415 2789 pro
1432 2690 1789 2790 republica
1809 2711 1928 2780 est,
1949 2705 2370 2791 perpetuum
2387 2717 2532 2765 esse
2548 2689 2815 2762 debeat:

738 2827 808 2877 et
830 2804 987 2878 ideo
1021 2804 1129 2876 lex
1156 2804 1623 2914 repudianda,
1662 2806 1829 2904 quia
1868 2806 2000 2878 hoc
2036 2833 2180 2879 non
2209 2807 2365 2879 satis
2402 2806 2715 2907 dispexit.
2750 2805 2820 2876 Si

640 2961 661 2972 κ
741 2919 886 2992 haec
913 2917 1013 2991 vis
1042 2940 1142 2992 est
1167 2916 1334 3017 legis
1366 2918 1561 2992 istius
1579 2976 1602 3010 ‚
1630 2941 1708 2992 ut
1733 2921 1820 2992 sit
1845 2920 1931 2993 de
1961 2922 2349 3021 aequalitate
2377 2919 2821 3021 patrimonio-

738 3059 934 3124 rum3
975 3032 1163 3106 idem
1201 3058 1448 3106 census
1480 3035 1815 3107 omnibus
1853 3035 2085 3125 detur;
2125 3062 2366 3108 omnes
2402 3061 2597 3134 paene
2638 3035 2818 3123 dies»,

745 3148 987 3223 omnia
1005 3171 1322 3250 tempora
1350 3178 1625 3225 necesse
1656 3153 1780 3225 erit
1807 3152 1881 3225 in
1913 3152 2044 3225 hac
2073 3151 2439 3252 partitione
2468 3150 2822 3239 consumi,

746 3262 804 3333 si
837 3263 997 3360 quis
1020 3264 1354 3363 frugalius
1388 3265 1655 3356 vixerit,
1693 3270 1746 3338 si
1784 3268 1937 3363 quis
1966 3266 2376 3339 luxuriosius
2412 3266 2672 3338 vixerit.
2709 3268 2828 3338 Est

747 3397 1070 3474 praeterea
1115 3401 1349 3451 contra
1393 3379 1578 3479 leges
1624 3405 1862 3452 omnes
1899 3381 2150 3480 scripta
2188 3379 2332 3454 haec
2368 3375 2518 3456 leit:
2567 3381 2829 3479 quippe

748 3487 1027 3560 nullum
1057 3489 1173 3590 jus
1202 3518 1346 3564 non
1389 3493 1482 3564 ita
1524 3493 1989 3590 compositum
2020 3515 2155 3583 est,
2185 3516 2262 3566 ut
2299 3523 2508 3569 suum
2537 3494 2828 3592 quisque

751 3603 1042 3693 habeat,
1086 3625 1150 3677 et
1176 3604 1403 3678 alieno
1430 3607 1783 3679 abstineat.
1827 3606 1963 3679 Sed
1990 3633 2079 3678 ne
2109 3610 2359 3681 servari
2390 3608 2677 3707 quidem
2708 3632 2832 3705 po-

750 3741 916 3793 test:
951 3719 1125 3820 quid
1149 3721 1344 3793 enim
1368 3723 1686 3795 futurum
1721 3723 1860 3795 est?
1898 3744 2221 3822 praetereo
2246 3725 2419 3796 illud
2439 3780 2459 3811 ,
2485 3722 2675 3822 quod
2705 3720 2832 3793 ali-

750 3834 873 3931 qui
921 3835 1493 3933 negotiabuntur,
1531 3837 1745 3935 aliqui
1790 3838 2186 3936 acquirent,
2220 3837 2437 3935 aliqui
2476 3835 2833 3936 frugaliter

754 3947 1022 4022 vivent?
1072 3978 1227 4051 quae
1271 3953 1438 4024 ratio
1490 3954 1968 4052 relinquenda}
2015 3953 2411 4027 hereditatis
2451 3952 2627 4025 erit?
2682 3978 2832 4049 quae

756 4065 924 4137 ratio
963 4065 1583 4143 testamentorum?
1621 4098 1842 4170 quum
1887 4071 1984 4161 is,
2024 4072 2145 4171 qui
2186 4070 2464 4144 creverit
2493 4069 2835 4142 heredita-

756 4196 935 4268 tem,
979 4180 1312 4254 continuo
1342 4209 1487 4255 non
1517 4182 1677 4282 plus
1701 4185 1792 4258 sit
1811 4183 2213 4280 habiturus»,
2244 4211 2461 4283 quam
2486 4181 2740 4269 caeteri,
2770 4199 2866 4254 et.
