3200 5117
757 554 884 631 340
1255 553 1348 614 M.
1397 550 1650 614 FABII
1696 548 2336 632 QUINTILIANI

753 673 947 746 diasti
1002 701 1016 744 :
1091 673 1265 746 nihil
1330 683 1593 745 certum
1665 672 2248 770 manifestumque
2312 675 2712 771 cognovisse
2775 696 2840 748 te

752 790 1001 880 credo;
1049 809 1318 861 tantum
1372 788 1771 886 repudiasti.
1819 787 2327 886 Qualecunque
2371 809 2604 861 tamen
2656 790 2841 863 istud

751 928 881 997 est,
931 933 1073 977 non
1120 905 1537 977 mediocrem
1584 903 1799 976 habet
1837 930 2117 976 morum
2161 930 2449 976 suorum
2493 904 2842 979 defensio-

650 1047 654 1054 ·
749 1048 951 1110 nem,
977 1020 1084 1092 vel
1115 1019 1334 1117 ipsam
1364 1038 1776 1117 egestatem:
1815 1017 1932 1090 illa
1960 1016 2354 1118 prostituta,
2389 1047 2543 1118 qua:
2576 1048 2647 1094 se
2682 1048 2840 1095 om-

748 1137 948 1207 nium
970 1134 1320 1207 amoribus
1334 1133 1680 1234 permisit,
1705 1135 1891 1205 fame
1905 1134 2058 1235 jam
2083 1133 2417 1232 periisset,
2445 1135 2579 1210 nisi
2607 1137 2836 1214 filium

743 1250 1117 1323 habuisset.
1143 1252 1387 1348 Neque
1417 1249 1662 1348 ignoro
1688 1273 1847 1321 mea
1873 1247 1980 1321 vel
2009 1249 2323 1321 tarditate
2341 1304 2360 1328 .
2384 1250 2487 1322 vel
2513 1276 2836 1324 verecun-

743 1365 860 1438 dia
901 1367 1204 1454 factum,
1243 1364 1431 1462 quod
1464 1363 1643 1436 mihi
1682 1390 1887 1436 causa
1924 1364 2164 1435 matris
2207 1390 2378 1437 meae
2412 1363 2528 1436 hic
2568 1366 2837 1464 agenda

743 1505 871 1572 est,
892 1482 1079 1579 quod
1102 1503 1243 1552 tam
1267 1507 1446 1571 sero,
1470 1479 1662 1578 quod
1684 1505 1874 1550 nunc
1898 1478 2189 1551 demum
2207 1536 2226 1570 ,
2257 1500 2622 1579 postquam
2650 1481 2831 1580 ipse,

741 1597 913 1669 dum
956 1596 1311 1686 misereor,
1352 1594 1644 1666 offendi.
1679 1594 1971 1666 Utinam
2009 1593 2302 1692 adjicere
2325 1609 2342 1639 ¹
2385 1595 2576 1695 apud
2612 1617 2676 1668 te
2710 1622 2832 1669 vo-

741 1712 975 1784 luisset
1014 1710 1176 1798 illa,
1225 1734 1380 1807 quae
1419 1708 1596 1780 mihi
1634 1708 1945 1807 quotidie
1988 1707 2125 1779 ait:
2167 1710 2312 1799 Ita,
2356 1735 2482 1806 ego
2522 1709 2829 1782 adultera

738 1825 869 1897 hoc
902 1843 1211 1923 tempore
1230 1880 1249 1914 ‚
1278 1823 1351 1895 in
1382 1822 1510 1894 hac
1540 1823 1987 1922 potissimum
2015 1843 2206 1895 aetate
2225 1880 2243 1912 ,
2281 1843 2437 1922 post
2466 1823 2695 1895 filium
2723 1881 2741 1912 ,
2767 1845 2831 1896 et

739 1961 892 2039 post
926 1939 1150 2011 filium
1185 1938 1558 2038 juvenem:
1605 1937 1907 2010 affirmat
1949 1936 2106 2008 ideo
2149 1963 2221 2008 se
2259 1937 2446 2010 cibos
2485 1938 2828 2037 accipere,

738 2056 896 2128 ideo
923 2054 1314 2156 protrahere
1343 2055 1553 2127 vitam
1574 2110 1592 2143 ‚
1630 2074 1706 2125 ut
1736 2052 1862 2125 tibi
1891 2052 1977 2124 de
2000 2051 2337 2153 pudicitia
2363 2080 2490 2126 sua
2524 2054 2825 2152 liqueat:

737 2193 904 2244 sunt
930 2172 1057 2244 ista
1076 2227 1094 2261 ‚
1125 2197 1279 2271 quae
1313 2196 1587 2242 movere
1621 2191 1685 2240 te
1713 2195 1992 2268 quoque
2020 2168 2395 2268 potuerint.
2423 2172 2572 2268 Ego
2598 2191 2829 2242 tamen

737 2286 812 2357 in
837 2285 1228 2386 praesentia,
1249 2285 1500 2359 omissa
1528 2284 1724 2358 omni
1750 2283 2187 2371 defensione,
2217 2283 2391 2355 illud
2419 2284 2827 2384 respondere

736 2424 1094 2475 contentus
1138 2430 1339 2492 sum3
1393 2401 1978 2498 Qualemcunque
2025 2399 2211 2472 alui:
2263 2401 2683 2498 quantulum
2733 2423 2830 2473 est

737 2519 924 2591 enim
948 2576 966 2606 ,
998 2516 1188 2615 quod
1221 2515 1653 2615 praestiterim
1688 2541 1815 2613 ego
1851 2513 1997 2603 illi,
2036 2512 2245 2586 etiam
2288 2514 2640 2586 invidiosas
2665 2516 2825 2612 pie-

736 2635 891 2706 tatis
925 2631 1157 2703 filius?
1200 2659 1342 2703 non
1389 2630 1545 2730 plus
1588 2631 1663 2701 in
1704 2650 1999 2701 matrem
2040 2630 2338 2719 contuli,
2377 2656 2585 2728 quam
2629 2630 2819 2727 quod

735 2746 1061 2848 patereris
1095 2746 1337 2817 datum
1382 2770 1524 2816 esse
1564 2743 1924 2815 meretrici.
1968 2744 2100 2816 Sed
2142 2745 2317 2816 clam
2352 2765 2419 2814 et
2452 2743 2817 2841 ignorante

738 2883 842 2944 te:
887 2860 1072 2932 unde
1107 2859 1284 2932 mihi
1323 2879 1584 2930 tantam
1623 2857 2058 2949 felicitatem,
2103 2879 2179 2930 ut
2214 2858 2342 2928 hoc
2385 2856 2650 2929 crimen
2684 2857 2822 2931 sit?

736 2976 915 3048 Volo
942 2975 1171 3071 itaque
1197 2972 1618 3070 interrogare
1644 2972 2092 3069 praesentibus
2121 2972 2230 3044 his
2247 3029 2265 3063 ‚
2291 2999 2461 3071 quos
2478 2972 2825 3046 habemus

733 3088 1033 3190 judices,
1065 3086 1237 3184 quid
1273 3086 1417 3157 fieri
1454 3086 1877 3184 oportuerit:
1914 3112 2150 3183 rogare
2189 3107 2254 3157 te
2300 3085 2557 3158 debui?
2584 3114 2823 3160 exora-

738 3223 844 3274 tus
875 3202 1084 3300 igitur
1110 3201 1388 3289 fuisseS‚
1432 3199 1486 3271 si
1530 3199 1920 3298 petiissem?
1953 3200 2083 3272 hoc
2114 3201 2491 3298 responde,
2528 3200 2661 3274 hoc
2692 3230 2821 3273 an-

739 3341 920 3406 nue,
960 3336 1027 3387 et
1071 3316 1333 3388 crimen
1377 3314 1828 3387 confiteb0r2.
1862 3315 2165 3387 Aluisses
2201 3339 2405 3414 ergo,
2444 3313 2500 3384 si
2545 3316 2823 3388 scisses?

817 3562 860 3598 t.
883 3544 1133 3618 Acijicere.
1154 3546 1220 3597 Id
1236 3547 1417 3599 dicere.
1437 3547 1739 3599 Senum.—-
1816 3561 2031 3600 tuen-unt
2048 3546 2350 3601 adnotantis
2363 3548 2419 3599 in
2432 3549 2700 3618 margine,
2717 3546 2818 3599 hoc

738 3625 1068 3680 Pmstiterim
1100 3645 1193 3698 eqo
1226 3627 1326 3680 fui.
1365 3628 1739 3682 praestiterim?
1816 3628 2169 3682 firmissimum
2196 3647 2312 3682 esse
2338 3641 2744 3700 argumentum,
2770 3641 2818 3680 et

736 3706 852 3779 qu
868 3705 1125 3758 illectiam
1146 3710 1184 3759 i.
1201 3729 1257 3781 p.
1268 3708 1321 3779 f.
1340 3728 1444 3761 non
1461 3708 1613 3782 plus,
1635 3723 1735 3762 etc.
1816 3730 1998 3765 necem
2024 3730 2085 3764 ac
2101 3712 2345 3782 jugulum
2364 3711 2564 3763 afferre
2583 3710 2817 3762 adversa·

736 3788 882 3841 -Ut
901 3786 998 3839 hoc
1013 3789 1226 3841 crimen.
1247 3789 1321 3840 Et
1337 3788 1434 3839 hoc
1451 3792 1739 3843 crimen.——
1816 3794 1914 3845 rio.
1962 3795 2096 3845 Nam
2140 3808 2293 3864 pater
2342 3794 2397 3844 in
2445 3809 2823 3864 quamcunque

740 3866 1048 3938 opor-merit.
1098 3867 1351 3938 oportuit.
1379 3897 1452 3907 -
1475 3868 1591 3920 Hoc
1636 3888 1738 3922 res-
1816 3887 2023 3944 partem
2059 3871 2411 3944 respondeat,
2452 3888 2510 3922 se
2550 3883 2823 3922 exoratum

730 3949 918 4018 ponde.
941 3948 1046 4001 Hic
1067 3950 1325 4020 responde.
1343 3948 1525 4001 AErod.
1816 3953 1881 4004 iri
1900 3953 1979 4006 vel
2000 3971 2138 4019 non,
2161 3953 2361 4006 factum
2384 3950 2477 4003 filii
2503 3969 2611 4002 non
2635 3967 2820 4018 argun-

807 4044 857 4077 2.
889 4026 1005 4079 Hoc
1029 4029 1101 4079 ad
1127 4045 1333 4092 necem,
1357 4029 1554 4080 crimen
1575 4025 1738 4100 confi·
1818 4045 1905 4085 tur
1936 4053 2150 4087 necesse
2187 4047 2282 4086 est.
2326 4033 2380 4085 si
2417 4043 2684 4084 exoratum
2717 4028 2815 4093 iri,

739 4105 891 4157 eebor.
922 4109 1163 4159 Fortasse
1192 4110 1263 4159 it·
1293 4109 1499 4161 restitui
1525 4123 1736 4179 potest,
1815 4128 1941 4178 ergo
1968 4110 2242 4163 voluntate
2274 4112 2436 4181 patrio
2470 4111 2663 4160 factum
2699 4118 2816 4172 est,

739 4184 834 4238 hoc
872 4206 1074 4252 annue,
1115 4201 1167 4241 et
1206 4190 1400 4242 crimen
1436 4188 1733 4262 confitebor.
1816 4187 1962 4260 quod
1993 4208 2023 4240 a
2054 4189 2165 4240 filio
2196 4191 2399 4240 factum
2430 4199 2538 4238 est:
2573 4186 2654 4235 sin
2685 4202 2821 4238 con·

736 4261 837 4316 Sed
864 4265 1138 4335 cujusdam
1165 4266 1276 4317 haec
1301 4266 1464 4318 verba
1491 4285 1605 4318 esse
1634 4285 1734 4337 po·
1815 4280 1929 4336 tra,
1952 4281 2094 4321 recte
2117 4283 2170 4322 et
2192 4271 2281 4340 pie
2304 4270 2429 4321 fecit
2443 4304 2461 4334 ,
2484 4279 2537 4318 et
2558 4284 2624 4318 eo
2646 4269 2819 4344 magis
