3200 5117
652 551 1486 619 DECLAMATIONES.
1536 551 2134 619 CCCXXXVIII.
2305 557 2431 625 385

350 678 459 749 bis
486 676 712 764 torsit,
741 676 904 776 quia
930 702 1174 747 verum
1208 674 1514 765 dicebat,
1548 673 1914 748 adversum
1949 703 2073 748 nos
2108 676 2287 749 mori
2321 705 2438 750 co-

354 792 512 890 egit.
559 792 781 891 Cujus
833 791 888 862 si
937 817 1052 862 vos
1104 792 1513 878 auctoritaS,
1566 788 1883 890 judiceS,
1939 814 2207 882 movet,
2261 791 2436 864 illud

353 933 580 978 unum
616 907 688 977 in
714 906 937 1004 prima
961 926 1147 1004 parte
1173 932 1391 977 causae
1423 905 1665 976 dixisse
1697 925 2057 976 contentus
2085 933 2241 977 sum
2263 964 2281 996 ,
2316 935 2439 981 vo-

355 1047 504 1092 cem
545 1021 692 1122 ejus
728 1021 816 1091 ab
851 1040 1139 1119 utraque
1188 1042 1381 1119 parte
1427 1020 1708 1091 recitari.
1749 1018 1962 1108 Quod
2003 1020 2058 1090 si
2102 1021 2437 1094 vindicari
2532 1089 2539 1096 .

355 1136 581 1207 filium
609 1135 886 1225 mallet,
916 1135 1076 1207 satis
1106 1162 1269 1206 eum
1301 1134 1406 1205 vel
1435 1134 1578 1205 sola
1613 1134 1938 1232 expositio
1969 1161 2188 1208 causae
2217 1156 2440 1207 tuere-

351 1272 501 1323 tur:
529 1251 659 1324 fuit
683 1253 873 1324 enim
904 1250 1279 1349 aliquando
1305 1251 1599 1350 cupidus
1629 1250 2005 1351 liberorum
2024 1308 2042 1340 ,
2075 1272 2141 1322 et
2161 1273 2441 1351 propter

352 1368 480 1441 hoc
508 1369 703 1441 duxit
729 1396 1015 1440 uxorem
1035 1425 1054 1459 ,
1087 1388 1153 1438 et
1176 1368 1264 1438 ad
1294 1393 1493 1466 spem
1527 1367 1756 1438 statim
1784 1368 2000 1437 futuri
2027 1390 2261 1465 partus
2291 1397 2442 1467 gra-

351 1484 605 1556 tulatus
647 1504 748 1556 est
787 1513 802 1554 :
856 1505 921 1554 et
965 1504 1210 1572 natum
1256 1480 1604 1567 educavit,
1649 1503 1719 1552 et
1758 1481 1829 1551 in
1863 1482 2393 1555 adolescentiam
2418 1544 2438 1577 ,

350 1600 538 1697 quod
566 1597 728 1669 satis
755 1617 856 1668 est
874 1653 893 1687 ,
918 1596 1069 1668 sine
1094 1595 1238 1667 ulla
1259 1595 1691 1666 dubitatione
1716 1595 2055 1693 perduxit.
2077 1597 2440 1671 Libentius

350 1713 421 1783 in
451 1713 846 1810 gravissima
879 1711 1110 1783 mariti
1140 1710 1426 1811 injuria,
1450 1710 1758 1812 judiceS,
1789 1713 2071 1783 invehar
2098 1713 2169 1784 in
2197 1741 2442 1787 nover-

352 1852 502 1896 cam
528 1851 543 1895 :
576 1825 713 1896 scio
744 1825 934 1896 enim
959 1839 1006 1914 ¹,
1039 1823 1208 1920 quid
1238 1823 1440 1896 vellet
1465 1824 1630 1913 sibi,
1657 1853 1879 1925 quum
1907 1827 1982 1897 in
2008 1827 2299 1899 domum
2331 1857 2440 1901 se-

349 1940 459 2011 nis
495 1939 643 2040 jam
689 1961 755 2011 et
795 1939 1247 2024 matrimonio
1281 1962 1731 2040 occupatam,
1777 1963 1847 2014 et
1890 1942 1960 2013 in
1996 1970 2133 2042 qua
2163 1943 2440 2044 juvenis

350 2054 535 2128 filius
577 2078 758 2147 erat,
806 2056 1205 2153 irrupisset:
1259 2056 1384 2128 scit
1432 2058 1575 2127 haec
1629 2085 1823 2156 posse
1869 2060 2165 2132 vacuari.
2211 2058 2440 2133 Nolite

351 2200 690 2271 qnaerere,
735 2201 876 2270 quo
912 2173 1239 2264 consili0,
1276 2200 1416 2270 qua
1461 2174 1722 2246 ratione
1764 2176 2002 2247 fecerit
2041 2205 2057 2246 ε
2106 2175 2252 2246 sola
2285 2196 2385 2247 est
2420 2202 2435 2247 :

351 2289 506 2360 odia
548 2289 816 2361 statim²
847 2290 1171 2361 adversus
1213 2289 1759 2380 adolescentem,
1807 2318 1935 2361 nec
1981 2291 2124 2361 haec
2170 2291 2441 2363 occulta

349 2424 469 2473 aut
510 2402 940 2474 dissimulata
973 2403 1255 2492 saltem,
1304 2403 1422 2472 sed
1455 2404 1713 2505 jurgia.
1758 2403 1972 2494 Quod
2013 2405 2240 2502 ipsum
2289 2433 2440 2478 me-

348 2516 626 2589 hercule
665 2546 790 2617 pro
830 2546 1111 2590 summa
1153 2518 1561 2616 probatione
1602 2546 1782 2608 esse,
1811 2520 2122 2619 judiceS,
2164 2543 2434 2620 potest:

346 2634 536 2705 hunc
558 2633 893 2734 juvenem
924 2635 1018 2706 sic
1047 2634 1318 2723 oderat,
1353 2655 1715 2731 tamquam
1751 2662 2066 2708 noverca.
2093 2640 2237 2708 Nec
2272 2637 2438 2712 huic

348 2751 626 2822 libertas
671 2778 748 2822 ex
795 2750 1051 2822 fiducia
1093 2752 1361 2840 deerat,
1406 2779 1535 2822 nec
1569 2752 1865 2824 inveniri
1911 2775 2174 2853 poterat
2208 2752 2435 2826 ullum

349 2865 604 2938 crimen
643 2865 714 2937 in
744 2866 921 2956 vita,
962 2894 1100 2962 quo
1135 2866 1608 2940 abdicaretur:
1644 2866 2006 2940 inventum
2039 2888 2136 2939 est
2173 2896 2437 2940 novum

349 2979 805 3052 exheredandi
829 3007 1069 3078 genus.
1093 2980 1523 3051 Vilissimum
1547 2980 1732 3051 istud
1756 3002 1995 3080 caput,
2018 3004 2084 3052 et
2104 2981 2176 3052 in
2200 3009 2440 3079 quam-

349 3106 627 3191 cunque
670 3092 856 3164 litem
900 3094 1119 3192 pretio
1158 3091 1433 3182 venale,
1478 3093 1954 3165 testimonium
2000 3096 2320 3168 adversus
2363 3124 2436 3170 se

344 3207 654 3307 primum
690 3208 895 3280 tulit:
948 3207 1333 3306 exposuisse
1375 3234 1443 3278 se
1489 3207 1694 3297 dixit;
1738 3208 2048 3279 videlicet
2092 3236 2182 3280 ne
2223 3210 2433 3284 istum

347 3351 489 3396 esse
517 3324 781 3397 malum
809 3345 1068 3423 patrem
1093 3322 1657 3422 puderet.Testor
1679 3323 1863 3412 dene,
1888 3345 2089 3396 testor
2105 3348 2392 3400 vestram
2409 3387 2428 3420 ‚

335 3439 645 3540 judices,
693 3439 1102 3537 religionem
1144 3466 1158 3508 :
1211 3465 1353 3509 non
1398 3438 1557 3509 satis
1602 3439 1862 3537 putavit
1909 3440 2032 3511 iste
2076 3440 2255 3540 ipse,
2308 3444 2430 3540 qui

346 3555 677 3651 expellere
707 3555 932 3625 filium
963 3553 1268 3646 volebat,
1300 3553 1495 3653 quasi
1524 3553 1788 3652 aliquid
1817 3554 1924 3624 sui
1956 3551 2426 3629 3credidisset:

422 3798 465 3833 ι.
508 3782 626 3835 Scio
667 3781 822 3835 enim.
861 3785 969 3837 Scit
1003 3784 1141 3835 enim
1164 3823 1181 3849 ,
1217 3783 1346 3836 Obr.
1478 3784 2431 3857 3.Quasialiquid5uicredidisset.l²'or-

418 3879 466 3914 α.
498 3862 630 3913 Odia
649 3864 841 3914 statim.
869 3865 992 3916 orsa
1011 3875 1083 3914 est
1100 3863 1222 3913 odia
1241 3875 1347 3915 sta·
1426 3879 1563 3919 tasse
1577 3889 1589 3917 τ
1602 3868 1747 3939 quasi
1761 3868 1966 3941 aliquid
1981 3867 2334 3939 inquisivisset.
2347 3866 2428 3917 Ne

343 3944 465 4007 tim,
491 3943 621 3994 Obr.
637 3973 707 3982 —
725 3945 1031 4016 Sedjurqia.
1052 3945 1155 3995 Sed
1168 3955 1346 4014 aperta
1429 3945 1692 3996 videretur
1718 3947 1830 3997 eine.
1864 3945 2202 4016 inquisitione
2236 3946 2425 3998 facere.

334 4025 537 4096 jurgia,
573 4024 751 4076 AErod.
787 4054 862 4064 —
885 4025 1061 4076 Pretio
1093 4022 1209 4075 vile.
1245 4024 1347 4074 Ve-
1425 4025 1520 4075 Ga:
1545 4027 1605 4076 Si
1621 4024 1828 4096 alioqui
1856 4026 1913 4077 id
1931 4023 2070 4076 nulli
2087 4023 2428 4076 credidissent.

339 4106 489 4171 nale,
507 4105 707 4158 Schult.
727 4108 978 4158 Francius
995 4119 1045 4156 et
1061 4104 1188 4156 Obr.
1206 4104 1343 4157 Exta.
1425 4104 1540 4156 Sca.
1570 4106 1725 4173 Quasi
1742 4105 1948 4177 aliquid
1971 4103 2089 4155 huic
2117 4103 2427 4171 credidisset,

336 4205 522 4260 genus,
552 4187 856 4240 vilissimum
883 4198 932 4238 et
959 4187 1011 4236 in
1042 4205 1348 4258 quacunque
1423 4185 1554 4236 Obr.
1586 4183 1825 4250 Volebat,
1852 4204 1912 4237 eo
1935 4186 2138 4248 cedere,
2159 4186 2305 4256 quasi
2325 4184 2429 4238 alc·-

342 4263 433 4316 lice
453 4268 622 4336 pretio
651 4266 772 4319 vile.
803 4265 1206 4331 Testimonium,
1238 4266 1341 4316 AEr.
1423 4265 1554 4338 quid
1571 4265 1764 4318 nutrici
1783 4265 2083 4317 credidisset.
2110 4262 2283 4316 AErod.

552 4356 604 4409 6.
2082 4357 2147 4410 25
