3200 5117
770 559 896 649 29⁸
1265 511 1361 625 MJ
1408 557 1664 624 FAml
1709 559 2355 644 Qmu‘rlmAN}

765 683 850 754 tis
879 681 1210 754 occurrit:
1247 681 1664 756 amabamus
1697 682 1902 754 etiam
1937 683 2009 755 in
2046 684 2503 783 praeteritum,
2534 710 2662 757 nec
2689 684 2858 758 cari-

770 816 870 870 tas
896 795 1032 868 fuit
1054 795 1195 885 illa,
1220 795 1341 868 sed
1358 786 1667 869 'invicem
1698 796 2087 870 satisfactio.
2105 797 2540 898 Utinamque
2564 799 2696 872 hoc
2716 826 2854 871 non

768 911 1038 1013 palam,
1082 939 1226 984 non
1268 912 1635 985 manifeste
1680 913 2122 1004 fecissemus,
2158 935 2234 986 ut
2269 914 2616 988 videretur
2654 917 2858 988 frater

770 1053 970 1099 meus
1014 1025 1211 1099 nullo
1264 1027 1475 1100 modo
1524 1047 1917 1100 mutaturus
1963 1047 2501 1102 testamentum:
2556 1056 2857 1128 personae

772 1142 977 1241 igitur
1012 1141 1208 1214 nullo
1246 1142 1456 1214 modo
1494 1163 2021 1243 comparantur;
2053 1143 2324 1216 alienus
2360 1165 2428 1215 et
2461 1145 2691 1216 frater.
2726 1146 2858 1217 Su-

772 1283 1107 1356 pervacua
1130 1256 1398 1330 mentio
1427 1257 1780 1330 discordiae
1798 1316 1817 1349 ,
1851 1284 2077 1358 quum
2107 1279 2176 1330 et
2206 1257 2324 1330 illo
2355 1279 2667 1358 tempore
2701 1286 2863 1331 con-

771 1370 1014 1442 stiterit
1044 1371 1483 1460 innocentia,
1523 1393 1592 1444 et
1626 1371 1700 1444 id
1740 1393 2016 1471 tempus
2037 1428 2058 1461 ,
2092 1371 2285 1472 quod
2321 1373 2391 1443 in
2428 1373 2712 1472 culpam
2744 1374 2862 1445 de·

773 1483 1080 1574 ducitur,
1116 1512 1260 1557 non
1292 1485 1522 1559 solum
1556 1486 1704 1560 sine
1741 1485 2079 1559 discordia
2103 1486 2348 1578 fuerit,
2378 1514 2622 1559 verum
2656 1487 2861 1559 etiam

774 1602 1001 1704 major
1031 1622 1235 1700 atque
1268 1603 1520 1676 arctior
1547 1603 1822 1693 caritas,
1855 1589 2233 1702 postillam
2253 1658 2272 1692 ,
2303 1604 2389 1675 de
2421 1631 2564 1704 qua
2595 1603 2860 1676 locutus

776 1742 932 1790 sum
950 1774 968 1805 ,
1006 1718 1477 1816 poenitentiam
1496 1774 1515 1808 ,
1545 1718 1906 1792 increverit
1926 1734 1972 1790 ¹.
2001 1719 2410 1792 Proximum
2439 1740 2577 1807 est,
2606 1739 2685 1791 ut
2719 1717 2864 1818 opi-

777 1856 928 1920 nor,
962 1853 1273 1905 excutere
1306 1858 1582 1905 causas:
1620 1853 1688 1904 et
1715 1831 1906 1931 quod
1938 1831 2027 1903 ad
2060 1857 2173 1903 me
2202 1831 2495 1930 quidem
2530 1832 2861 1929 pertinet,

777 1946 1015 2020 videor
1033 1947 1116 2020 de
1136 1949 1244 2021 his
1263 1949 1419 2022 satis
1443 1948 1749 2021 locutus:
1772 1975 1939 2021 nam
1965 1948 2021 2020 si
2045 1947 2426 2020 inimicitiae
2451 1974 2535 2020 eo
2558 1969 2864 2049 tempore

780 2088 921 2137 non
958 2064 1279 2152 fuerunt,
1315 2090 1455 2161 quo
1491 2065 1697 2136 frater
1733 2089 1935 2136 meus
1964 2061 2232 2162 accepit
2269 2089 2659 2152 venenum,
2689 2060 2865 2133 mihi

779 2197 957 2250 certe
998 2177 1130 2250 hoc
1173 2177 1477 2250 faciendi
1523 2178 1693 2250 ratio
1731 2204 1873 2250 non
1917 2178 2090 2250 fuit:
2132 2178 2254 2275 qui
2293 2178 2347 2249 si
2390 2201 2609 2250 essem
2648 2176 2868 2249 malus

779 2295 1005 2384 frater,
1036 2294 1134 2367 uti
1166 2316 1398 2368 tamen
1427 2294 1756 2369 bonitatis
1780 2294 2218 2367 simulatione
2244 2293 2626 2384 debebam,
2651 2319 2869 2393 usque

782 2409 871 2483 ad
918 2412 1384 2485 mutationem
1426 2413 1857 2485 testamenti:
1909 2438 2077 2483 nam
2117 2410 2293 2509 quid
2335 2411 2690 2501 obstabat,
2732 2436 2871 2507 quo

780 2525 1015 2598 minus
1039 2554 1182 2599 non
1212 2527 1552 2601 ultionem
1583 2548 1861 2599 tantum
1881 2583 1900 2616 ,
1934 2526 2053 2599 sed
2082 2527 2294 2598 etiam
2323 2525 2592 2598 lucrum
2625 2549 2870 2596 conse-

782 2642 1068 2738 querer?
1090 2642 1161 2714 Si
1187 2669 1315 2741 ego
1340 2669 1484 2714 non
1508 2642 1728 2715 habui
1757 2642 2103 2717 rationem
2128 2641 2341 2713 dandi
2364 2635 2608 2712 veneni
2633 2638 2823 2710 fratri
2844 2693 2863 2727 ,

781 2756 1029 2829 videbo
1068 2784 1160 2829 an
1198 2757 1310 2829 hic
1347 2758 1707 2830 habuerit:
1745 2757 1940 2831 heres
1981 2778 2078 2830 est
2114 2787 2127 2829 :
2176 2756 2308 2829 hoc
2350 2779 2468 2855 per
2511 2779 2582 2825 se
2622 2771 2866 2852 potens

782 2891 904 2944 est.
933 2872 1231 2964 Omnia,
1250 2899 1687 2973 quaecunque
1705 2893 1847 2946 toto
1870 2871 2038 2944 orbe
2066 2892 2401 2944 terrarum
2427 2867 2873 2941 committun-

784 3006 895 3058 tur
923 2986 1176 3058 scelera
1195 3044 1213 3077 ,
1244 2986 1744 3087 circumspicite
1763 3043 1782 3077 ,
1808 2984 2081 3087 judices
2099 3042 2118 3076 ,
2149 2985 2475 3084 pleraque
2500 3009 2582 3055 ex
2607 2980 2877 3080 cupidi-

784 3121 921 3174 tate
967 3122 1382 3174 nascuntur:
1436 3102 1582 3175 haec
1624 3102 1921 3174 latrones
1961 3101 2163 3190 facit,
2206 3099 2355 3172 haec
2396 3098 2685 3198 piratas,
2731 3096 2874 3167 haec

788 3215 963 3288 intra
995 3242 1230 3290 muros
1260 3217 1469 3290 etiam
1489 3273 1508 3306 ,
1538 3239 1748 3315 atque
1778 3217 1956 3289 intra
1986 3216 2229 3287 domos
2263 3234 2568 3300 nostras,
2601 3231 2671 3284 et
2703 3231 2877 3282 tem·

790 3328 939 3427 pla,
973 3331 1143 3404 sicas
1184 3359 1669 3433 percussorum
1713 3330 1933 3404 acuit:
1976 3329 2139 3401 inde
2169 3349 2335 3400 nata
2366 3347 2533 3399 sunt
2562 3350 2871 3397 venena:

791 3466 868 3516 ut
902 3444 1080 3518 mihi
1118 3448 1428 3521 videatur
1467 3475 1703 3521 rerum
1737 3467 1985 3518 natura
2017 3443 2348 3516 omnibus
2387 3442 2465 3513 in
2510 3439 2873 3513 hominem

791 3559 1052 3633 collatis
1091 3561 1297 3635 bonis
1337 3589 1565 3636 unum
1614 3581 1886 3633 metum
1927 3558 2414 3666 opposuisse2:
2465 3554 2628 3627 tolle
2674 3578 2878 3653 pecu-

790 3719 952 3782 maie:
974 3735 1031 3773 ut
1052 3722 1123 3773 ita
1143 3720 1303 3787 lassoe,
1316 3722 1468 3793 fessoe
1487 3741 1642 3774 naves
1663 3733 1793 3773 tem·
1878 3717 2052 3769 Unum
2069 3717 2292 3790 pretium
2313 3734 2435 3788 app.
2458 3711 2590 3767 Obr.
2611 3709 2725 3781 Ego
2747 3706 2874 3761 nihil

790 3799 1081 3871 penatibus
1102 3802 1293 3872 passim
1310 3814 1617 3854 occurrunt.
1635 3798 1790 3853 Ovid.
1873 3810 2047 3862 mut03
2067 3815 2232 3849 unum
2251 3810 2480 3859 metum,
2506 3792 2710 3846 scilieet
2732 3810 2764 3844 a
2785 3808 2877 3842 cu-

789 3883 1206 3952 Metamorphos.
1233 3885 1302 3935 vl
1317 3920 1333 3948 ‚
1362 3881 1491 3951 5193
1522 3879 1712 3934 Claud.
1733 3880 1792 3931 in
1870 3877 2394 3951 pidis,propinquis,
2410 3889 2463 3927 et
2478 3876 2639 3945 quise
2656 3869 2878 3924 heredes

790 3964 911 4014 Rnf.
938 3963 960 4012 Ι
971 3997 987 4025 ,
1016 3962 1135 4031 276.
1156 3981 1204 4013 v.
1230 3964 1428 4013 Passer.
1456 3959 1526 4012 ad
1547 3963 1790 4032 Propert-
1871 3962 1986 4013 fore
2001 3972 2245 4031 sperant:
2265 3976 2386 4009 nam
2398 3955 2656 4029 pretium,
2673 3955 2743 4005 ita
2762 3953 2881 4003 sim·

792 4043 936 4113 Eleg.
961 4041 1052 4095 m»,
1078 4045 1165 4107 111,
1186 4060 1271 4107 αι,
1295 4059 1374 4112 ι9,
1396 4060 1450 4112 p.
1475 4040 1595 4094 530.
1623 4043 1792 4092 Bou.
1870 4041 2080 4115 pliciter
2095 4042 2202 4093 dici
2221 4056 2378 4112 posse
2397 4055 2508 4090 non
2528 4049 2679 4108 puto*⁸
2699 4030 2878 4087 Schul-

869 4140 912 4174 1.
936 4125 1233 4176 Inmverit.
1259 4123 1380 4177 Vid.
1414 4123 1481 4176 ad
1511 4123 1792 4176 Declama-
1873 4124 2070 4192 tingitis
2113 4140 2219 4174 non
2264 4119 2400 4172 mule
2437 4115 2645 4186 legebat
2663 4154 2679 4182 ,
2713 4127 2872 4165 mlum

796 4204 990 4255 tionem
1014 4207 1130 4258 vm
1145 4244 1162 4271 ,
1194 4222 1236 4258 ι.
1876 4203 2017 4254 hunc
2031 4213 2222 4255 memm
2236 4239 2252 4266 ‚
2275 4198 2475 4254 scilicet
2489 4216 2551 4251 ex
2568 4193 2873 4268 cupiditate.

876 4300 923 4334 2.
986 4284 1159 4336 Unum
1228 4294 1419 4335 metum
1490 4284 1792 4355 opposuisse.
1878 4283 2045 4333 Burin.
