3200 5117
723 569 860 651 324
1225 568 1320 631 M.
1369 566 1620 630 FABu
1667 565 2307 648 QUINTILIANI

725 690 966 758 cillima
981 706 1099 755 est.
1112 688 1310 772 Quod
1325 687 1409 753 ad
1427 688 1824 778 quaestiones
1844 689 2158 777 pertinet,
2176 689 2407 777 primae
2426 709 2810 754 communes
2912 683 2917 692 ’

711 812 883 861 -sunt
901 795 1038 859 fere
1060 793 1366 860 omnibus
1386 794 1869 873 controversiis,
1889 815 2037 882 quae
2055 791 2179 857 hac
2198 794 2347 882 lege
2367 794 2807 860 continentur.

724 899 1170 983 Quaerendum
1204 919 1303 966 est
1336 900 1549 980 enim,
1590 898 1754 989 quid
1792 901 1877 965 sit
1912 899 2154 965 laedere
2193 898 2702 989 rempublicnm3
2747 919 2814 966 et

725 1007 948 1094 paullo
982 1009 1215 1073 fortius
1254 1009 1322 1072 in
1355 1007 1481 1073 hac
1512 1007 1992 1086 controversia,
2028 1008 2096 1072 in
2131 1031 2259 1097 qua
2293 1025 2640 1074 tractatum
2668 1032 2810 1077 esse

724 1111 1115 1198 pestilentiae
1138 1113 1381 1177 malum
1396 1160 1415 1192 ‚
1440 1110 1569 1177 hoc
1592 1111 1839 1178 nuncio
1863 1110 2287 1177 manifestum
2312 1128 2430 1178 est.

1418 1305 2120 1372 DECLAMATIO.

824 1467 1063 1537 Postea
1083 1491 1246 1564 ergo
1266 1492 1548 1538 causam
1569 1466 1789 1565 ipsam
1812 1465 2295 1554 defendemus,
2311 1485 2539 1564 postea
2554 1464 2810 1537 factum

726 1581 1419 1657 commendabimus:
1461 1582 1743 1654 interim
1781 1582 1940 1653 satis
1976 1603 2110 1672 est,
2153 1608 2295 1654 non
2342 1607 2486 1654 esse
2528 1608 2641 1653 me
2684 1581 2809 1653 hac

727 1695 919 1793 lege,
964 1721 1103 1792 qua
1144 1695 1447 1786 deferor,
1498 1717 1889 1768 nocentem.
1939 1697 2119 1769 Sane
2157 1694 2448 1768 credatis
2485 1694 2810 1795 imputari

730 1807 905 1879 mihi
933 1834 1130 1907 posse
1158 1807 1412 1881 civium
1444 1807 1741 1880 mortes?
1772 1830 1934 1881 sunt
1950 1810 2152 1910 jura,
2177 1835 2328 1907 quae
2362 1809 2548 1882 istud
2578 1810 2814 1881 defen-

728 1925 920 1996 dant.
942 1926 1100 1996 Non
1123 1951 1263 1997 csse
1285 1925 1673 2024 explicitam
1695 1924 2055 2024 legationis
2076 1925 2291 1998 fidem
2311 1925 2540 1999 dicitis
2563 1953 2577 1996 :
2603 1925 2816 1997 habet

723 2039 873 2112 *haec
901 2066 1180 2139 quoque
1208 2040 1315 2113 lex
1338 2041 1683 2112 actionem
1709 2067 1932 2112 suam.
1963 2044 2204 2140 Neque
2238 2061 2335 2113 est
2361 2041 2815 2138 quaerendum

731 2153 918 2252 apud
945 2181 1101 2244 voS,
1132 2181 1224 2226 an
1252 2153 1388 2227 alio
1407 2149 1659 2256 judicii
1691 2180 1938 2254 genere
1967 2154 2288 2226 damnari
2325 2155 2577 2253 possim
2600 2212 2619 2244 ,
2649 2154 2817 2227 inte·

734 2270 869 2339 rim
902 2268 1036 2340 hoc
1056 2271 1176 2371 jus
1197 2284 1214 2314 ¹
1245 2270 1333 2341 ad
1374 2297 1489 2342 me
1531 2297 1672 2342 non
1698 2271 2033 2370 pertinet:
2065 2292 2187 2343 aut
2214 2270 2272 2342 si
2300 2270 2689 2370 reipublicae
2713 2270 2819 2343 lex

734 2403 867 2471 est,
911 2381 1053 2456 haee
1093 2384 1266 2456 nihil
1309 2384 1396 2455 ad
1431 2384 1805 2456 hominum
1841 2404 2129 2473 morteS,
2164 2383 2342 2456 nihil
2379 2381 2468 2456 ad
2511 2411 2629 2473 ea,
2663 2408 2820 2483 quae

662 2495 670 2504 “
731 2498 1054 2597 privatim
1081 2526 1360 2598 quoque
1386 2499 1714 2571 vindicari
1742 2521 2042 2599 possent.
2077 2499 2388 2601 Objicias
2411 2519 2673 2599 oportet
2693 2498 2820 2569 ali-

734 2611 905 2711 quid
924 2669 943 2699 ,
970 2637 1110 2709 quo
1135 2613 1500 2711 publicum
1524 2613 1738 2685 fueri‘t
1763 2640 1886 2712 per
1918 2640 2033 2685 me
2060 2613 2341 2685 laesum:
2372 2613 2442 2683 in
2476 2611 2604 2682 hoc
2637 2609 2814 2683 nihil

737 2726 977 2826 objicis
1003 2727 1216 2815 mihi,
1248 2748 1487 2824 praeter
1509 2749 1760 2800 mortes
1776 2725 2193 2801 hominum:
2232 2727 2413 2829 quod
2437 2726 2690 2797 crimen
2716 2751 2809 2797 an

733 2865 975 2912 verum
1008 2838 1127 2928 sit,
1162 2859 1395 2937 postca
1425 2840 1846 2912 viderimus:
1888 2842 2204 2931 interim,
2240 2862 2321 2912 ut
2359 2840 2525 2928 dixi,
2563 2836 2701 2936 legi
2744 2859 2818 2911 et

728 2954 1360 3055 juri·conjunctum
1384 2980 1527 3026 non
1554 2969 1716 3027 est2.
1745 2958 1944 3028 Mora
1970 2978 2207 3029 tamen
2235 2984 2393 3030 mea
2416 2954 2674 3053 aliquid
2703 2955 2823 3028 de-

737 3142 855 3194 dius
874 3141 1286 3197 Declamationis
1305 3146 1481 3211 initio,
1500 3147 1743 3199 AEstima·
1819 3158 1920 3210 est}
1944 3146 2143 3199 dictum
2161 3161 2338 3200 autem
2357 3164 2458 3218 pro
2476 3145 2675 3217 reipub.
2696 3143 2823 3197 Ioesoe

740 3239 928 3274 veram.
944 3223 1094 3273 -In
1109 3242 1212 3295 qua
1231 3234 1503 3277 tractatum
1523 3243 1623 3277 esse
1636 3243 1744 3296 pes·
1822 3225 1906 3279 lex
1921 3266 1938 3292 ‚
1967 3239 2026 3277 ut
2056 3225 2139 3278 lex
2170 3226 2459 3296 majestatis
2474 3262 2491 3288 ‚
2530 3223 2818 3295 pudicitiae,

741 3299 970 3353 tilentioe.
1024 3302 1270 3355 AErodius
1297 3325 1309 3354 z
1366 3306 1705 3357 controversia
1723 3344 1742 3372 ,

740 3381 864 3453 quia
883 3395 1220 3435 contractum.
1242 3386 1398 3437 Forte
1416 3406 1428 3435 ι
1451 3387 1504 3436 in
1520 3404 1627 3457 qua
1642 3397 1744 3437 tra-

740 3471 884 3512 ctum
903 3478 1003 3514 esse
1020 3461 1327 3531 pestilentioe
1344 3462 1543 3515 malum
1563 3465 1626 3515 ab
1648 3464 1745 3515 ini·

743 3543 842 3605 tio,
863 3541 1196 3613 manifestum
1217 3556 1306 3597 est.
1329 3543 1454 3609 vel,
1482 3543 1578 3595 hoc
1593 3542 1746 3595 silen-

742 3622 833 3673 tio.
857 3620 1138 3686 Tractum‚
1167 3620 1222 3672 id
1250 3635 1359 3688 est,
1384 3621 1579 3674 diutius
1606 3620 1741 3673 dila-

743 3713 872 3752 tum.
898 3699 1066 3751 Gnon.
1101 3700 1448 3753 Tractandum
1477 3718 1590 3751 esse.
1619 3700 1740 3751 Scn.

741 3782 809 3832 In
824 3800 928 3853 qua
944 3792 1159 3832 tractum
1175 3800 1273 3834 esse
1287 3800 1342 3853 p.
1359 3799 1430 3831 m.
1444 3818 1461 3845 ,
1481 3780 1576 3832 hoc
1593 3780 1742 3834 initio

743 3861 1079 3934 manifestum
1104 3873 1202 3928 est,
1226 3861 1355 3916 Obr.

821 3961 865 3995 1.
895 3943 1112 3996 [nterim
1142 3943 1238 3993 hoc
1250 3945 1354 4014 jus.
1385 3943 1640 3994 Francius
1666 3942 1744 3994 le-

743 4023 926 4095 gebat,
944 4024 1068 4075 dum
1093 4024 1298 4076 interim
1322 4022 1636 4094 aliojudicit'
1652 4042 1745 4095 qe-

744 4120 879 4153 nere.
907 4106 1180 4155 Actionem
1199 4104 1334 4157 male
1354 4102 1508 4155 obitae
1533 4101 1746 4175 legatio·

743 4180 825 4233 nis
844 4181 1084 4254 intelligit
1099 4182 1358 4235 AErodius.
1373 4210 1446 4222 -—
1462 4183 1572 4235 Aut
1585 4184 1630 4234 si
1649 4182 1747 4233 rei-

740 4257 961 4336 publice
983 4258 1066 4311 lex
1087 4271 1173 4313 est.
1203 4262 1346 4313 Nam
1367 4263 1410 4313 εἰ
1435 4260 1630 4330 reipub.
1664 4258 1746 4312 lex

1822 3320 1922 3360 etc.
1949 3308 2001 3359 in
2028 3305 2219 3379 quibus
2240 3305 2371 3359 loesoe
2395 3303 2819 3375 subintelligitur.

1821 3388 2040 3440 Senum.
2063 3387 2175 3438 Aut
2193 3387 2236 3439 εἰ
2260 3388 2386 3459 reip.
2411 3385 2540 3438 loesoe
2559 3383 2668 3447 lex,
2690 3382 2820 3435 Obr.

1862 3483 1871 3494 ’
1896 3482 1944 3515 2.
1966 3465 2093 3539 Legi
2111 3465 2281 3538 etjurt'
2299 3467 2654 3536 conjunctum.
2676 3463 2827 3513 AEro-

1822 3542 1969 3595 dius:
1995 3542 2100 3594 Lex
2127 3541 2397 3613 htu'cjurt'.
2433 3539 2644 3594 Scribe:
2680 3538 2830 3609 Quod

1820 3623 2015 3674 crimen
2036 3642 2108 3672 an
2136 3640 2309 3674 verum
2338 3622 2401 3674 sit
2425 3632 2602 3692 postea
2632 3621 2828 3673 videbi-

1820 3721 1964 3756 mus.-
2008 3704 2213 3755 interim
2250 3705 2347 3773 (ut
2377 3701 2527 3771 dixi)
2566 3700 2669 3777 legi
2707 3702 2829 3753 huic

1821 3786 2155 3856 conjunctum
2194 3803 2301 3836 non
2338 3794 2424 3837 est.
2464 3783 2631 3835 (ἔπος.
2666 3782 2827 3855 Leqi:

1822 3865 1908 3916 im·
1939 3867 2072 3936 conj.
2110 3884 2163 3915 n.
2197 3876 2296 3931 est,
2329 3863 2461 3916 Obr.
2508 3864 2698 3916 Nescio
2730 3879 2827 3913 cur

1822 3941 2098 4014 displiceat
2138 3942 2240 4018 qui
2276 3955 2326 3994 et
2346 3942 2465 4014 jure*
2486 3963 2497 3992 :
2540 3961 2653 4013 qnae
2689 3955 2822 4008 saepe

1821 4023 2077 4094 conjungi
2106 4020 2411 4088 docuimus,
2442 4022 2508 4074 ad
2531 4021 2675 4074 Decl.
2705 4019 2819 4083 XV,

1825 4104 1886 4155 3:
1926 4106 1999 4156 ita
2038 4121 2198 4175 snpra
2235 4104 2462 4155 dixerat:
2508 4103 2666 4152 «Non
2706 4116 2822 4150 esse

1829 4204 1851 4228 α
1871 4202 1953 4236 me
1972 4183 2074 4236 hac
2092 4184 2207 4255 lege
2227 4197 2529 4244 noeentum
2550 4206 2573 4230 ι
2602 4195 2651 4233 et
2676 4178 2828 4231 dein-

1824 4260 1919 4315 de:
1961 4285 1983 4310 α
2002 4263 2134 4316 Sunt
2160 4266 2282 4333 juta
2315 4283 2433 4337 quoe
2467 4259 2604 4315 istud
2634 4258 2831 4311 defen-
