3200 5117
746 501 874 581 438
1253 500 1347 565 Μ.
1395 499 1644 565 FABll
1691 500 2326 584 QUINTILIANI

748 625 1173 725 amputavit,
1203 626 1259 697 si
1290 626 1644 699 incidisses
1672 627 1746 698 in
1774 625 2018 717 illum,
2051 627 2174 723 qui
2194 625 2520 727 judiciis¹
2555 627 2850 726 propin·

748 768 1053 840 quorum
1096 764 1305 842 atquc
1348 745 1736 817 amicorum
1777 765 2140 816 contentus
2178 745 2346 835 fuit,
2390 745 2665 845 opinor,
2709 745 2849 816 ha-

746 858 1013 930 buisses
1050 879 1326 959 tempus
1361 859 1741 957 querendi?
1771 860 2126 932 habuisses
2162 880 2476 959 tempus,
2511 887 2656 932 non
2687 860 2848 932 dico

754 972 1108 1046 deferendi
1139 995 1401 1074 patrem
1422 1031 1441 1066 ,
1471 976 1589 1047 sed
1627 975 1889 1047 diutius
1919 974 2254 1073 rogandi?
2286 976 2397 1047 Illi
2423 1001 2576 1047 vere
2600 976 2846 1064 fortes,

754 1103 825 1160 ct
847 1089 970 1160 viri
1010 1090 1333 1180 fuerunt,
1372 1092 1492 1187 qui
1533 1118 1760 1190 quum
1797 1091 1930 1163 hoc
1963 1090 2483 1177 meminissent,
2516 1089 2773 1161 liberos
2803 1116 2850 1159 a

751 1230 821 1306 se
871 1203 1262 1302 reipublicae
1308 1206 1526 1302 gratia
1572 1226 1999 1303 procreatos,
2045 1205 2221 1276 bene
2264 1203 2582 1303 impendi
2623 1203 2852 1275 credi-

752 1317 1011 1390 derunt
1056 1320 1441 1418 exemplo2.
1487 1322 1634 1419 Ego
1681 1340 1903 1392 tacere
1956 1339 2324 1392 contentus
2369 1345 2566 1408 sum,
2619 1345 2848 1416 quum

752 1434 1011 1505 exorari
1047 1434 1365 1507 debeam.
1403 1436 1513 1506 Sic
1548 1437 1697 1534 agis
1736 1462 2051 1525 mecum,
2096 1436 2460 1532 tamquam
2495 1435 2706 1505 etiam
2729 1492 2750 1523 ,
2792 1435 2851 1506 si

751 1550 1122 1648 praestitero
1152 1551 1279 1622 tibi
1298 1609 1318 1638 ,
1347 1549 1505 1649 plus
1533 1550 1656 1621 alii
1692 1549 2047 1621 debiturus
2074 1551 2186 1622 sis,
2219 1550 2666 1639 Confutabit,
2695 1551 2851 1649 opi·

754 1691 910 1755 nor,
947 1664 1459 1764 indulgentiam
1502 1691 1736 1737 meam
1780 1665 1896 1736 ille
1932 1665 2203 1754 melior,
2243 1664 2359 1737 ille
2395 1665 2676 1738 mitior:
2719 1693 2847 1764 ego

753 1807 914 1853 vero
938 1781 1214 1853 facilius
1237 1783 1610 1880 frangerer,
1633 1783 1688 1854 si
1713 1780 1828 1852 ille
1853 1782 2274 1854 irasceretur.
2298 1782 2598 1882 Aliquis,
2624 1810 2849 1882 quum

756 1892 902 1964 filia
936 1894 1123 1967 illius
1155 1916 1346 1995 rapta
1372 1896 1495 1986 sit,
1535 1916 1679 1968 tam
1709 1895 1842 1969 cito
1876 1918 2193 1969 exoratus
2230 1899 2369 1969 est?
2407 1897 2563 1993 quis
2600 1919 2701 1970 est
2735 1898 2849 1969 ille

753 2030 896 2082 tam
942 2007 1315 2084 demens3?
1356 2011 1531 2110 quid
1574 2033 1672 2084 est
1722 2012 1944 2101 istud,
1992 2013 2184 2110 quod
2232 2010 2349 2084 ille
2395 2039 2467 2084 se
2515 2013 2852 2113 accepisse

758 2124 1094 2226 injuriam
1139 2153 1283 2199 non
1332 2128 1574 2226 putat?
1617 2128 1806 2227 quod
1848 2129 2090 2200 omnia
2127 2115 2445 2227 sic'agit,
2489 2150 2852 2228 tamquam

760 2262 1075 2313 exoratus
1123 2264 1283 2315 ante
1336 2243 1770 2315 tricesimum
1818 2243 2051 2316 diem?
2096 2242 2294 2334 Quid
2341 2270 2548 2343 ergo,
2592 2245 2851 2344 inquit,

761 2354 1074 2427 occides?
1120 2356 1372 2446 debeo,
1409 2358 1465 2429 si
1506 2357 1681 2458 quid
1723 2357 1799 2430 in
1846 2384 1960 2430 me
2002 2358 2218 2432 fuerit
2251 2359 2440 2432 fortis
2479 2361 2703 2433 animi
2740 2390 2756 2432 :
2799 2361 2856 2434 si

762 2469 935 2568 quid
971 2471 1239 2544 virtutis
1286 2474 1736 2572 incorruptae,
1777 2472 2034 2546 faciam
2066 2502 2080 2545 ε
2128 2474 2330 2546 duret
2361 2476 2855 2549 tantummodo

762 2585 1078 2676 animm,
1109 2613 1255 2659 non
1292 2588 1614 2661 deficiam
1635 2646 1654 2680 ,
1688 2615 1841 2659 ,non
1880 2586 2248 2661 deflectar:
2286 2588 2662 2661 etiamnum
2695 2590 2844 2660 for-

766 2700 853 2772 tis
893 2729 1090 2790 sum;
1135 2703 1527 2774 etiamnum
1569 2729 1767 2803 posse
1800 2702 2080 2775 videor:
2128 2701 2249 2774 sed
2289 2721 2643 2802 supersunt
2674 2700 2841 2773 dies.

763 2818 922 2888 Non
951 2815 1271 2888 blandior
1296 2816 1427 2887 tibi
1464 2844 1478 2888 :
1517 2816 1833 2915 'quotidie
1869 2843 1982 2888 mc
2016 2816 2273 2907 hortor,
2319 2838 2389 2890 et
2425 2815 2666 2914 instigo
2703 2815 2857 2886 ani-

767 2958 973 3004 mum
1003 2958 1245 3003 meum
1268 2989 1289 3022 ‚
1326 2952 1392 3004 et
1422 2953 1639 3004 totam
1671 2931 1944 3004 sceleris
1978 2932 2081 3004 tui
2117 2932 2633 3005 deformitatem
2672 2957 2860 3030 pono

766 3068 928 3119 ante
963 3047 1253 3118 oculos:
1300 3068 1369 3119 et
1412 3046 1638 3119 illud4
1670 3046 1901 3120 nescio
1943 3047 2155 3145 quid,
2201 3046 2391 3147 quod
2432 3044 2858 3147 persuasioni

771 3189 940 3233 meae
966 3184 1345 3262 repugnat,
1368 3162 1526 3236 volo
1551 3162 1990 3261 perdomare.
2011 3164 2198 3233 Bene
2221 3160 2646 3288 facis1,qu0d
2664 3186 2864 3232 accu-

771 3303 929 3348 sas:
982 3279 1276 3378 turpiter
1331 3278 1782 3368 deficiebam,
1829 3278 2352 3377 prodebamque
2387 3265 2862 3349 necessarium

770 3390 1023 3466 civitati
1055 3394 1504 3493 exemplum:
1489 3394 1829 3496 .jamque
1861 3393 1935 3464 in
1970 3420 2125 3465 eam
2151 3413 2483 3464 venturus
2513 3418 2709 3464 eram
2743 3391 2866 3462 ho-

770 3505 1055 3579 minum
1102 3510 1611 3610 suspicionem,
1660 3531 2025 3606 tamquam
2075 3534 2187 3579 me
2233 3505 2723 3606 permittentc⁵
2765 3507 2867 3578 fe-

850 3667 894 3702 ι.
928 3650 1031 3721 Qui
1044 3650 1277 3724 judiciis.
1315 3651 1396 3704 Ad
1429 3654 1666 3707 Cassium
1699 3672 1782 3705 re·
1865 3674 1889 3699 ι
1910 3651 2122 3702 miniam
2144 3648 2323 3703 hostes
2346 3650 2596 3715 fuerant,
2624 3647 2862 3720 exemplo

770 3732 905 3804 spici
926 3743 1078 3803 putat
1094 3729 1468 3801 Schultingius.
1484 3731 1615 3785 Vide
1634 3730 1776 3784 Flor.
1866 3751 1889 3776 a
1907 3733 2085 3802 potius
2108 3729 2381 3802 impendit.
2401 3747 2423 3778 s
2454 3731 2623 3782 Gnou-

773 3809 822 3876 1,
846 3829 967 3881 cap.
992 3809 1087 3861 ult.
1116 3821 1169 3861 et
1192 3810 1268 3860 ibi
1291 3822 1578 3861 comment.
1932 3814 1983 3866 3.
2013 3813 2134 3883 Quis
2153 3824 2227 3865 est
2250 3810 2342 3864 ille
2370 3825 2478 3865 tam
2501 3812 2723 3865 demens.
2751 3809 2861 3861 Cle-

840 3890 1040 3942 2.Bene
1049 3889 1282 3961 impendi
1290 3888 1610 3942 crediderunt
1619 3906 1785 3940 exem·
1861 3909 2030 3958 mens,
2053 3890 2184 3945 Ohr.

772 3966 884 4037 plo.
923 3971 1160 4022 Frontin.
1202 3970 1421 4040 Strateg.
1456 3970 1544 4034 lv,
1584 3984 1644 4034 t,
1675 3969 1779 4021 33:
1934 3970 1983 4037 4.
2000 3971 2072 4022 Et
2092 3967 2245 4022 illud.
2269 3968 2371 4021 Sed
2388 3970 2423 4021 ἰ.
2445 3988 2500 4020 n.
2519 3986 2571 4039 q.
2591 3984 2721 4020 Μ
2737 3984 2862 4039 rep..-

782 4043 1157 4098 «Circumacta
1171 4046 1238 4099 ad
1253 4046 1375 4099 litus
1391 4049 1631 4104 universa
1650 4045 1784 4098 clas·
1863 4047 1981 4100 volo
2001 4049 2324 4121 perdonare,
2344 4048 2528 4099 AEr.-—
2556 4045 2863 4097 Prodebam.

784 4137 883 4170 <sse
903 4123 1347 4194 comprehensum
1364 4124 1626 4197 supplicio
1643 4125 1784 4177 affici
1861 4127 2139 4179 Perdebam
2163 4126 2255 4178 dat
2281 4124 2365 4177 ed.
2392 4124 2508 4196 Bip.
2532 4124 2628 4175 En.

783 4201 1008 4269 «jussit,
1029 4216 1083 4255 et
1101 4222 1257 4275 quem
1278 4207 1505 4259 occisuri
1524 4225 1620 4278 per
1637 4207 1784 4278 igno-
1940 4203 1992 4258 5.
2042 4206 2338 4278 Tamquam
2388 4221 2472 4256 me
2514 4202 2866 4277 permittente.
