3200 5117
764 543 1607 613 DECLAMATIONES.
1655 544 2140 611 CCCXXVII.
2372 543 2495 632 327

408 671 620 751 factis.
654 674 1024 744 Venenum
1055 669 1359 769 paravit?
1400 668 1723 742 insidiata
1752 689 1856 742 est
1884 669 2115 744 liberis
2142 668 2324 744 tuis?
2354 667 2500 761 vel,

412 790 601 889 quod
629 789 1055 862 levissimum
1084 809 1218 879 est,
1248 814 1637 888 expugnare
1667 786 1985 861 animum
2009 807 2212 861 tuum
2233 787 2504 860 voluit?

412 904 594 976 nihil
627 904 919 976 horum:
957 929 1220 977 novum
1250 924 1317 975 et
1348 903 1748 977 inauditum
1781 922 1988 973 antea
2014 903 2273 976 crimen
2294 918 2343 993 ¹,
2373 929 2503 976 no-

414 1045 605 1091 verca
640 1017 945 1091 nimium
976 1018 1228 1091 dicitur
1255 1045 1489 1092 amare
1522 1018 1906 1118 privignos,
1939 1017 2314 1089 sterilitatis
2351 1044 2504 1090 me-

425 1132 894 1208 dicamentum
924 1133 1128 1207 bibit.
1164 1134 1234 1206 Si
1275 1154 1351 1205 tu
1379 1133 1631 1205 liberos
1659 1158 1805 1204 non
1836 1131 2121 1204 haberes
2143 1189 2162 1222 ,
2196 1151 2503 1231 poteram

415 1269 652 1322 tamen
690 1247 811 1321 illa
849 1248 1114 1339 dicere,
1150 1245 1541 1346 periculum
1571 1247 1843 1336 timuit,
1874 1247 2308 1319 documentis
2336 1273 2508 1345 qua-

415 1365 735 1436 rumdam
767 1363 1134 1436 infeliciter
1166 1361 1587 1460 parientium
1622 1382 1814 1433 mota
1840 1383 1978 1453 est,
2007 1363 2294 1435 fortasse
2327 1362 2509 1435 male

416 1480 628 1551 sensit
647 1478 732 1549 de
760 1476 1189 1576 temporibus
1214 1475 1411 1575 ipsis:
1432 1473 1608 1546 vidit
1627 1500 1781 1546 eam
1802 1474 2150 1546 luxuriam
2164 1532 2183 1564 ,
2210 1502 2293 1546 ea
2315 1475 2507 1566 vitia,

417 1614 495 1665 ut
513 1619 706 1691 paene
728 1591 1019 1664 educare
1036 1590 1289 1662 liberos
1309 1589 1607 1662 amentis
1625 1609 1818 1662 esset.
1841 1592 1955 1660 Tu
1979 1615 2180 1688 porro
2200 1589 2274 1661 in
2300 1615 2508 1662 uxore

423 1708 594 1780 nihil
625 1707 815 1779 aliud
849 1721 1261 1807 exspectas²,
1287 1731 1505 1805 quam
1536 1704 2086 1779 fecunditatem?
2120 1732 2260 1777 non
2291 1706 2506 1805 parit3

420 1822 540 1894 sed
569 1821 984 1920 obsequium
1007 1877 1026 1912 ,
1055 1820 1174 1892 sed
1206 1819 1418 1892 fidem
1449 1839 1737 1919 praestat.
1768 1819 1903 1894 Sed
1921 1821 2074 1922 jam
2102 1840 2376 1919 tempus
2411 1840 2509 1892 est

420 1935 712 2036 propriis
742 1962 900 2008 eam
925 1936 1304 2008 rationibus
1332 1936 1636 2009 defendi.
1669 1936 1862 2009 Bibit
1886 1934 2056 2008 illud
2076 1993 2094 2026 ,
2127 1963 2348 2032 quum
2376 1957 2510 2009 tres

422 2051 671 2125 liberos
702 2050 1023 2123 haberes:
1053 2077 1184 2123 nec
1214 2051 1448 2124 statim
1478 2051 1610 2123 hoc
1636 2077 1873 2124 amore
1898 2071 1963 2121 et
1984 2050 2240 2121 affectu
2271 2048 2512 2120 defen-

426 2164 555 2238 do:
591 2164 870 2237 interim
907 2186 1266 2264 tamquam
1298 2165 1739 2238 ambitiosam
1772 2165 2052 2239 tuebor:
2083 2162 2299 2236 voluit
2325 2163 2536 2254 effu-⁶

427 2306 583 2380 gere
617 2279 887 2352 fabulas
928 2306 1418 2371 novercarum,
1454 2279 1674 2351 voluit
1711 2279 2027 2352 adversus
2070 2304 2264 2350 casus
2306 2275 2513 2350 etiam

427 2422 847 2496 praeparare:
880 2394 1075 2467 illam
1100 2394 1282 2467 nihil
1309 2396 1384 2467 in
1418 2394 1629 2467 domo
1662 2393 1919 2467 habere
1935 2393 1988 2482 ³,
2016 2412 2297 2494 propter
2323 2392 2513 2492 quod

426 2509 758 2610 privignis
792 2510 1147 2583 invideret.
1180 2509 1419 2601 Quid?
1446 2510 1502 2581 si
1524 2509 1689 2583 fecit
1714 2508 1847 2580 hoc
1872 2535 2016 2580 non
2045 2507 2258 2580 modo
2283 2533 2519 2579 nover-

427 2652 553 2719 cae,
585 2627 706 2699 sed
735 2626 949 2699 etiam
977 2626 1206 2699 uxoris
1237 2628 1513 2728 optimae
1543 2624 1824 2698 animo?
1849 2624 2133 2725 plenam
2165 2608 2519 2695 invenerat

429 2743 756 2835 domum,
780 2742 1073 2841 plenum
1097 2763 1612 2816 testamentum.
1631 2740 1828 2832 Quid
1849 2740 2057 2830 mihi,
2078 2739 2337 2839 inquit,
2354 2763 2516 2809 cum

431 2879 632 2955 partu
665 2857 847 2931 erat?
869 2859 1161 2932 ”dederat
1185 2858 1363 2932 mihi
1392 2860 1673 2932 fortuna
1694 2858 2021 2958 juvenes:
2059 2880 2288 2951 neque
2313 2853 2520 2924 mari-

511 3074 555 3108 r.
575 3059 783 3112 Novum
803 3062 1014 3114 crimen.
1036 3062 1242 3126 Itonia,
1257 3074 1309 3112 et
1322 3061 1434 3112 imi-
1515 3062 1569 3110 ἐτι
1588 3060 1773 3126 domo,
1795 3058 1996 3111 Schult.
2018 3058 2319 3129 Proeparare
2337 3054 2485 3107 illam
2499 3080 2514 3107 .-

435 3136 568 3190 tatio
594 3137 860 3192 Ciceronis
893 3159 991 3213 pro
1021 3142 1191 3212 Ligar.
1222 3158 1341 3212 cap.
1374 3155 1394 3190 ι
1417 3160 1429 3189 =
1513 3138 1653 3192 nihil
1678 3140 1735 3192 in
1759 3139 1944 3202 domo,
1971 3137 2103 3192 Obr.
2138 3137 2323 3190 Voluit
2346 3155 2399 3189 se
2423 3136 2516 3189 ad-

440 3239 463 3263 ·
482 3218 691 3270 Novum
710 3222 934 3289 crimen,
955 3221 1014 3274 C.
1032 3222 1222 3287 Caesar,
1241 3233 1294 3273 et
1311 3234 1433 3274 ante
1513 3238 1682 3273 versus
1707 3237 1850 3272 casus
1872 3220 2030 3273 etiam
2052 3236 2360 3290 preparare.
2385 3219 2517 3270 Item

439 3321 462 3345 ιι
482 3298 624 3352 hunc
657 3300 796 3353 diem
833 3302 1143 3356 inauditum.
1168 3328 1190 3352 ιο
1215 3302 1334 3354 Vid.
1364 3300 1433 3354 ad
1514 3296 1652 3349 nihil
1671 3331 1696 3364 9
1745 3295 1923 3349 AErod.
1976 3295 2232 3350 Adversus
2277 3313 2417 3348 casus
2466 3313 2517 3348 se

432 3379 556 3431 Inst.
583 3378 729 3431 Orat.
756 3381 845 3447 IV,
877 3398 923 3447 1,
947 3383 995 3450 5.
1015 3383 1107 3435 38.
1136 3382 1303 3434 Eunu.
1515 3377 1671 3429 etiam
1704 3395 2014 3449 proeparare.
2044 3376 2155 3430 leta
2181 3376 2318 3429 nihi!
2342 3379 2400 3430 in
2428 3378 2517 3429 do-

507 3471 554 3507 α.
576 3457 643 3508 In
663 3476 822 3511 uxore
839 3458 979 3510 nihil
999 3458 1150 3512 aliud
1164 3469 1436 3530 exspectas.
1516 3476 1630 3523 mo,
1658 3458 1740 3512 vel
1760 3476 2053 3530 preparare
2075 3456 2188 3511 illa.
2209 3459 2395 3526 Nihil,
2415 3471 2516 3510 etc.

434 3538 647 3602 Potius,
675 3538 815 3591 nihil
844 3539 997 3592 aliud
1025 3554 1233 3612 spectas.
1268 3540 1436 3593 Gnou.
1517 3540 1653 3591 Best.
1676 3538 1742 3592 de
1766 3552 1863 3591 rat.
1893 3538 2096 3592 emend.
2118 3539 2286 3612 leges,
2311 3558 2358 3591 c.
2380 3539 2521 3601 xlv,

436 3616 513 3665 lta
530 3614 853 3683 Obrecbtns‚
874 3631 927 3670 et
944 3618 1133 3671 millies
1155 3621 1226 3671 ita
1249 3636 1438 3691 pecca·
1516 3619 1564 3685 S.
1599 3635 1653 3688 9.
1684 3647 1756 3658 —-
1784 3616 1887 3670 Sed
1920 3618 2075 3670 etiam
2115 3618 2288 3671 uxoris
2323 3616 2521 3687 optimo

442 3706 552 3746 turn
577 3696 697 3748 fuit.
1518 3695 1713 3748 animo.
1748 3695 1956 3763 Potius,
1989 3696 2212 3767 optimoe.
2252 3695 2418 3746 (ἕπου.
2450 3718 2523 3730 -—

510 3772 559 3823 3.
593 3772 754 3825 Illam
787 3775 926 3827 nihil
957 3776 1012 3827 in
1049 3777 1200 3829 domo
1239 3774 1436 3827 habere.
1519 3772 1749 3824 Plenum
1786 3785 2161 3827 testamentum.
2201 3770 2260 3823 Id
2293 3783 2399 3834 est,
2438 3769 2525 3819 cui

442 3851 717 3906 AErodius:
756 3855 889 3908 Item
923 3857 980 3909 in
1010 3855 1181 3909 domo.
1222 3854 1401 3907 Scribe
1423 3877 1436 3907 :
1521 3851 1645 3903 satis
1671 3864 1807 3904 esset
1830 3849 2112 3915 heredum,
2136 3847 2327 3921 quibus
2351 3845 2527 3915 legata

442 3930 497 3985 V
491 3929 629 3982 oluit
668 3932 904 4007 effuqere
936 3934 1155 4007 fabulas
1194 3951 1440 3987 noverca-
1521 3933 1627 3984 sint
1663 3932 1905 3984 universa
1938 3930 2177 3983 testantis
2212 3927 2384 3979 bona:
2416 3922 2523 3977 vid.

439 4030 556 4065 rum
575 4035 591 4064 .·
626 4014 797 4067 voluit
825 4016 1063 4070 adversus
1086 4033 1227 4070 casus
1252 4017 1440 4088 sejam
1520 4011 1599 4064 Cl.
1621 4010 1820 4065 Schult.
1848 4009 1915 4064 ad
1940 4010 2124 4064 Senec.
2146 4010 2323 4062 Contr.
2344 4009 2417 4073 Π,
2444 4006 2525 4073 15,

433 4107 729 4163 proepamre
754 4116 769 4145 .·
814 4094 981 4148 voluit
1022 4093 1159 4148 nihil
1195 4094 1251 4146 in
1287 4094 1440 4146 domo
1519 4113 1574 4165 p.
1607 4093 1725 4147 203.
1757 4093 1878 4145 Vid.
1919 4092 1988 4144 ad
2013 4090 2161 4144 Ded.
2191 4093 2243 4158 1,
2273 4090 2322 4142 3.
2356 4089 2523 4141 Aliter

413 4211 418 4216 -
441 4172 652 4242 lubere,
676 4189 890 4249 propter
912 4174 1055 4249 quod
1078 4175 1331 4250 privignis
1358 4177 1442 4228 in·
1517 4173 1678 4246 plena
1692 4174 1873 4227 domus
1887 4176 2044 4226 etiam
2058 4186 2139 4226 est
2152 4171 2521 4238 divesfflorat.

441 4251 644 4307 videret.
661 4255 826 4309 Guon.
843 4253 1135 4325 Praeparat-i
1154 4253 1266 4306 iua.
1286 4252 1443 4306 Nihil
1520 4251 1624 4306 Od.
1646 4254 1737 4321 lv,
1762 4270 1841 4308 υ.
1862 4254 2030 4308 Bona.
