3200 5117
706 571 1545 639 DECLAMATIONES.
1594 572 2107 638 CCCXXXIV.
2323 575 2448 642 365

363 696 584 768 sciens
630 692 1020 768 defendisti.
1058 692 1257 767 Nihil
1303 692 1459 765 dico
1500 692 1587 765 de
1634 693 2077 768 advocatione
2102 709 2163 768 ¹:
2208 716 2452 769 testem

362 811 655 913 perdidi.
679 813 996 883 Tantane
1019 808 1198 881 lucri
1222 807 1599 908 cupiditas?
1627 809 1723 881 sic
1749 810 2128 908 proditores
2150 838 2452 885 corrum-

361 948 662 1029 puntur:
697 926 792 999 sic
820 951 1096 1024 prorsus
1126 924 1340 997 homo
1373 925 1903 997 nocentissimus
1933 952 2095 997 cum
2129 927 2453 1001 advocato

362 1069 488 1115 suo
514 1042 779 1115 locutus
809 1061 947 1112 est:
982 1042 1131 1140 Ego
1161 1038 1452 1139 quidem
1481 1039 1758 1138 prodidi
1785 1066 1800 1110 τ
1832 1040 1954 1112 sed
1977 1065 2310 1138 magnam
2338 1070 2454 1142 pe·

364 1158 643 1231 cuniam
666 1156 934 1254 accepi:
964 1175 1030 1227 et
1057 1155 1183 1226 tibi
1213 1155 1491 1226 sufficit.
1528 1153 1852 1243 Quaeritis
1870 1210 1888 1243 ‚
1908 1154 2212 1254 judices,
2239 1182 2454 1253 quan·

360 1295 514 1347 tum
561 1272 952 1374 promiserit
992 1271 1300 1371 petenti?
1346 1297 1488 1343 non
1537 1271 1769 1370 potuit
1809 1270 2117 1369 proditor
2152 1271 2451 1345 solvere:

364 1417 526 1488 ergo
561 1409 903 1488 quantum
937 1388 1011 1457 in
1044 1387 1170 1459 isto
1204 1407 1341 1476 est,
1377 1386 1687 1486 proditor
1717 1386 1917 1477 vivit,
1958 1414 2086 1458 nec
2115 1387 2276 1458 vivit
2303 1408 2457 1459 tan-

363 1526 546 1597 tum,
572 1506 692 1577 sed
718 1505 929 1576 etiam
958 1503 1351 1591 insidiatur,
1374 1523 1439 1574 et
1461 1502 1550 1574 ad
1575 1501 1707 1574 hoc
1732 1503 2129 1575 necessitate
2150 1503 2459 1577 solvendi

364 1643 685 1722 urgetur:
714 1620 1043 1694 addidisti
1070 1619 1345 1692 homini
1369 1619 1867 1692 nocentissimo
1897 1620 2205 1719 pecuniae
2234 1647 2457 1694 neces-

365 1737 657 1809 sitatem.
701 1735 908 1807 Unde
948 1756 1345 1833 temporum
1390 1748 1696 1807 mutata²
1732 1735 2035 1807 conditio
2076 1735 2216 1807 est?
2253 1763 2455 1836 pecu-

367 1853 565 1926 niam
597 1879 742 1924 non
775 1850 1200 1949 accipiebas:
1240 1851 1330 1923 ita
1371 1878 1562 1922 nunc
1600 1851 1719 1924 ille
1758 1852 1948 1951 quod
1987 1852 2273 1951 punitus
2317 1874 2455 1942 est,

369 1995 629 2041 merces
652 1968 772 2070 huj
783 1995 864 2040 us
887 1968 1234 2040 vindicata
1262 1987 1396 2039 est:
1431 1968 1802 2066 pecuniam
1828 1996 1972 2041 non
1998 1990 2369 2068 acceperat.

445 2190 464 2225 ι
479 2214 489 2225 .
528 2172 685 2227 Nihil
721 2173 889 2225 dicam
923 2174 986 2225 de
1016 2172 1368 2225 advocatione.

368 2255 485 2305 Hoc
505 2266 608 2317 est,
631 2251 697 2303 de
721 2264 879 2324 pacto
905 2251 1297 2304 advocationis:
1320 2263 1373 2304 et

372 2343 542 2385 testem
568 2332 800 2403 perdidi,
831 2349 1022 2401 nempe
1044 2329 1375 2401 proditorem

370 2413 604 2466 exsulem
615 2450 632 2478 ‚
648 2412 821 2484 quide
837 2424 997 2484 pacto
1015 2414 1372 2465 testimonium

370 2494 543 2560 dieat,
574 2513 732 2565 quem
762 2494 829 2545 de
857 2492 1203 2545 advocatione
1235 2512 1375 2545 mer-

372 2575 584 2627 cenaria
602 2612 620 2640 ‚
656 2586 708 2625 et
743 2574 1024 2645 patrocinii
1061 2573 1253 2625 salario
1291 2575 1375 2625 in-

369 2666 648 2722 terrogem.
673 2653 853 2704 AEnon.
875 2652 957 2703 An
970 2689 987 2717 ‚
1005 2651 1069 2703 de
1086 2653 1377 2706 advocatio·

373 2751 465 2799 ne,
480 2750 584 2804 qua
601 2741 660 2782 tu
675 2749 780 2782 rem
788 2730 1061 2802 prodidisti
1072 2728 1096 2780 Ρ
1109 2749 1178 2783 an
1188 2769 1205 2797 ‚
1205 2727 1376 2803 fidem

369 2809 674 2883 prodidisti?
687 2809 904 2865 Senum.
916 2811 1082 2864 -Sic
1095 2810 1379 2884 proditores

1451 2184 1870 2247 corrumpuntur.
1904 2174 2072 2225 Immo
2106 2183 2456 2245 corrumpunt.

1450 2255 1616 2306 Gnou.
1640 2285 1713 2294 —
1734 2257 1807 2307 Et
1826 2255 1916 2307 tibi
1936 2253 2149 2327 sufficit.
2176 2256 2458 2324 Francius,

1456 2334 1510 2385 id
1547 2335 1645 2386 tibi
1677 2335 1907 2409 sufficit.-
1944 2335 2095 2388 male.
2122 2335 2298 2389 Verba
2339 2352 2463 2391 sunt

1456 2415 1693 2482 clientis,
1723 2436 1968 2488 maguam
1997 2418 2276 2488 pecuniam
2301 2437 2457 2472 acce-

1453 2495 1542 2566 pi,
1573 2512 1687 2564 quoe
1720 2497 1877 2547 etiam
1905 2493 1999 2546 tibi
2027 2495 2253 2562 sufficit,
2284 2499 2328 2548 si
2360 2516 2460 2569 pa·-

1455 2574 1739 2624 trocinium
1762 2592 1937 2625 meum
1962 2574 2236 2645 suscipias.

1529 2671 1577 2705 2.
1613 2654 1760 2705 Unde
1788 2665 2077 2727 temporum
2102 2666 2318 2706 mumta.
2344 2654 2462 2721 An,

1458 2733 1599 2784 unde
1643 2745 1816 2788 tamen
1855 2748 2128 2807 pactorum
2169 2756 2241 2787 m.
2283 2756 2327 2790 c.
2377 2756 2421 2789 e.
2442 2739 2467 2788 P

1457 2816 1678 2870 Senum-r.
