<?xml version="1.0" encoding="UTF-8"?>
<!DOCTYPE html PUBLIC "-//W3C//DTD XHTML 1.0 Transitional//EN"
    "http://www.w3.org/TR/xhtml1/DTD/xhtml1-transitional.dtd">
<html xmlns="http://www.w3.org/1999/xhtml" xml:lang="en" lang="en">
 <head>
  <title>
</title>
<meta http-equiv="Content-Type" content="text/html;charset=utf-8" />
  <meta name='ocr-system' content='tesseract 3.04.00' />
  <meta name='ocr-capabilities' content='ocr_page ocr_carea ocr_par ocr_line ocrx_word'/>
</head>
<body>
  <div class='ocr_page' id='page_1' title='image "./deinstitutioneo00flacgoog_0166.png"; bbox 0 0 3200 5117; ppageno 0'>
   <div class='ocr_carea' id='block_1_1' title="bbox 758 503 2322 588">
    <p class='ocr_par' dir='ltr' id='par_1_1' title="bbox 758 503 2322 588">
     <span class='ocr_line' id='line_1_1' title="bbox 758 503 2322 588; baseline -0.003 -16"><span class='ocrx_word' id='word_1_1' title='bbox 758 508 875 574; x_wconf 84' lang='lat'>160</span> <span class='ocrx_word' id='word_1_2' title='bbox 1252 507 1348 570; x_wconf 88' lang='grc' dir='ltr'>Μ.</span> <span class='ocrx_word' id='word_1_3' title='bbox 1395 504 1646 570; x_wconf 83' lang='lat' dir='ltr'>FABII</span> <span class='ocrx_word' id='word_1_4' title='bbox 1690 503 2322 588; x_wconf 79' lang='lat' dir='ltr'><strong>QUINTILIANI</strong></span> 
     </span>
    </p>
   </div>
   <div class='ocr_carea' id='block_1_2' title="bbox 745 627 2826 1183">
    <p class='ocr_par' dir='ltr' id='par_1_2' title="bbox 745 627 2826 1183">
     <span class='ocr_line' id='line_1_2' title="bbox 745 627 2825 723; baseline 0.001 -23"><span class='ocrx_word' id='word_1_5' title='bbox 745 629 929 702; x_wconf 81' lang='lat' dir='ltr'><strong>bitus</strong></span> <span class='ocrx_word' id='word_1_6' title='bbox 950 627 1154 699; x_wconf 86' lang='lat' dir='ltr'>faciet</span> <span class='ocrx_word' id='word_1_7' title='bbox 1168 683 1187 717; x_wconf 90' lang='lat'>,</span> <span class='ocrx_word' id='word_1_8' title='bbox 1214 646 1292 698; x_wconf 87' lang='lat' dir='ltr'>ut</span> <span class='ocrx_word' id='word_1_9' title='bbox 1312 627 1735 723; x_wconf 78' lang='lat' dir='ltr'>interrogent</span> <span class='ocrx_word' id='word_1_10' title='bbox 1751 645 2306 697; x_wconf 81' lang='lat' dir='ltr'><strong>transcurrentes.</strong></span> <span class='ocrx_word' id='word_1_11' title='bbox 2329 629 2487 698; x_wconf 83' lang='lat' dir='ltr'>Jam</span> <span class='ocrx_word' id='word_1_12' title='bbox 2515 627 2635 699; x_wconf 88' lang='lat' dir='ltr'>illa</span> <span class='ocrx_word' id='word_1_13' title='bbox 2657 648 2825 702; x_wconf 86' lang='lat' dir='ltr'>tem-</span> 
     </span>
     <span class='ocr_line' id='line_1_3' title="bbox 745 736 2826 841; baseline 0 -27"><span class='ocrx_word' id='word_1_14' title='bbox 745 769 916 841; x_wconf 88' lang='lat' dir='ltr'>pora</span> <span class='ocrx_word' id='word_1_15' title='bbox 955 741 1209 841; x_wconf 79' lang='lat' dir='ltr'>cogita,</span> <span class='ocrx_word' id='word_1_16' title='bbox 1254 738 1510 837; x_wconf 83' lang='lat' dir='ltr'>quibus</span> <span class='ocrx_word' id='word_1_17' title='bbox 1554 765 1761 810; x_wconf 82' lang='lat' dir='ltr'>senex</span> <span class='ocrx_word' id='word_1_18' title='bbox 1801 736 2090 836; x_wconf 87' lang='lat' dir='ltr'>aliquis¹</span> <span class='ocrx_word' id='word_1_19' title='bbox 2129 737 2434 811; x_wconf 82' lang='lat' dir='ltr'>narrabit</span> <span class='ocrx_word' id='word_1_20' title='bbox 2473 741 2686 813; x_wconf 83' lang='lat' dir='ltr'>fuisse</span> <span class='ocrx_word' id='word_1_21' title='bbox 2719 762 2826 831; x_wconf 87' lang='lat' dir='ltr'>te,</span> 
     </span>
     <span class='ocr_line' id='line_1_4' title="bbox 746 852 2826 955; baseline -0.001 -27"><span class='ocrx_word' id='word_1_22' title='bbox 746 856 870 955; x_wconf 88' lang='lat' dir='ltr'>qui</span> <span class='ocrx_word' id='word_1_23' title='bbox 892 852 1500 954; x_wconf 77' lang='lat' dir='ltr'>inexpugnabilem</span> <span class='ocrx_word' id='word_1_24' title='bbox 1520 879 1748 925; x_wconf 88' lang='lat' dir='ltr'>arcem</span> <span class='ocrx_word' id='word_1_25' title='bbox 1775 852 2067 924; x_wconf 85' lang='lat' dir='ltr'>intrares</span> <span class='ocrx_word' id='word_1_26' title='bbox 2090 878 2216 951; x_wconf 90' lang='lat' dir='ltr'>pro</span> <span class='ocrx_word' id='word_1_27' title='bbox 2235 879 2463 925; x_wconf 83' lang='lat' dir='ltr'>sorore</span> <span class='ocrx_word' id='word_1_28' title='bbox 2488 882 2502 924; x_wconf 90' lang='lat'><strong>:</strong></span> <span class='ocrx_word' id='word_1_29' title='bbox 2525 881 2826 954; x_wconf 86' lang='lat' dir='ltr'>puerum</span> 
     </span>
     <span class='ocr_line' id='line_1_5' title="bbox 748 966 2825 1065; baseline 0 -22"><span class='ocrx_word' id='word_1_30' title='bbox 748 971 974 1043; x_wconf 84' lang='lat' dir='ltr'>adbuc</span> <span class='ocrx_word' id='word_1_31' title='bbox 1021 969 1259 1043; x_wconf 87' lang='lat' dir='ltr'>fecisse</span> <span class='ocrx_word' id='word_1_32' title='bbox 1302 968 1568 1040; x_wconf 86' lang='lat' dir='ltr'>fortiter</span> <span class='ocrx_word' id='word_1_33' title='bbox 1600 994 1615 1038; x_wconf 70' lang='grc' dir='ltr'>ε</span> <span class='ocrx_word' id='word_1_34' title='bbox 1661 967 1871 1039; x_wconf 84' lang='lat' dir='ltr'>debes</span> <span class='ocrx_word' id='word_1_35' title='bbox 1912 966 2122 1065; x_wconf 78' lang='lat' dir='ltr'>igitur</span> <span class='ocrx_word' id='word_1_36' title='bbox 2153 967 2327 1038; x_wconf 88' lang='lat' dir='ltr'>mihi</span> <span class='ocrx_word' id='word_1_37' title='bbox 2360 969 2781 1043; x_wconf 86' lang='lat' dir='ltr'>beneficium</span> <span class='ocrx_word' id='word_1_38' title='bbox 2803 1030 2825 1064; x_wconf 89' lang='lat'><strong>,</strong></span> 
     </span>
     <span class='ocr_line' id='line_1_6' title="bbox 748 1082 2598 1183; baseline -0.001 -26"><span class='ocrx_word' id='word_1_39' title='bbox 748 1084 939 1183; x_wconf 88' lang='lat' dir='ltr'>quod</span> <span class='ocrx_word' id='word_1_40' title='bbox 968 1082 1514 1182; x_wconf 79' lang='lat' dir='ltr'>tyrannicidium</span> <span class='ocrx_word' id='word_1_41' title='bbox 1542 1102 1746 1156; x_wconf 88' lang='lat' dir='ltr'>tunm</span> <span class='ocrx_word' id='word_1_42' title='bbox 1776 1108 2051 1181; x_wconf 81' lang='lat' dir='ltr'><strong>semper</strong></span> <span class='ocrx_word' id='word_1_43' title='bbox 2083 1082 2598 1156; x_wconf 79' lang='lat' dir='ltr'>monstrabitur.</span> 
     </span>
    </p>
   </div>
   <div class='ocr_carea' id='block_1_3' title="bbox 746 1360 1001 1382">
    <p class='ocr_par' dir='ltr' id='par_1_3' title="bbox 746 1360 1001 1382">
     <span class='ocr_line' id='line_1_7' title="bbox 746 1360 1001 1382; baseline -0.004 0"><span class='ocrx_word' id='word_1_44' title='bbox 746 1360 1001 1382; x_wconf 64' lang='grc' dir='ltr'><em>Μ</em></span> 
     </span>
    </p>
   </div>
   <div class='ocr_carea' id='block_1_4' title="bbox 1436 1560 2123 1638">
    <p class='ocr_par' dir='ltr' id='par_1_4' title="bbox 1436 1560 2123 1638">
     <span class='ocr_line' id='line_1_8' title="bbox 1436 1560 2123 1638; baseline 0.001 -1"><span class='ocrx_word' id='word_1_45' title='bbox 1436 1560 2123 1638; x_wconf 90' lang='lat' dir='ltr'>CCLXXXIII.</span> 
     </span>
    </p>
   </div>
   <div class='ocr_carea' id='block_1_5' title="bbox 1138 1788 2445 2070">
    <p class='ocr_par' dir='ltr' id='par_1_5' title="bbox 1138 1788 2445 2070">
     <span class='ocr_line' id='line_1_9' title="bbox 1382 1788 2200 1890; baseline 0.004 -31"><span class='ocrx_word' id='word_1_46' title='bbox 1382 1788 1675 1887; x_wconf 81' lang='lat' dir='ltr'>Cynicus</span> <span class='ocrx_word' id='word_1_47' title='bbox 1727 1790 1956 1861; x_wconf 82' lang='lat' dir='ltr'>diserti</span> <span class='ocrx_word' id='word_1_48' title='bbox 1982 1789 2200 1890; x_wconf 81' lang='lat' dir='ltr'>filins.</span> 
     </span>
     <span class='ocr_line' id='line_1_10' title="bbox 1138 1987 2445 2070; baseline -0.004 -16"><span class='ocrx_word' id='word_1_49' title='bbox 1138 1990 1410 2054; x_wconf 68' lang='lat' dir='ltr'>Diaei-tus</span> <span class='ocrx_word' id='word_1_50' title='bbox 1431 1990 1723 2070; x_wconf 80' lang='lat' dir='ltr'>cynicum</span> <span class='ocrx_word' id='word_1_51' title='bbox 1756 1987 1960 2049; x_wconf 82' lang='lat' dir='ltr'>fflium</span> <span class='ocrx_word' id='word_1_52' title='bbox 1986 1987 2248 2050; x_wconf 83' lang='lat' dir='ltr'>abdicat.</span> <span class='ocrx_word' id='word_1_53' title='bbox 2274 1990 2342 2049; x_wconf 91' lang='lat' dir='ltr'>C.</span> <span class='ocrx_word' id='word_1_54' title='bbox 2369 1990 2445 2050; x_wconf 91' lang='lat' dir='ltr'>D.</span> 
     </span>
    </p>
   </div>
   <div class='ocr_carea' id='block_1_6' title="bbox 1439 2201 2145 2268">
    <p class='ocr_par' dir='ltr' id='par_1_6' title="bbox 1439 2201 2145 2268">
     <span class='ocr_line' id='line_1_11' title="bbox 1439 2201 2145 2268; baseline -0.004 0"><span class='ocrx_word' id='word_1_55' title='bbox 1439 2201 2145 2268; x_wconf 85' lang='lat' dir='ltr'>DECLAMATIO.</span> 
     </span>
    </p>
   </div>
   <div class='ocr_carea' id='block_1_7' title="bbox 756 2342 2834 2791">
    <p class='ocr_par' dir='ltr' id='par_1_7' title="bbox 756 2342 2834 2791">
     <span class='ocr_line' id='line_1_12' title="bbox 856 2342 2826 2450; baseline 0 -36"><span class='ocrx_word' id='word_1_56' title='bbox 856 2345 935 2414; x_wconf 89' lang='lat' dir='ltr'>ln</span> <span class='ocrx_word' id='word_1_57' title='bbox 963 2369 1378 2450; x_wconf 79' lang='lat' dir='ltr'>quacunque</span> <span class='ocrx_word' id='word_1_58' title='bbox 1404 2365 1624 2444; x_wconf 88' lang='lat' dir='ltr'>parte,</span> <span class='ocrx_word' id='word_1_59' title='bbox 1651 2372 1794 2417; x_wconf 90' lang='lat' dir='ltr'>non</span> <span class='ocrx_word' id='word_1_60' title='bbox 1816 2365 2170 2445; x_wconf 87' lang='lat' dir='ltr'>parentem</span> <span class='ocrx_word' id='word_1_61' title='bbox 2189 2344 2372 2446; x_wconf 84' lang='lat' dir='ltr'>juste</span> <span class='ocrx_word' id='word_1_62' title='bbox 2398 2342 2826 2416; x_wconf 83' lang='lat' dir='ltr'>abdicarem:</span> 
     </span>
     <span class='ocr_line' id='line_1_13' title="bbox 760 2458 2834 2558; baseline -0.002 -27"><span class='ocrx_word' id='word_1_63' title='bbox 760 2458 919 2531; x_wconf 89' lang='lat' dir='ltr'>ideo</span> <span class='ocrx_word' id='word_1_64' title='bbox 960 2459 1153 2532; x_wconf 87' lang='lat' dir='ltr'>enim</span> <span class='ocrx_word' id='word_1_65' title='bbox 1193 2487 1308 2531; x_wconf 86' lang='lat' dir='ltr'>vos</span> <span class='ocrx_word' id='word_1_66' title='bbox 1353 2458 1793 2549; x_wconf 82' lang='lat' dir='ltr'>sustulimus,</span> <span class='ocrx_word' id='word_1_67' title='bbox 1835 2480 1916 2531; x_wconf 91' lang='lat' dir='ltr'>ut</span> <span class='ocrx_word' id='word_1_68' title='bbox 1954 2459 2154 2532; x_wconf 87' lang='lat' dir='ltr'>nobis</span> <span class='ocrx_word' id='word_1_69' title='bbox 2197 2458 2724 2558; x_wconf 87' lang='lat' dir='ltr'>obsequamini:</span> <span class='ocrx_word' id='word_1_70' title='bbox 2767 2477 2834 2528; x_wconf 89' lang='lat' dir='ltr'>et</span> 
     </span>
     <span class='ocr_line' id='line_1_14' title="bbox 756 2574 2830 2675; baseline -0.002 -27"><span class='ocrx_word' id='word_1_71' title='bbox 756 2596 934 2648; x_wconf 90' lang='lat' dir='ltr'>certe</span> <span class='ocrx_word' id='word_1_72' title='bbox 968 2574 1201 2647; x_wconf 87' lang='lat' dir='ltr'>nullus</span> <span class='ocrx_word' id='word_1_73' title='bbox 1235 2575 1658 2649; x_wconf 83' lang='lat' dir='ltr'>excusatius²</span> <span class='ocrx_word' id='word_1_74' title='bbox 1694 2604 1734 2649; x_wconf 91' lang='lat' dir='ltr'>a</span> <span class='ocrx_word' id='word_1_75' title='bbox 1760 2597 1951 2675; x_wconf 89' lang='lat' dir='ltr'>patre</span> <span class='ocrx_word' id='word_1_76' title='bbox 1985 2603 2127 2648; x_wconf 92' lang='lat' dir='ltr'>non</span> <span class='ocrx_word' id='word_1_77' title='bbox 2162 2575 2583 2675; x_wconf 85' lang='lat' dir='ltr'>probabitur,</span> <span class='ocrx_word' id='word_1_78' title='bbox 2613 2599 2830 2672; x_wconf 88' lang='lat' dir='ltr'>quam</span> 
     </span>
     <span class='ocr_line' id='line_1_15' title="bbox 757 2687 2827 2791; baseline -0.002 -29"><span class='ocrx_word' id='word_1_79' title='bbox 757 2691 879 2789; x_wconf 89' lang='lat' dir='ltr'>qui</span> <span class='ocrx_word' id='word_1_80' title='bbox 906 2716 1049 2762; x_wconf 92' lang='lat' dir='ltr'>non</span> <span class='ocrx_word' id='word_1_81' title='bbox 1076 2691 1322 2788; x_wconf 90' lang='lat' dir='ltr'>probat</span> <span class='ocrx_word' id='word_1_82' title='bbox 1346 2712 1611 2791; x_wconf 86' lang='lat' dir='ltr'>patrem</span> <span class='ocrx_word' id='word_1_83' title='bbox 1630 2690 1681 2764; x_wconf 81' lang='lat'>3.</span> <span class='ocrx_word' id='word_1_84' title='bbox 1709 2692 1987 2765; x_wconf 87' lang='lat' dir='ltr'>Scilicet</span> <span class='ocrx_word' id='word_1_85' title='bbox 2010 2718 2134 2763; x_wconf 90' lang='lat' dir='ltr'>nos</span> <span class='ocrx_word' id='word_1_86' title='bbox 2161 2690 2383 2779; x_wconf 85' lang='lat' dir='ltr'>stulti,</span> <span class='ocrx_word' id='word_1_87' title='bbox 2413 2687 2532 2786; x_wconf 89' lang='lat' dir='ltr'>qui</span> <span class='ocrx_word' id='word_1_88' title='bbox 2558 2688 2789 2759; x_wconf 86' lang='lat' dir='ltr'>forum</span> <span class='ocrx_word' id='word_1_89' title='bbox 2807 2743 2827 2778; x_wconf 88' lang='lat'>,</span> 
     </span>
    </p>
   </div>
   <div class='ocr_carea' id='block_1_8' title="bbox 758 2837 2831 2993">
    <p class='ocr_par' dir='ltr' id='par_1_8' title="bbox 758 2837 2831 2993">
     <span class='ocr_line' id='line_1_16' title="bbox 759 2837 2831 2915; baseline -0.002 -21"><span class='ocrx_word' id='word_1_90' title='bbox 759 2855 817 2893; x_wconf 89' lang='lat' dir='ltr'>ut</span> <span class='ocrx_word' id='word_1_91' title='bbox 848 2844 901 2894; x_wconf 85' lang='lat' dir='ltr'>in</span> <span class='ocrx_word' id='word_1_92' title='bbox 934 2841 1087 2895; x_wconf 85' lang='lat' dir='ltr'>bellis</span> <span class='ocrx_word' id='word_1_93' title='bbox 1118 2861 1254 2915; x_wconf 70' lang='lat' dir='ltr'>sepe</span> <span class='ocrx_word' id='word_1_94' title='bbox 1282 2842 1478 2897; x_wconf 76' lang='lat' dir='ltr'>insidiae</span> <span class='ocrx_word' id='word_1_95' title='bbox 1506 2848 1758 2915; x_wconf 82' lang='lat' dir='ltr'>majorem</span> <span class='ocrx_word' id='word_1_96' title='bbox 1840 2856 1893 2896; x_wconf 90' lang='lat' dir='ltr'>et</span> <span class='ocrx_word' id='word_1_97' title='bbox 1914 2844 2132 2908; x_wconf 79' lang='lat' dir='ltr'>xxxn,</span> <span class='ocrx_word' id='word_1_98' title='bbox 2159 2860 2220 2896; x_wconf 76' lang='lat'>2:</span> <span class='ocrx_word' id='word_1_99' title='bbox 2251 2866 2273 2889; x_wconf 79' lang='grc' dir='ltr'>ι</span> <span class='ocrx_word' id='word_1_100' title='bbox 2291 2841 2595 2893; x_wconf 77' lang='lat' dir='ltr'>Excusatius</span> <span class='ocrx_word' id='word_1_101' title='bbox 2618 2837 2831 2891; x_wconf 83' lang='lat' dir='ltr'>sacrile-</span> 
     </span>
     <span class='ocr_line' id='line_1_17' title="bbox 758 2919 2628 2993; baseline -0.002 -21"><span class='ocrx_word' id='word_1_102' title='bbox 758 2919 1157 2993; x_wconf 78' lang='lat' dir='ltr'>laudem‚quam</span> <span class='ocrx_word' id='word_1_103' title='bbox 1173 2937 1351 2993; x_wconf 77' lang='lat' dir='ltr'>aperta</span> <span class='ocrx_word' id='word_1_104' title='bbox 1365 2925 1758 2990; x_wconf 83' lang='lat' dir='ltr'>vis‚merentnr.</span> <span class='ocrx_word' id='word_1_105' title='bbox 1848 2944 1870 2968; x_wconf 76' lang='grc' dir='ltr'><strong>α</strong></span> <span class='ocrx_word' id='word_1_106' title='bbox 1886 2926 1972 2993; x_wconf 75' lang='lat' dir='ltr'>gia</span> <span class='ocrx_word' id='word_1_107' title='bbox 1997 2923 2387 2975; x_wconf 84' lang='lat' dir='ltr'>commissurus.</span> <span class='ocrx_word' id='word_1_108' title='bbox 2409 2943 2431 2966; x_wconf 75' lang='grc' dir='ltr'>ιι</span> <span class='ocrx_word' id='word_1_109' title='bbox 2460 2920 2628 2971; x_wconf 78' lang='lat' dir='ltr'>Buntt.</span> 
     </span>
    </p>
   </div>
   <div class='ocr_carea' id='block_1_9' title="bbox 756 3001 1758 3152">
    <p class='ocr_par' dir='ltr' id='par_1_9' title="bbox 756 3001 1758 3152">
     <span class='ocr_line' id='line_1_18' title="bbox 757 3001 1758 3075; baseline 0.003 -23"><span class='ocrx_word' id='word_1_110' title='bbox 757 3001 837 3054; x_wconf 88' lang='lat' dir='ltr'>Ne</span> <span class='ocrx_word' id='word_1_111' title='bbox 862 3001 1057 3071; x_wconf 81' lang='lat' dir='ltr'>pudeat</span> <span class='ocrx_word' id='word_1_112' title='bbox 1080 3019 1207 3073; x_wconf 69' lang='lat' dir='ltr'>ergo</span> <span class='ocrx_word' id='word_1_113' title='bbox 1227 3005 1411 3067; x_wconf 73' lang='lat' dir='ltr'>vestis,</span> <span class='ocrx_word' id='word_1_114' title='bbox 1436 3022 1600 3075; x_wconf 83' lang='lat' dir='ltr'>quum</span> <span class='ocrx_word' id='word_1_115' title='bbox 1621 3004 1674 3055; x_wconf 90' lang='lat' dir='ltr'>in</span> <span class='ocrx_word' id='word_1_116' title='bbox 1696 3020 1758 3055; x_wconf 76' lang='lat' dir='ltr'>ea</span> 
     </span>
     <span class='ocr_line' id='line_1_19' title="bbox 756 3079 1758 3152; baseline 0.005 -24"><span class='ocrx_word' id='word_1_117' title='bbox 756 3080 964 3131; x_wconf 81' lang='lat' dir='ltr'>fortiter</span> <span class='ocrx_word' id='word_1_118' title='bbox 991 3079 1209 3144; x_wconf 81' lang='lat' dir='ltr'>feceris,</span> <span class='ocrx_word' id='word_1_119' title='bbox 1234 3092 1292 3131; x_wconf 85' lang='lat' dir='ltr'>ut</span> <span class='ocrx_word' id='word_1_120' title='bbox 1325 3099 1432 3132; x_wconf 89' lang='lat' dir='ltr'>non</span> <span class='ocrx_word' id='word_1_121' title='bbox 1466 3079 1634 3152; x_wconf 87' lang='lat' dir='ltr'>pudet</span> <span class='ocrx_word' id='word_1_122' title='bbox 1664 3080 1758 3133; x_wconf 83' lang='lat' dir='ltr'>du·</span> 
     </span>
    </p>
   </div>
   <div class='ocr_carea' id='block_1_10' title="bbox 758 3157 1759 3530">
    <p class='ocr_par' dir='ltr' id='par_1_10' title="bbox 758 3157 1759 3530">
     <span class='ocr_line' id='line_1_20' title="bbox 758 3157 1759 3229; baseline 0.002 -20"><span class='ocrx_word' id='word_1_123' title='bbox 758 3176 846 3210; x_wconf 87' lang='lat' dir='ltr'>ces</span> <span class='ocrx_word' id='word_1_124' title='bbox 884 3175 1117 3210; x_wconf 84' lang='lat' dir='ltr'>summos</span> <span class='ocrx_word' id='word_1_125' title='bbox 1158 3176 1253 3229; x_wconf 83' lang='lat' dir='ltr'>per</span> <span class='ocrx_word' id='word_1_126' title='bbox 1292 3157 1508 3211; x_wconf 77' lang='lat' dir='ltr'>insidias</span> <span class='ocrx_word' id='word_1_127' title='bbox 1549 3159 1759 3212; x_wconf 82' lang='lat' dir='ltr'>hostem</span> 
     </span>
     <span class='ocr_line' id='line_1_21' title="bbox 758 3236 1758 3305; baseline 0.003 -19"><span class='ocrx_word' id='word_1_128' title='bbox 758 3236 1096 3290; x_wconf 74' lang='lat' dir='ltr'>interfecisse.</span> <span class='ocrx_word' id='word_1_129' title='bbox 1120 3236 1327 3289; x_wconf 72' lang='lat' dir='ltr'>Habent</span> <span class='ocrx_word' id='word_1_130' title='bbox 1348 3255 1473 3289; x_wconf 82' lang='lat' dir='ltr'>vero</span> <span class='ocrx_word' id='word_1_131' title='bbox 1498 3252 1605 3305; x_wconf 85' lang='lat' dir='ltr'>est,</span> <span class='ocrx_word' id='word_1_132' title='bbox 1626 3257 1758 3291; x_wconf 87' lang='lat' dir='ltr'>con·</span> 
     </span>
     <span class='ocr_line' id='line_1_22' title="bbox 760 3317 1759 3372; baseline 0.004 -6"><span class='ocrx_word' id='word_1_133' title='bbox 760 3318 927 3367; x_wconf 84' lang='lat' dir='ltr'>tinent</span> <span class='ocrx_word' id='word_1_134' title='bbox 974 3319 1029 3368; x_wconf 89' lang='lat' dir='ltr'>in</span> <span class='ocrx_word' id='word_1_135' title='bbox 1079 3335 1136 3370; x_wconf 92' lang='lat' dir='ltr'>se</span> <span class='ocrx_word' id='word_1_136' title='bbox 1169 3339 1182 3369; x_wconf 75' lang='grc' dir='ltr'><strong><em>ε</em></strong></span> <span class='ocrx_word' id='word_1_137' title='bbox 1231 3332 1290 3369; x_wconf 90' lang='lat' dir='ltr'>ut</span> <span class='ocrx_word' id='word_1_138' title='bbox 1340 3317 1643 3372; x_wconf 74' lang='lat' dir='ltr'>Schefferus</span> <span class='ocrx_word' id='word_1_139' title='bbox 1689 3317 1759 3370; x_wconf 86' lang='lat' dir='ltr'>ad</span> 
     </span>
     <span class='ocr_line' id='line_1_23' title="bbox 762 3394 1758 3468; baseline 0.005 -21"><span class='ocrx_word' id='word_1_140' title='bbox 762 3394 957 3450; x_wconf 74' lang='lat' dir='ltr'>Phaedr.</span> <span class='ocrx_word' id='word_1_141' title='bbox 980 3397 1106 3448; x_wconf 74' lang='lat' dir='ltr'>rab.</span> <span class='ocrx_word' id='word_1_142' title='bbox 1133 3400 1182 3463; x_wconf 85' lang='lat'>1,</span> <span class='ocrx_word' id='word_1_143' title='bbox 1206 3416 1293 3468; x_wconf 80' lang='lat'>19,</span> <span class='ocrx_word' id='word_1_144' title='bbox 1317 3416 1336 3450; x_wconf 86' lang='lat' dir='ltr'>t</span> <span class='ocrx_word' id='word_1_145' title='bbox 1356 3421 1369 3449; x_wconf 87' lang='lat'><em>=</em></span> <span class='ocrx_word' id='word_1_146' title='bbox 1401 3422 1423 3445; x_wconf 76' lang='grc' dir='ltr'>ι</span> <span class='ocrx_word' id='word_1_147' title='bbox 1444 3399 1654 3452; x_wconf 81' lang='lat' dir='ltr'>Habent</span> <span class='ocrx_word' id='word_1_148' title='bbox 1671 3402 1758 3451; x_wconf 89' lang='lat' dir='ltr'>in-</span> 
     </span>
     <span class='ocr_line' id='line_1_24' title="bbox 767 3472 1753 3530; baseline 0.002 -5"><span class='ocrx_word' id='word_1_149' title='bbox 767 3497 791 3519; x_wconf 75' lang='lat'>«</span> <span class='ocrx_word' id='word_1_150' title='bbox 810 3472 969 3526; x_wconf 80' lang='lat' dir='ltr'>sidias</span> <span class='ocrx_word' id='word_1_151' title='bbox 996 3473 1223 3530; x_wconf 84' lang='lat' dir='ltr'>hominis</span> <span class='ocrx_word' id='word_1_152' title='bbox 1253 3477 1524 3530; x_wconf 71' lang='lat' dir='ltr'>blanditias</span> <span class='ocrx_word' id='word_1_153' title='bbox 1559 3476 1703 3529; x_wconf 77' lang='lat' dir='ltr'>mali.</span> <span class='ocrx_word' id='word_1_154' title='bbox 1730 3500 1753 3526; x_wconf 73' lang='lat' dir='ltr'><em>n</em></span> 
     </span>
    </p>
   </div>
   <div class='ocr_carea' id='block_1_11' title="bbox 696 3553 1818 3703">
    <p class='ocr_par' dir='ltr' id='par_1_11' title="bbox 696 3553 1818 3703">
     <span class='ocr_line' id='line_1_25' title="bbox 696 3553 1818 3703; baseline 0.004 -21"><span class='ocrx_word' id='word_1_155' title='bbox 696 3591 712 3609; x_wconf 56' lang='lat' dir='ltr'>x</span> <span class='ocrx_word' id='word_1_156' title='bbox 764 3553 1074 3683; x_wconf 36' lang='lat' dir='ltr'>nubit-Senex</span> <span class='ocrx_word' id='word_1_157' title='bbox 1094 3629 1299 3703; x_wconf 78' lang='lat' dir='ltr'>aliquis.</span> <span class='ocrx_word' id='word_1_158' title='bbox 1321 3634 1490 3687; x_wconf 73' lang='lat' dir='ltr'>Senex</span> <span class='ocrx_word' id='word_1_159' title='bbox 1505 3633 1626 3688; x_wconf 73' lang='lat' dir='ltr'>aliis</span> <span class='ocrx_word' id='word_1_160' title='bbox 1642 3653 1762 3687; x_wconf 65' lang='lat' dir='ltr'>nar-</span> <span class='ocrx_word' id='word_1_161' title='bbox 1813 3639 1818 3644; x_wconf 84' lang='lat'><strong><em>‘</em></strong></span> 
     </span>
    </p>
   </div>
   <div class='ocr_carea' id='block_1_12' title="bbox 764 3708 1149 3777">
    <p class='ocr_par' dir='ltr' id='par_1_12' title="bbox 764 3708 1149 3777">
     <span class='ocr_line' id='line_1_26' title="bbox 764 3708 1149 3777; baseline -0.005 -15"><span class='ocrx_word' id='word_1_162' title='bbox 764 3710 924 3777; x_wconf 73' lang='lat' dir='ltr'>nabis,</span> <span class='ocrx_word' id='word_1_163' title='bbox 948 3708 1149 3763; x_wconf 67' lang='lat' dir='ltr'>schulz.</span> 
     </span>
    </p>
   </div>
   <div class='ocr_carea' id='block_1_13' title="bbox 762 3791 1766 4266">
    <p class='ocr_par' dir='ltr' id='par_1_13' title="bbox 762 3791 1766 4266">
     <span class='ocr_line' id='line_1_27' title="bbox 835 3791 1759 3847; baseline 0.002 -4"><span class='ocrx_word' id='word_1_164' title='bbox 835 3809 884 3845; x_wconf 79' lang='lat'>2.</span> <span class='ocrx_word' id='word_1_165' title='bbox 909 3792 981 3844; x_wconf 75' lang='lat' dir='ltr'>Ec</span> <span class='ocrx_word' id='word_1_166' title='bbox 1001 3803 1134 3844; x_wconf 74' lang='lat' dir='ltr'>certe</span> <span class='ocrx_word' id='word_1_167' title='bbox 1152 3791 1328 3845; x_wconf 78' lang='lat' dir='ltr'>nullus</span> <span class='ocrx_word' id='word_1_168' title='bbox 1343 3806 1627 3847; x_wconf 78' lang='lat' dir='ltr'>excusatus.</span> <span class='ocrx_word' id='word_1_169' title='bbox 1644 3797 1759 3846; x_wconf 85' lang='lat' dir='ltr'>Vet.</span> 
     </span>
     <span class='ocr_line' id='line_1_28' title="bbox 765 3866 1760 3945; baseline 0.001 -19"><span class='ocrx_word' id='word_1_170' title='bbox 765 3873 1045 3945; x_wconf 78' lang='lat' dir='ltr'>exemplar.</span> <span class='ocrx_word' id='word_1_171' title='bbox 1076 3866 1362 3926; x_wconf 56' lang='lat' dir='ltr'>excusatius</span> <span class='ocrx_word' id='word_1_172' title='bbox 1375 3912 1392 3939; x_wconf 93' lang='lat'>,</span> <span class='ocrx_word' id='word_1_173' title='bbox 1422 3889 1583 3928; x_wconf 89' lang='lat' dir='ltr'>recte.</span> <span class='ocrx_word' id='word_1_174' title='bbox 1615 3876 1760 3927; x_wconf 76' lang='lat' dir='ltr'>Prm.</span> 
     </span>
     <span class='ocr_line' id='line_1_29' title="bbox 762 3957 1759 4024; baseline 0 -15"><span class='ocrx_word' id='word_1_175' title='bbox 762 3957 1072 4020; x_wconf 67' lang='lat' dir='ltr'>Aeonum,</span> <span class='ocrx_word' id='word_1_176' title='bbox 1111 3957 1289 4010; x_wconf 78' lang='lat' dir='ltr'>AErod.</span> <span class='ocrx_word' id='word_1_177' title='bbox 1330 3957 1412 4009; x_wconf 84' lang='grc' dir='ltr'>ΔΙ.</span> <span class='ocrx_word' id='word_1_178' title='bbox 1447 3957 1759 4024; x_wconf 76' lang='lat' dir='ltr'>Abdicatus,</span> 
     </span>
     <span class='ocr_line' id='line_1_30' title="bbox 765 4033 1764 4102; baseline 0.001 -16"><span class='ocrx_word' id='word_1_179' title='bbox 765 4034 845 4086; x_wconf 82' lang='lat' dir='ltr'>vel</span> <span class='ocrx_word' id='word_1_180' title='bbox 863 4033 1119 4102; x_wconf 70' lang='lat' dir='ltr'>exclamas,</span> <span class='ocrx_word' id='word_1_181' title='bbox 1135 4035 1215 4088; x_wconf 74' lang='lat' dir='ltr'>vel</span> <span class='ocrx_word' id='word_1_182' title='bbox 1235 4048 1502 4089; x_wconf 74' lang='lat' dir='ltr'>excusatus</span> <span class='ocrx_word' id='word_1_183' title='bbox 1510 4059 1531 4099; x_wconf 83' lang='lat'>,·</span> <span class='ocrx_word' id='word_1_184' title='bbox 1550 4036 1644 4089; x_wconf 86' lang='lat' dir='ltr'>sed</span> <span class='ocrx_word' id='word_1_185' title='bbox 1657 4055 1764 4088; x_wconf 84' lang='lat' dir='ltr'>om-</span> 
     </span>
     <span class='ocr_line' id='line_1_31' title="bbox 766 4115 1766 4182; baseline 0.005 -17"><span class='ocrx_word' id='word_1_186' title='bbox 766 4132 860 4167; x_wconf 89' lang='lat' dir='ltr'>nes</span> <span class='ocrx_word' id='word_1_187' title='bbox 874 4115 1070 4168; x_wconf 83' lang='lat' dir='ltr'>frustra</span> <span class='ocrx_word' id='word_1_188' title='bbox 1085 4138 1096 4166; x_wconf 92' lang='lat'><strong>:</strong></span> <span class='ocrx_word' id='word_1_189' title='bbox 1111 4118 1300 4170; x_wconf 83' lang='lat' dir='ltr'>Justin.</span> <span class='ocrx_word' id='word_1_190' title='bbox 1317 4116 1472 4182; x_wconf 78' lang='lat' dir='ltr'>XXI,</span> <span class='ocrx_word' id='word_1_191' title='bbox 1496 4135 1514 4169; x_wconf 85' lang='lat'>1</span> <span class='ocrx_word' id='word_1_192' title='bbox 1535 4139 1548 4169; x_wconf 71' lang='grc' dir='ltr'><strong><em>ε</em></strong></span> <span class='ocrx_word' id='word_1_193' title='bbox 1572 4120 1766 4171; x_wconf 75' lang='grc' dir='ltr'><strong>ιΕιοιι-</strong></span> 
     </span>
     <span class='ocr_line' id='line_1_32' title="bbox 774 4194 1758 4266; baseline 0.003 -23"><span class='ocrx_word' id='word_1_194' title='bbox 774 4215 796 4238; x_wconf 71' lang='lat' dir='ltr'><em>a</em></span> <span class='ocrx_word' id='word_1_195' title='bbox 816 4194 976 4245; x_wconf 71' lang='lat' dir='ltr'>satius</span> <span class='ocrx_word' id='word_1_196' title='bbox 994 4194 1257 4260; x_wconf 71' lang='lat' dir='ltr'>facturus,</span> <span class='ocrx_word' id='word_1_197' title='bbox 1278 4194 1424 4266; x_wconf 81' lang='lat' dir='ltr'>quod</span> <span class='ocrx_word' id='word_1_198' title='bbox 1444 4209 1758 4261; x_wconf 68' lang='lat' dir='ltr'>statuerat,-</span> 
     </span>
    </p>
   </div>
   <div class='ocr_carea' id='block_1_14' title="bbox 1836 3001 2834 3137">
    <p class='ocr_par' dir='ltr' id='par_1_14' title="bbox 1836 3001 2834 3137">
     <span class='ocr_line' id='line_1_33' title="bbox 1912 3001 2833 3075; baseline -0.011 -19"><span class='ocrx_word' id='word_1_199' title='bbox 1912 3003 1962 3056; x_wconf 88' lang='lat'>3.</span> <span class='ocrx_word' id='word_1_200' title='bbox 1989 3004 2153 3072; x_wconf 81' lang='lat' dir='ltr'>Quam</span> <span class='ocrx_word' id='word_1_201' title='bbox 2174 3003 2268 3075; x_wconf 78' lang='lat' dir='ltr'>qui</span> <span class='ocrx_word' id='word_1_202' title='bbox 2287 3019 2390 3053; x_wconf 79' lang='lat' dir='ltr'>non</span> <span class='ocrx_word' id='word_1_203' title='bbox 2414 3001 2598 3073; x_wconf 79' lang='lat' dir='ltr'>probat</span> <span class='ocrx_word' id='word_1_204' title='bbox 2615 3006 2833 3070; x_wconf 74' lang='lat' dir='ltr'>patrem.</span> 
     </span>
     <span class='ocr_line' id='line_1_34' title="bbox 1836 3080 2834 3137; baseline -0.006 0"><span class='ocrx_word' id='word_1_205' title='bbox 1836 3087 2020 3137; x_wconf 82' lang='lat' dir='ltr'>Fortes</span> <span class='ocrx_word' id='word_1_206' title='bbox 2047 3096 2338 3136; x_wconf 86' lang='lat' dir='ltr'>nascuntur</span> <span class='ocrx_word' id='word_1_207' title='bbox 2364 3081 2618 3134; x_wconf 79' lang='lat' dir='ltr'>fortibus:</span> <span class='ocrx_word' id='word_1_208' title='bbox 2647 3080 2834 3132; x_wconf 83' lang='lat' dir='ltr'>merito</span> 
     </span>
    </p>
   </div>
   <div class='ocr_carea' id='block_1_15' title="bbox 1837 3163 2835 3238">
    <p class='ocr_par' dir='ltr' id='par_1_15' title="bbox 1837 3163 2835 3238">
     <span class='ocr_line' id='line_1_35' title="bbox 1837 3163 2835 3238; baseline -0.005 -20"><span class='ocrx_word' id='word_1_209' title='bbox 1837 3168 1995 3238; x_wconf 73' lang='lat' dir='ltr'>igitur</span> <span class='ocrx_word' id='word_1_210' title='bbox 2020 3164 2108 3216; x_wconf 87' lang='lat' dir='ltr'>hic</span> <span class='ocrx_word' id='word_1_211' title='bbox 2136 3164 2438 3230; x_wconf 76' lang='lat' dir='ltr'>abdicatur,</span> <span class='ocrx_word' id='word_1_212' title='bbox 2467 3164 2592 3235; x_wconf 79' lang='lat' dir='ltr'>quia</span> <span class='ocrx_word' id='word_1_213' title='bbox 2622 3163 2835 3235; x_wconf 77' lang='lat' dir='ltr'>cynicus</span> 
     </span>
    </p>
   </div>
   <div class='ocr_carea' id='block_1_16' title="bbox 1818 3242 2837 3313">
    <p class='ocr_par' dir='ltr' id='par_1_16' title="bbox 1818 3242 2837 3313">
     <span class='ocr_line' id='line_1_36' title="bbox 1818 3242 2837 3313; baseline -0.005 -14"><span class='ocrx_word' id='word_1_214' title='bbox 1818 3247 1974 3299; x_wconf 85' lang='lat' dir='ltr'>-filius</span> <span class='ocrx_word' id='word_1_215' title='bbox 1995 3244 2061 3298; x_wconf 80' lang='lat' dir='ltr'>ad</span> <span class='ocrx_word' id='word_1_216' title='bbox 2082 3245 2344 3298; x_wconf 79' lang='lat' dir='ltr'>urbanum</span> <span class='ocrx_word' id='word_1_217' title='bbox 2364 3257 2416 3296; x_wconf 88' lang='lat' dir='ltr'>et</span> <span class='ocrx_word' id='word_1_218' title='bbox 2434 3242 2723 3296; x_wconf 79' lang='lat' dir='ltr'>facundum</span> <span class='ocrx_word' id='word_1_219' title='bbox 2741 3260 2837 3313; x_wconf 83' lang='lat' dir='ltr'>pa-</span> 
     </span>
    </p>
   </div>
   <div class='ocr_carea' id='block_1_17' title="bbox 1837 3318 2857 4271">
    <p class='ocr_par' dir='ltr' id='par_1_17' title="bbox 1837 3318 2857 4271">
     <span class='ocr_line' id='line_1_37' title="bbox 1837 3318 2838 3395; baseline -0.005 -19"><span class='ocrx_word' id='word_1_220' title='bbox 1837 3339 1972 3376; x_wconf 87' lang='lat' dir='ltr'>trem</span> <span class='ocrx_word' id='word_1_221' title='bbox 1999 3324 2261 3395; x_wconf 87' lang='lat' dir='ltr'>pertinere</span> <span class='ocrx_word' id='word_1_222' title='bbox 2287 3341 2397 3373; x_wconf 88' lang='lat' dir='ltr'>non</span> <span class='ocrx_word' id='word_1_223' title='bbox 2422 3321 2658 3384; x_wconf 79' lang='lat' dir='ltr'>videtur,</span> <span class='ocrx_word' id='word_1_224' title='bbox 2682 3318 2838 3373; x_wconf 80' lang='lat' dir='ltr'>dissi-</span> 
     </span>
     <span class='ocr_line' id='line_1_38' title="bbox 1839 3399 2857 3472; baseline -0.005 -19"><span class='ocrx_word' id='word_1_225' title='bbox 1839 3400 2134 3453; x_wconf 82' lang='lat' dir='ltr'>militudine</span> <span class='ocrx_word' id='word_1_226' title='bbox 2156 3419 2362 3452; x_wconf 84' lang='lat' dir='ltr'>morum</span> <span class='ocrx_word' id='word_1_227' title='bbox 2385 3419 2496 3453; x_wconf 86' lang='lat' dir='ltr'>non</span> <span class='ocrx_word' id='word_1_228' title='bbox 2519 3399 2713 3472; x_wconf 82' lang='lat' dir='ltr'>probat</span> <span class='ocrx_word' id='word_1_229' title='bbox 2739 3417 2857 3469; x_wconf 85' lang='lat' dir='ltr'>pa-.</span> 
     </span>
     <span class='ocr_line' id='line_1_39' title="bbox 1839 3477 2840 3550; baseline -0.005 -18"><span class='ocrx_word' id='word_1_230' title='bbox 1839 3495 1998 3532; x_wconf 71' lang='lat' dir='ltr'>trem:</span> <span class='ocrx_word' id='word_1_231' title='bbox 2013 3481 2077 3530; x_wconf 84' lang='lat' dir='ltr'>Et</span> <span class='ocrx_word' id='word_1_232' title='bbox 2101 3481 2271 3530; x_wconf 85' lang='lat' dir='ltr'>Varro</span> <span class='ocrx_word' id='word_1_233' title='bbox 2297 3477 2580 3550; x_wconf 85' lang='lat' dir='ltr'>quemdam</span> <span class='ocrx_word' id='word_1_234' title='bbox 2603 3479 2656 3529; x_wconf 88' lang='lat' dir='ltr'>in</span> <span class='ocrx_word' id='word_1_235' title='bbox 2682 3488 2840 3528; x_wconf 76' lang='lat' dir='ltr'>testa-</span> 
     </span>
     <span class='ocr_line' id='line_1_40' title="bbox 1838 3555 2836 3625; baseline -0.007 -14"><span class='ocrx_word' id='word_1_236' title='bbox 1838 3572 2018 3611; x_wconf 89' lang='lat' dir='ltr'>mento</span> <span class='ocrx_word' id='word_1_237' title='bbox 2053 3561 2127 3608; x_wconf 78' lang='lat' dir='ltr'>ita</span> <span class='ocrx_word' id='word_1_238' title='bbox 2163 3559 2363 3610; x_wconf 80' lang='lat' dir='ltr'>cavisse</span> <span class='ocrx_word' id='word_1_239' title='bbox 2401 3557 2603 3620; x_wconf 87' lang='lat' dir='ltr'>retulit,</span> <span class='ocrx_word' id='word_1_240' title='bbox 2634 3556 2687 3606; x_wconf 89' lang='lat' dir='ltr'>Si</span> <span class='ocrx_word' id='word_1_241' title='bbox 2719 3555 2836 3625; x_wconf 77' lang='lat' dir='ltr'>quis</span> 
     </span>
     <span class='ocr_line' id='line_1_41' title="bbox 1838 3632 2834 3708; baseline -0.006 -20"><span class='ocrx_word' id='word_1_242' title='bbox 1838 3634 1968 3688; x_wconf 80' lang='lat' dir='ltr'>mihi</span> <span class='ocrx_word' id='word_1_243' title='bbox 1990 3634 2126 3688; x_wconf 82' lang='lat' dir='ltr'>filius</span> <span class='ocrx_word' id='word_1_244' title='bbox 2149 3655 2287 3690; x_wconf 87' lang='lat' dir='ltr'>unus</span> <span class='ocrx_word' id='word_1_245' title='bbox 2310 3635 2546 3708; x_wconf 81' lang='lat' dir='ltr'>pluresve</span> <span class='ocrx_word' id='word_1_246' title='bbox 2573 3636 2628 3684; x_wconf 88' lang='lat' dir='ltr'>in</span> <span class='ocrx_word' id='word_1_247' title='bbox 2652 3632 2834 3684; x_wconf 85' lang='lat' dir='ltr'>decem</span> 
     </span>
     <span class='ocr_line' id='line_1_42' title="bbox 1841 3710 2838 3786; baseline -0.008 -19"><span class='ocrx_word' id='word_1_248' title='bbox 1841 3712 2110 3767; x_wconf 86' lang='lat' dir='ltr'>mensibus</span> <span class='ocrx_word' id='word_1_249' title='bbox 2128 3716 2432 3786; x_wconf 71' lang='lat' dir='ltr'>gignuntur,</span> <span class='ocrx_word' id='word_1_250' title='bbox 2454 3714 2490 3763; x_wconf 88' lang='lat' dir='ltr'>ii</span> <span class='ocrx_word' id='word_1_251' title='bbox 2515 3713 2558 3764; x_wconf 86' lang='lat' dir='ltr'>si</span> <span class='ocrx_word' id='word_1_252' title='bbox 2577 3724 2733 3763; x_wconf 84' lang='lat' dir='ltr'>erunt</span> <span class='ocrx_word' id='word_1_253' title='bbox 2752 3710 2838 3763; x_wconf 73' lang='grc' dir='ltr'>ὄνοι</span> 
     </span>
     <span class='ocr_line' id='line_1_43' title="bbox 1842 3792 2836 3865; baseline -0.004 -18"><span class='ocrx_word' id='word_1_254' title='bbox 1842 3793 2004 3865; x_wconf 64' lang='grc' dir='ltr'>λύραις,</span> <span class='ocrx_word' id='word_1_255' title='bbox 2027 3795 2313 3848; x_wconf 81' lang='lat' dir='ltr'>exheredes</span> <span class='ocrx_word' id='word_1_256' title='bbox 2333 3807 2507 3845; x_wconf 87' lang='lat' dir='ltr'>sunto.</span> <span class='ocrx_word' id='word_1_257' title='bbox 2524 3792 2836 3860; x_wconf 82' lang='lat' dir='ltr'>Quintilian.</span> 
     </span>
     <span class='ocr_line' id='line_1_44' title="bbox 1842 3873 2838 3947; baseline -0.005 -18"><span class='ocrx_word' id='word_1_258' title='bbox 1842 3876 1931 3929; x_wconf 86' lang='lat' dir='ltr'>lib.</span> <span class='ocrx_word' id='word_1_259' title='bbox 1951 3878 2039 3942; x_wconf 77' lang='lat' dir='ltr'>IV,</span> <span class='ocrx_word' id='word_1_260' title='bbox 2053 3895 2100 3928; x_wconf 89' lang='lat' dir='ltr'>c.</span> <span class='ocrx_word' id='word_1_261' title='bbox 2117 3894 2166 3942; x_wconf 80' lang='lat'>2,</span> <span class='ocrx_word' id='word_1_262' title='bbox 2179 3875 2223 3947; x_wconf 84' lang='lat'>§.</span> <span class='ocrx_word' id='word_1_263' title='bbox 2236 3877 2320 3930; x_wconf 68' lang='lat'>30:</span> <span class='ocrx_word' id='word_1_264' title='bbox 2343 3873 2474 3925; x_wconf 80' lang='lat' dir='ltr'>-sed</span> <span class='ocrx_word' id='word_1_265' title='bbox 2489 3876 2544 3927; x_wconf 88' lang='lat' dir='ltr'>in</span> <span class='ocrx_word' id='word_1_266' title='bbox 2558 3873 2838 3927; x_wconf 80' lang='lat' dir='ltr'>scholasti-</span> 
     </span>
     <span class='ocr_line' id='line_1_45' title="bbox 1848 3956 2838 4030; baseline -0.002 -24"><span class='ocrx_word' id='word_1_267' title='bbox 1848 3983 1871 4006; x_wconf 70' lang='lat'><strong>·</strong></span> <span class='ocrx_word' id='word_1_268' title='bbox 1891 3961 1964 4010; x_wconf 89' lang='lat' dir='ltr'>cis</span> <span class='ocrx_word' id='word_1_269' title='bbox 1993 3976 2206 4030; x_wconf 87' lang='lat' dir='ltr'>qnoque</span> <span class='ocrx_word' id='word_1_270' title='bbox 2228 3974 2614 4028; x_wconf 78' lang='lat' dir='ltr'>nonnunquam</span> <span class='ocrx_word' id='word_1_271' title='bbox 2636 3956 2804 4006; x_wconf 84' lang='lat' dir='ltr'>evenit</span> <span class='ocrx_word' id='word_1_272' title='bbox 2821 3993 2838 4015; x_wconf 86' lang='lat'>‚</span> 
     </span>
     <span class='ocr_line' id='line_1_46' title="bbox 1848 4033 2833 4108; baseline -0.008 -19"><span class='ocrx_word' id='word_1_273' title='bbox 1848 4060 1870 4084; x_wconf 75' lang='grc' dir='ltr'><strong>α</strong></span> <span class='ocrx_word' id='word_1_274' title='bbox 1890 4050 1949 4088; x_wconf 90' lang='lat' dir='ltr'>ut</span> <span class='ocrx_word' id='word_1_275' title='bbox 1981 4056 2079 4108; x_wconf 88' lang='lat' dir='ltr'>pro</span> <span class='ocrx_word' id='word_1_276' title='bbox 2107 4036 2406 4088; x_wconf 72' lang='lat' dir='ltr'>narr-tione</span> <span class='ocrx_word' id='word_1_277' title='bbox 2433 4035 2500 4086; x_wconf 89' lang='lat' dir='ltr'>sit</span> <span class='ocrx_word' id='word_1_278' title='bbox 2525 4033 2833 4106; x_wconf 84' lang='lat' dir='ltr'>propositio.</span> 
     </span>
     <span class='ocr_line' id='line_1_47' title="bbox 1849 4111 2836 4190; baseline -0.007 -21"><span class='ocrx_word' id='word_1_279' title='bbox 1849 4139 1870 4165; x_wconf 71' lang='grc' dir='ltr'>ι</span> <span class='ocrx_word' id='word_1_280' title='bbox 1889 4118 2027 4170; x_wconf 81' lang='lat' dir='ltr'>Nam</span> <span class='ocrx_word' id='word_1_281' title='bbox 2062 4118 2189 4190; x_wconf 85' lang='lat' dir='ltr'>quid</span> <span class='ocrx_word' id='word_1_282' title='bbox 2221 4131 2447 4188; x_wconf 85' lang='lat' dir='ltr'>exponet</span> <span class='ocrx_word' id='word_1_283' title='bbox 2463 4154 2481 4183; x_wconf 83' lang='lat'>‚</span> <span class='ocrx_word' id='word_1_284' title='bbox 2505 4133 2616 4187; x_wconf 73' lang='lat' dir='ltr'>quae</span> <span class='ocrx_word' id='word_1_285' title='bbox 2645 4111 2836 4181; x_wconf 71' lang='lat' dir='ltr'>zeloty-</span> 
     </span>
     <span class='ocr_line' id='line_1_48' title="bbox 1849 4191 2838 4271; baseline -0.008 -20"><span class='ocrx_word' id='word_1_286' title='bbox 1849 4220 1871 4244; x_wconf 77' lang='grc' dir='ltr'><strong>α</strong></span> <span class='ocrx_word' id='word_1_287' title='bbox 1892 4218 2022 4271; x_wconf 83' lang='lat' dir='ltr'>pum</span> <span class='ocrx_word' id='word_1_288' title='bbox 2050 4198 2197 4253; x_wconf 65' lang='lat' dir='ltr'>male</span> <span class='ocrx_word' id='word_1_289' title='bbox 2229 4197 2555 4251; x_wconf 77' lang='lat' dir='ltr'>tractationis</span> <span class='ocrx_word' id='word_1_290' title='bbox 2587 4205 2796 4247; x_wconf 71' lang='lat' dir='ltr'>accusat</span> <span class='ocrx_word' id='word_1_291' title='bbox 2813 4191 2838 4242; x_wconf 64' lang='grc' dir='ltr'><em>ἲ</em></span> 
     </span>
    </p>
   </div>
  </div>
 </body>
</html>
