3200 5117
764 517 1596 585 DECLAMA'HONES.
1646 520 2021 588 CCCXIX.
2311 526 2438 616 289

347 647 542 717 Dum
584 670 712 741 ego
757 670 887 740 ago
926 668 1086 713 meo
1119 639 1424 741 judicio,
1468 639 1579 710 dic
1621 638 1888 738 legem,
1930 668 2068 741 qua
2100 644 2440 718 vindicari

347 780 572 861 potest
621 782 1019 858 utrumque.
1075 759 1347 856 Nempe
1394 756 1528 828 hoc
1580 756 1761 829 inter
1806 757 1941 829 alia
1993 759 2253 833 dictum
2303 783 2443 854 est,

349 875 589 965 Quam
628 900 907 946 causam
938 870 1152 944 dandi
1188 872 1438 943 veneni
1472 870 1616 942 filio
1650 898 1812 942 meo
1845 870 2098 944 habui?
2133 873 2446 950 adultera

349 1016 497 1061 non
540 1016 748 1062 eram.
794 987 942 1059 Illic
971 986 1398 1077 videbimus,
1442 984 1581 1057 illic
1623 985 2000 1057 reddemus
2033 1000 2049 1030 ¹
2075 988 2442 1063 rationem.

349 1108 493 1182 Nec
526 1126 594 1177 te
630 1104 764 1176 hoc
802 1103 1047 1176 fefellit
1079 1130 1094 1173 :
1139 1102 1259 1174 sed
1303 1101 1636 1174 naturalis
1670 1101 2007 1199 improbis
2039 1102 2449 1177 hominibus

351 1219 706 1292 dilationis
726 1240 827 1292 est
847 1218 1185 1319 cupiditas
1206 1246 1222 1289 t
1247 1213 1362 1289 hic
1391 1217 1698 1289 infamiae
1719 1215 1908 1289 vides
1935 1244 2213 1315 poenam
2234 1248 2249 1289 :
2274 1220 2448 1318 quid

350 1356 587 1408 autem
615 1336 805 1408 fama
840 1336 927 1407 ad
954 1356 1018 1407 te
1036 1392 1055 1424 ‚
1091 1355 1211 1406 aut
1239 1333 1522 1433 opinio?
1550 1333 1672 1406 sed
1702 1355 2077 1406 occurrunt
2105 1333 2238 1406 illae
2268 1336 2452 1434 cogi-

352 1452 697 1524 tationes:
741 1471 1086 1549 quaeretur
1128 1448 1214 1520 de
1259 1447 1635 1535 adulterio,
1683 1467 1751 1518 et
1791 1470 2133 1546 quaeretur
2174 1448 2335 1538 diu,
2381 1469 2452 1521 et

353 1566 659 1639 extrahet
694 1566 1091 1667 judicium,
1135 1565 1310 1636 sicut
1355 1564 1582 1636 adhuc
1634 1563 1955 1654 extrahit,
2010 1584 2087 1635 ut
2126 1586 2455 1663 sequatur

351 1683 672 1754 adulterii
717 1709 997 1781 poenam
1038 1679 1173 1752 alia
1212 1679 1659 1779 subscriptio,
1704 1679 1821 1751 alii
1855 1679 2167 1780 judices,
2209 1702 2276 1752 et
2313 1680 2451 1753 alia

355 1797 723 1870 sortitionis
750 1799 1069 1868 fortuna:
1099 1795 1372 1867 interim
1391 1854 1411 1886 ,
1440 1817 1520 1867 ut
1542 1795 1719 1866 nihil
1745 1816 1921 1867 artes
1937 1794 2239 1882 valeant,
2269 1798 2451 1869 mul-

353 1933 512 1985 tum
545 1913 682 1984 fata
713 1933 1003 2012 possunt
1035 1940 1051 1983 ε
1095 1912 1399 1984 multum
1439 1912 1609 1983 citra
1648 1911 1871 1983 scelus
1905 1937 2185 2009 quoque
2220 1911 2451 2011 impe-

365 2027 660 2099 dimenti
705 2054 826 2126 per
865 2054 935 2098 se
978 2027 1125 2126 ipsa
1166 2026 1553 2098 mortalitas
1584 2028 1828 2098 affert:
1868 2046 1945 2096 ut
1978 2024 2153 2096 nihil
2200 2025 2449 2123 prosit,

360 2140 587 2212 vixero
621 2168 636 2212 ε
674 2162 741 2212 et
776 2161 1010 2213 tamen
1026 2155 1080 2231 ²,
1120 2140 1306 2239 quod
1344 2140 1518 2212 mihi
1545 2142 1683 2213 vita
1716 2142 1867 2240 ipsa
1891 2138 2277 2241 jucundius
2311 2161 2449 2231 est,

358 2256 621 2329 tamdiu
649 2277 984 2357 superstes
1017 2256 1165 2328 testi
1193 2256 1441 2327 vixero.

357 2457 642 2511 dammodo
678 2458 937 2525 exordiri,
967 2459 1106 2512 Dum
1140 2477 1233 2533 eqo
1263 2476 1362 2531 ayo
1442 2457 1630 2511 melius
1662 2457 1888 2525 habeat,
1925 2458 2128 2509 afferat.
2166 2460 2343 2511 AEnoo.
2372 2490 2444 2498 —

354 2556 469 2591 meo
471 2538 680 2612 judicio
692 2562 708 2590 .-
727 2539 851 2590 dum
873 2538 1037 2613 legem
1058 2538 1239 2606 recito,
1255 2558 1362 2610 qua

358 2618 614 2671 vindicari
648 2630 816 2692 potest
850 2618 1166 2670 adulterium
1185 2641 1200 2671 .·
1240 2618 1323 2670 vel
1343 2656 1360 2684 ,

354 2697 479 2750 dum
505 2700 605 2754 cito
635 2710 838 2765 testem,
863 2699 957 2770 qui
983 2699 1242 2750 vindicare
1266 2708 1365 2750 aut

341 2779 582 2850 judicare
591 2790 760 2852 potest
773 2789 1076 2850 utrumque,
1093 2792 1145 2830 et
1158 2792 1362 2850 patrem

359 2873 411 2911 et
425 2873 641 2911 matrem
655 2857 926 2924 videlicet,
944 2875 1088 2909 ream
1110 2857 1329 2910 alteram
1341 2898 1357 2925 ,

364 2952 725 2990 accusatorem
753 2937 1001 3002 alterum,
1024 2950 1126 2987 etc.
1158 2937 1358 3007 reliqua

362 3029 745 3089 persequentur
764 3035 826 3068 ex
840 3015 1072 3068 themate
1087 3014 1360 3086 discipuli,

360 3095 469 3149 hoc
483 3096 666 3148 modo:
683 3099 822 3148 Dum
838 3115 931 3168 eqo
946 3113 1044 3170 ago
1056 3133 1073 3159 ,
1090 3107 1184 3146 etc.
1201 3114 1358 3167 quum

362 3173 502 3228 solus
515 3171 669 3246 filius
699 3176 832 3227 textis
858 3186 1008 3240 esset,
1043 3175 1176 3225 inter
1199 3192 1365 3225 moras

362 3253 650 3307 adolescens
662 3257 916 3328 ambiguis
926 3255 1084 3329 siquis
1099 3254 1367 3305 cruditatis

362 3346 415 3386 et
436 3335 623 3388 veneni
640 3335 876 3387 moritur.
904 3336 1056 3385 Hunc
1072 3331 1248 3384 locum
1265 3333 1334 3384 ita
1347 3372 1364 3396 ,

362 3426 420 3464 ut
445 3431 665 3485 possum
680 3453 697 3480 ,
731 3413 970 3466 elucido=
1010 3415 1056 3467 si
1087 3414 1205 3485 quis
1239 3410 1367 3486 quid

1439 2536 1555 2611 Ago
1588 2556 1704 2590 meo
1733 2538 1948 2608 judicio.
1983 2538 2154 2611 Aqam
2181 2541 2318 2609 m.j.
2354 2549 2451 2589 aut

1438 2615 1538 2667 dic.
1564 2616 1688 2667 Meo
1700 2616 1938 2689 judicio,
1964 2630 2053 2682 ut,
2081 2639 2103 2662 α
2125 2619 2276 2667 venio
2303 2636 2443 2670 nunc

1446 2719 1467 2740 κ
1488 2694 1555 2747 ad
1602 2715 1774 2748 meam
1821 2695 2022 2768 legem,
2044 2719 2066 2743 ι
2117 2696 2445 2750 Declamatio

1440 2775 1701 2827 CCCVIH.
1727 2777 1944 2827 Senum.

1516 2873 1559 2906 ι.
1599 2857 1699 2936 Cui⁸
1730 2858 1991 2923 debemus,
2032 2855 2148 2908 illic
2183 2857 2448 2910 reddemus

1439 2937 1710 2987 rationem.
1733 2936 1888 3008 Apud
1910 2951 2220 3008 quaestorem
2243 2937 2446 2989 adulte—

1440 3016 1533 3080 rii,
1575 3034 1867 3085 quaeremus
1905 3014 2069 3080 illud,
2104 3034 2172 3066 an
2204 3014 2448 3067 adultera

1441 3096 1632 3145 fueris:
1659 3094 1747 3145 hic
1765 3115 1891 3146 vero
1919 3113 2023 3145 non
2044 3094 2325 3158 debemus,
2351 3094 2444 3146 ubi

1444 3172 1509 3223 de
1550 3172 1831 3241 parricidio
1858 3176 2120 3244 quoeritur.
2147 3174 2324 3224 AEnon.
2352 3176 2447 3245 qui

1444 3254 1516 3302 ita
1536 3250 1719 3302 edidit.

1507 3330 2159 3396 2.Ettamen.Ettandem,
2173 3333 2444 3385 autvixero

1445 3411 1680 3476 tandem,
1707 3422 1758 3464 et
1777 3410 1933 3482 quod.
1959 3411 2174 3465 Senum.

2153 4333 2215 4386 ι9
