3200 5117
814 516 1647 586 DECLAMATIONES.
1698 517 2099 582 CCCXXX.
2374 520 2495 601 34¹

415 642 667 718 eredo:
708 643 1131 743 quantulum
1176 641 1369 713 enim
1408 661 1552 713 erat
1584 640 2066 739 quotidianam
2105 640 2354 738 stipem
2377 697 2395 730 ,
2440 664 2509 713 et

417 758 555 832 hoc
583 758 913 859 exiguum
932 816 950 849 ‚
982 782 1122 854 quo
1146 755 1383 828 anima
1408 756 1483 827 in
1513 776 1863 853 posterum
1895 754 2084 826 diem
2121 781 2509 854 prorogare-

416 891 555 965 tur,
588 894 897 973 praestare
927 871 1054 943 filii
1092 872 1194 976 tui
1228 868 1477 942 matri?
1519 890 1587 941 et
1622 869 1678 940 si
1713 868 1845 940 hoc
1881 868 2119 939 animo
2161 868 2347 941 fuisti
2375 926 2394 958 ,
2432 889 2508 942 tu

417 986 735 1076 voluisti,
769 1007 840 1058 tu
877 984 1148 1058 dedisti.
1178 986 1321 1055 Nec
1350 983 1540 1056 enim
1570 982 1900 1081 cuiquam
1936 981 2265 1054 credibile
2291 983 2508 1056 videri

417 1121 672 1201 potest,
706 1101 1051 1199 ignorasse
1087 1121 1153 1172 te
1171 1155 1191 1188 ,
1219 1125 1309 1170 an
1339 1124 1467 1196 ego
1495 1124 1653 1171 vere
1686 1102 2018 1169 amarem.
2050 1100 2171 1168 Me
2199 1097 2345 1169 sine
2369 1098 2508 1171 du-

417 1215 536 1287 bio
557 1237 624 1288 et
641 1214 1051 1288 verecundia
1066 1270 1086 1304 ‚
1109 1234 1175 1285 et
1187 1211 1424 1285 'metus
1450 1209 1762 1283 inhibuit
1779 1210 2211 1312 aliquatenus
2226 1269 2248 1303 ,
2263 1238 2506 1284 verum

413 1331 646 1403 statim
698 1331 972 1403 dicere:
1026 1329 1145 1402 sed
1194 1348 1271 1400 ut
1314 1327 1693 1457 pecunivn
1739 1325 2171 1426 acciperem,
2215 1326 2347 1400 illae
2394 1356 2506 1402 me

414 1446 785 1519 subierunt
818 1443 1308 1544 cogitationes,
1344 1468 1558 1539 quam
1596 1441 2063 1540 indulgenter,
2099 1468 2313 1539 quam
2347 1470 2510 1541 pru-

415 1560 662 1633 denter
692 1560 984 1648 faceres‚
1022 1578 1100 1629 ut
1130 1555 1482 1628 infelicem
1515 1555 1857 1627 feminam
1885 1555 2133 1647 alereS,
2161 1583 2288 1628 nec
2315 1556 2508 1630 vide-

418 1674 584 1747 reris
620 1675 697 1745 in
739 1674 1031 1772 gratiam
1073 1671 1373 1744 rediisse.
1410 1674 1524 1743 Tu
1564 1692 1838 1761 tamen,
1873 1672 2137 1770 inquit,
2176 1673 2506 1746 mentitus

418 1815 490 1861 es
513 1789 686 1889 patri
704 1845 722 1879 ‚
750 1809 817 1861 et
838 1814 1149 1860 amorem
1175 1786 1548 1860 meretricis
1574 1787 1822 1861 finxisti
1847 1803 1865 1834 ¹
1890 1818 1905 1861 ε
1947 1788 2042 1860 ita
2070 1788 2506 1862 innocentior

418 1930 648 1995 eram,
678 1904 733 1976 si
766 1929 1009 1977 verum
1037 1901 1403 1976 dixissem?
1430 1903 1644 1975 Plena
1681 1925 1781 1975 est
1814 1902 2216 2005 hujusmodi
2247 1904 2512 1977 artibus-

416 2019 587 2110 vita,
613 2019 821 2119 plena
845 2038 1007 2090 sunt
1030 2017 1236 2090 etiam
1262 2017 1558 2090 theatra:
1592 2018 2260 2091 circumscribuntur
2284 2039 2348 2090 et
2374 2046 2505 2091 ser-

416 2159 663 2205 vorum
695 2133 952 2206 artibus
984 2154 1209 2233 patres
1230 2190 1250 2223 ,
1287 2155 1355 2206 et
1384 2134 1768 2208 mendaciis
1799 2134 2147 2207 filiorum:
2186 2154 2251 2206 et
2278 2134 2507 2233 ignos-

418 2268 620 2338 cunt,
655 2274 877 2346 quum
913 2246 1385 2321 meretricibus
1422 2249 1725 2347 pecunia
1761 2248 1981 2339 datur,
2016 2274 2238 2348 quum
2272 2247 2506 2348 aliqua

418 2388 462 2434 a
493 2362 745 2438 lenone
778 2362 1142 2434 redimitur
1174 2361 1447 2448 ancilla.
1479 2363 1643 2435 Dixi
1680 2390 1990 2436 amorem
2024 2390 2165 2435 esse
2198 2364 2507 2456 meretri-

417 2477 550 2549 cis:
587 2498 941 2577 acceptam
979 2478 1352 2577 pecuniam
1391 2479 1593 2550 matri
1632 2478 1833 2550 dedi:
1872 2477 2305 2550 innocentior
2343 2504 2502 2576 ergo

415 2617 644 2681 eram,
676 2592 733 2662 si
765 2591 1137 2691 pecuniam
1173 2593 1375 2664 matri
1412 2592 1702 2692 petitam
1737 2593 2082 2665 meretrici
2115 2592 2506 2665 dedissem?

413 2706 631 2778 Possit
650 2705 861 2779 videri
888 2706 1037 2779 sine
1071 2707 1288 2779 dubio
1318 2709 1576 2781 durum
1605 2730 1678 2781 et
1706 2735 2064 2807 asperum,
2095 2735 2246 2799 me,
2282 2735 2502 2807 quum

417 2823 561 2921 ipse
590 2823 720 2894 sim
755 2822 827 2894 in
860 2823 1164 2921 periculo
1182 2880 1201 2914 ,
1228 2824 1435 2896 etiam
1459 2849 1581 2922 pro
1605 2824 1740 2896 alio
1766 2851 2042 2925 rogare:
2071 2851 2505 2923 quaecunque

419 2955 651 3008 tamen
679 2935 977 3027 occasio,
1009 2963 1443 3035 quaecunque
1474 2958 1713 3010 tamen
1733 2938 2093 3011 necessitas
2121 2960 2251 3029 est,
2276 2940 2332 3010 si
2348 2938 2505 3040 jam

420 3077 547 3151 ego
568 3052 865 3142 offendi,
886 3052 1130 3151 siquid
1144 3110 1163 3141 ,
1186 3052 1374 3150 quod
1395 3080 1645 3152 parum
1666 3054 2067 3153 simpliciter
2086 3055 2466 3154 rogaverim
2481 3112 2502 3147 ,

419 3166 760 3261 irasceris,
797 3168 994 3241 illam
1029 3167 1450 3240 commendo
1479 3168 1845 3257 miseram3
1882 3194 2026 3239 non
2062 3189 2139 3239 ut
2176 3168 2499 3242 reducas:

416 3282 548 3355 fuit
580 3283 707 3355 ista
742 3308 895 3382 spes
933 3280 1351 3379 aliquando,
1392 3300 1458 3352 et
1495 3280 1814 3370 forsitan,
1854 3282 1908 3352 si
1948 3280 2204 3351 felicior
2239 3307 2456 3354 essem
2480 3340 2501 3374 ‚

417 3419 761 3470 maneret:
789 3397 965 3469 illud
988 3396 1248 3488 adhuc,
1269 3395 1460 3497 quod
1479 3422 1685 3493 egens
1701 3408 1729 3440 ²
1756 3415 1825 3467 et
1845 3393 2202 3468 abdicatus
2225 3423 2503 3469 necesse

418 3510 646 3585 habeo
662 3511 1010 3611 deprecari
1023 3569 1042 3603 ‚
1063 3533 1143 3584 ut
1158 3511 1297 3584 alas
1311 3569 1329 3603 ,
1352 3510 1620 3584 etiamsi
1642 3510 1948 3583 irasceris
1968 3536 1983 3582 :
2006 3511 2284 3609 qualem
2307 3513 2503 3585 enim

418 3743 563 3815 quod
581 3758 734 3816 patre
752 3746 921 3801 inscio
939 3761 991 3800 et
1010 3748 1312 3819 ignorante,
1329 3764 1418 3798 ve·
1496 3745 1633 3799 sitas.
1663 3745 1942 3799 Necessitas
1969 3759 2040 3799 est
2054 3785 2074 3815 ,
2102 3743 2284 3798 AErod.
2320 3756 2374 3795 et
2407 3760 2504 3795 not

417 3821 552 3873 ritus
573 3825 686 3896 ejus
711 3825 971 3880 offensam
993 3825 1074 3879 vel
1099 3823 1419 3897 indignatio·
1497 3843 1620 3878 cum
1643 3828 1757 3898 Bip.
1783 3828 1874 3879 En.

417 3919 557 3955 nem.
583 3904 846 3959 AEnomns.
1571 3925 1620 3961 2.
1645 3907 1799 3960 lund
1812 3908 2000 3975 adhuc,
2019 3907 2160 3980 quod
2178 3923 2345 3980 egens.
2369 3902 2501 3955 Scri-

493 3997 536 4033 1.
579 3982 813 4037 finxisti.
863 3982 1200 4056 Con-finxisti,
1233 3981 1414 4033 AErod.
1495 3984 1599 4037 be:
1628 3983 1775 4038 lund
1795 3987 1996 4053 adhuc,
2024 3985 2260 4059 quamvis
2279 4000 2429 4058 egens
2451 3994 2503 4036 et

413 4058 706 4132 Iun-finxisti,
722 4081 887 4133 marg.
902 4066 1087 4128 Forte,
1102 4061 1237 4114 mihi
1235 4058 1422 4134 βψω-
1496 4065 1783 4134 abdicatus,
1818 4085 2011 4119 neeesse
2036 4065 2194 4117 habeo
2220 4063 2497 4137 deprecari.

416 4138 456 4187 n·
471 4162 486 4190 .·
513 4157 638 4192 nam
657 4160 721 4194 ex
739 4140 874 4192 mihi
897 4158 1033 4211 saepe
1053 4142 1108 4192 in
1132 4141 1330 4192 factum
1350 4142 1420 4192 vi·
1493 4148 1663 4200 cnon.
1699 4149 1814 4213 An,
1854 4146 1995 4200 illud
2029 4145 2201 4200 adhuc
2234 4156 2339 4213 est,
2363 4143 2504 4217 quod

414 4217 585 4274 dimus
613 4220 684 4274 ad
709 4221 859 4275 Decl.
886 4221 1037 4288 XIX,
1061 4220 1112 4274 6.
1143 4251 1215 4263 --
1235 4223 1417 4276 Neces-
1497 4228 1681 4299 egens?
1701 4227 1920 4280 Senum.
