3200 5117
694 534 815 621 ⁸74
1190 529 1286 595 M.
1335 527 1584 594 meu
1630 526 2266 610 QmNTtLtAM

683 655 809 726 diu
835 653 1046 726 fuisse
1073 653 1470 726 abdicatum
1500 665 1549 742 ¹,
1579 649 1701 723 illa
1736 676 1879 722 non
1911 651 2243 742 narrabo,
2277 673 2494 750 quarn
2532 649 2778 728 indul-

684 795 854 868 gens
894 769 1072 841 mihi
1115 767 1205 840 ab
1237 787 1427 841 aetate
1461 767 1690 868 prima
1723 766 1934 838 fuerit
1969 787 2165 866 pater
2201 793 2216 838 ε
2263 768 2454 866 quod
2491 767 2779 840 fortasse

685 883 899 955 otiam
925 883 1303 981 corruperit
1328 908 1555 956 mores
1576 907 1805 954 meos:
1834 907 1961 956 nec
1983 881 2157 954 illud
2181 909 2367 954 error
2384 882 2782 955 adolescen-

685 1000 798 1072 tioe
816 1014 869 1090 ²,
899 1025 1031 1071 nec
1057 999 1263 1071 aetatis
1291 1019 1567 1071 natura.
1597 997 2066 1070 Luxuriosum
2087 996 2118 1043 ³
2148 1019 2345 1097 putat
2368 998 2615 1072 fuisse:
2652 1025 2779 1098 ego

690 1135 926 1188 tamen
962 1114 1250 1186 insanus
1278 1135 1471 1186 eram
1490 1168 1510 1204 ‚
1542 1133 1613 1186 εῑ
1642 1111 2126 1185 defendendus
2155 1114 2442 1214 quidem
2462 1172 2482 1206 ,
2520 1115 2576 1185 si
2612 1140 2782 1185 con-

688 1228 1107 1301 tradixissem
1133 1255 1148 1299 t
1176 1228 1299 1300 sed
1325 1248 1918 1329 perseveraturum
1946 1248 2218 1328 patrem
2244 1229 2589 1328 negabant
2620 1254 2783 1328 pro-

687 1341 936 1442 pinqui
966 1370 981 1414 z
1018 1342 1112 1428 sic
1139 1343 1402 1415 factum
1431 1363 1566 1433 est,
1602 1362 1681 1414 ut
1706 1335 2021 1413 dolorem
2052 1341 2329 1415 silentio
2347 1368 2779 1442 premerem,

689 1458 812 1558 qui
854 1458 1128 1531 clausus
1166 1479 1375 1556 atque
1418 1457 1599 1531 intra
1641 1456 2086 1557 cogitationes
2119 1479 2465 1558 receptuS,
2502 1458 2783 1531 abstulit

691 1595 1025 1647 mentem.
1045 1578 1390 1649 Caeterum
1413 1596 1649 1647 tamen
1665 1633 1684 1666 ‚
1712 1576 1769 1647 si
1792 1600 2033 1647 verum
2055 1576 2349 1649 velimus
2371 1576 2566 1676 loqui
2581 1632 2598 1666 ‚
2629 1604 2781 1648 mu-

689 1710 800 1761 tus
832 1688 1030 1761 fuit4.
1057 1690 1251 1779 Quas
1285 1688 1400 1761 hic
1436 1717 1562 1788 ego
1590 1689 1767 1789 patri
1808 1689 2055 1789 gratias
2088 1689 2334 1789 agam?
2365 1688 2635 1762 reduxit
2667 1715 2780 1761 me

693 1829 837 1875 non
882 1803 1330 1892 sentientem3
1376 1801 1701 1876 adhibuit
1732 1825 2006 1893 curam,
2046 1803 2400 1876 laborem:
2445 1805 2780 1877 miserum

693 1914 845 1989 me!
884 1938 1158 1989 sanatus
1191 1944 1351 1989 sum
1383 1943 1397 1988 ε
1440 1943 1630 1990 sacra
1670 1916 2063 2017 majorum,
2110 1916 2275 1989 deos
2315 1939 2596 2018 penates
2638 1944 2781 1990 non

692 2031 994 2105 sentiens
1035 2034 1273 2104 tenui:
1312 2057 1522 2105 nemo
1565 2031 1952 2132 gratulatus
1993 2053 2094 2105 est
2122 2032 2507 2106 amicorum
2540 2061 2557 2106 z
2592 2060 2783 2106 nunc

695 2149 994 2249 expellor
1023 2149 1444 2249 resipiscens.
1476 2149 1737 2222 Felices
1756 2205 1777 2238 ,
1802 2148 1928 2249 qui
1956 2170 2248 2249 possunt
2273 2151 2471 2223 omni
2494 2151 2631 2225 vita
2659 2149 2787 2224 sua

693 2263 1100 2365 parentibus
1124 2263 1386 2357 dicere,
1411 2265 1582 2365 quid
1610 2264 1776 2339 feci?
1799 2264 2026 2337 dicam
2056 2287 2327 2357 tamen,
2358 2266 2525 2366 quid
2550 2288 2787 2366 postea

693 2378 870 2451 feci?
900 2379 956 2450 si
989 2378 1259 2453 luxuria
1293 2378 1730 2452 intolerabile
1756 2379 2026 2451 malum
2045 2435 2066 2470 ,
2097 2378 2441 2478 ignovisti.
2472 2383 2653 2479 Ego,
2683 2381 2785 2451 in-

695 2492 881 2590 quit,
918 2514 1020 2584 te,
1056 2494 1393 2592 quoniam
1422 2494 1712 2566 demens
1742 2509 1931 2584 eras,
1965 2493 2204 2565 reduxi
2236 2522 2250 2565 :
2288 2494 2415 2565 ubi
2440 2495 2629 2584 estis,
2660 2494 2783 2591 qui

697 2636 809 2681 me
827 2608 1177 2708 putabatis
1198 2609 1597 2683 infelicem?
1622 2637 1749 2709 ego
1768 2638 1927 2684 vero
1953 2609 2323 2683 dementiae
2344 2609 2587 2710 gratias
2613 2636 2740 2707 ago
2762 2636 2776 2679 ε

696 2752 839 2796 non
879 2723 1167 2824 quidem
1204 2719 1746 2798 sollicitudinem
1786 2726 1997 2825 patris
2030 2726 2248 2817 sensi,
2285 2726 2401 2798 sed
2433 2751 2558 2796 nec
2586 2723 2783 2796 abdi-

696 2841 1065 2934 cationem.
1100 2837 1301 2934 Quid
1347 2835 1524 2913 mihi
1566 2829 1733 2913 cum
1777 2861 1916 2912 tam
1949 2840 2164 2915 veloci
2209 2839 2551 2914 remedio?
2592 2862 2785 2939 pater

775 3049 819 3089 ι.
852 3037 954 3091 Sed
981 3048 1043 3089 ut
1074 3051 1159 3088 me
1190 3047 1373 3109 putem
1414 3036 1509 3090 diu
1539 3037 1706 3109 fuisse
1782 3037 2405 3091 contmdixissem.Gnon.
2426 3037 2497 3090 Et
2518 3034 2787 3108 5112,qu

692 3119 1001 3174 abdicatum.
1019 3121 1202 3172 Forte:
1223 3118 1476 3172 sedutme
1489 3120 1701 3191 probem
1779 3136 1926 3169 error
1944 3139 1994 3170 a.
2023 3118 2133 3171 hoec
2157 3121 2322 3172 oetatis
2349 3140 2403 3171 n·-
2433 3138 2516 3181 μς
2544 3133 2665 3184 aut,
2695 3137 2788 3171 nec

699 3197 912 3251 tacuisse
942 3196 1258 3250 abdicatum.
1289 3199 1361 3249 Ut
1386 3198 1539 3249 vobis
1571 3196 1701 3252 fides

698 3275 819 3341 fiat,
856 3293 1043 3330 causas
1074 3275 1325 3329 hahuisse
1356 3276 1488 3330 illud
1525 3295 1702 3329 meum

694 3355 838 3427 prius
852 3354 1117 3408 silentium
1130 3396 1149 3425 ,
1170 3355 1502 3427 quod-modo
1523 3357 1706 3428 appel·

699 3434 841 3485 lavit.
881 3435 1119 3486 Gnonov.
1162 3436 1264 3486 Sed
1296 3446 1356 3486 ut
1389 3453 1472 3510 pne
1494 3436 1704 3508 faciam

700 3515 911 3590 indigne
926 3514 1094 3586 fiaisse
1109 3555 1127 3582 ,
1156 3515 1359 3568 Schult.
1387 3517 1489 3569 Sed
1509 3533 1603 3568 cur
1624 3529 1707 3569 me

692 3613 749 3667 p.
788 3594 839 3643 d.
873 3593 926 3665 f.
970 3612 1019 3644 a.
1056 3591 1159 3646 illa
1200 3591 1484 3649 narratio(
1508 3614 1704 3667 quam,

698 3691 864 3745 marg.
889 3671 1069 3723 AErod.
1106 3675 1225 3743 Ipse
1258 3686 1316 3725 ut
1348 3674 1541 3745 vulgo,
1572 3694 1706 3745 pra:—

699 3766 939 3826 terquam
977 3751 1123 3824 quod
1154 3745 1345 3819 habet,
1379 3753 1477 3807 illa
1508 3774 1664 3808 narro
1687 3777 1703 3806 .-

697 3836 800 3890 sct'o
824 3853 982 3910 quam
1007 3836 1115 3888 ind.
1144 3847 1243 3887 eto.

771 3931 820 3966 τι.
850 3915 961 3967 Nec
993 3914 1135 3967 illud
1162 3932 1305 3968 error
1331 3912 1702 3968 adolescentiae.

698 3996 963 4065 Conjicio:
980 4013 1075 4048 nee
1092 3993 1212 4062 ilie,
1233 4011 1402 4049 errore
1417 3993 1707 4048 adotescen-

700 4072 788 4126 tioe
818 4091 932 4140 me,
955 4094 1028 4127 an
1058 4077 1225 4128 atatis
1255 4085 1475 4142 natura,
1505 4077 1716 4147 putarit

686 4149 1217 4224 *luam-imm.
1233 4154 1347 4227 Eyo
1365 4165 1537 4205 tamen
1551 4171 1707 4208 sanus

698 4245 882 4296 eram,
916 4241 970 4282 et
1000 4229 1355 4301 defendendus
1389 4249 1624 4306 qumque,
1662 4236 1707 4287 εἰ

1785 3196 1948 3262 illud,
1971 3215 2127 3264 error,
2152 3210 2250 3250 etc.
2279 3197 2497 3249 Senot-r.
2522 3199 2635 3248 Nec
2654 3194 2791 3247 illud

1781 3296 1825 3329 e.
1842 3276 1926 3328 ad.
1947 3291 2039 3328 nec
2055 3278 2233 3330 oetatt's.
2251 3279 2453 3330 Natura
2470 3278 2787 3331 luxuriosum

1782 3365 1940 3428 putat
1942 3353 2111 3425 fuisse
2126 3378 2142 3407 .-
2161 3375 2254 3431 eqo
2272 3366 2445 3409 tamen
2455 3374 2614 3410 sanus
2627 3369 2800 3422 «er-ant,=

1785 3435 2042 3488 Obrecht.

1857 3514 1906 3565 3.
1932 3514 2296 3566 Luxuriosum.
2323 3514 2666 3566 luxuriosum
2687 3532 2790 3585 pu·

1786 3602 1890 3644 tate
1907 3593 2106 3664 fuisse,
2134 3613 2228 3667 eqo
2251 3606 2423 3648 tamen
2448 3596 2655 3648 insanus
2681 3613 2791 3647 non

1785 3693 1946 3726 eram.
1974 3674 2184 3748 prodigi
2206 3678 2380 3729 insani
2402 3676 2694 3727 habentur:
2719 3677 2792 3730 si-

1784 3757 1998 3826 gnificat
2023 3772 2230 3822 autem,
2257 3777 2418 3829 quum
2442 3759 2682 3808 insanum
2707 3775 2792 3809 re-

1785 3836 2018 3903 duxerit,
2039 3857 2148 3890 non
2169 3837 2416 3891 debuisse
2435 3837 2515 3889 vel
2538 3851 2694 3903 tune,
2709 3837 2790 3891 rel

1785 3938 1930 3971 nune
1958 3937 2141 3972 sanum
2166 3920 2418 3973 abdicari.
2446 3920 2665 3972 Senum.

1857 4001 1906 4066 4.
1925 4000 2247 4072 Mutusfuae't.
2265 3999 2526 4072 Ugolinus
2544 4013 2596 4054 et
2612 3996 2787 4053 ,ΕΙ-σᾶ.

1785 4088 1957 4131 motus
1959 4079 2080 4150 fuit
2091 4095 2110 4130 5
2129 4099 2318 4150 nempe
2333 4094 2500 4152 pater.
2519 4078 2596 4131 (21.
2614 4076 2793 4131 Schul-

1785 4162 1982 4229 tingr'us
2007 4177 2157 4226 vero,
2178 4171 2355 4213 mutus
2366 4160 2485 4230 fin',
2511 4159 2639 4211 nibil
2659 4176 2791 4229 que·
2836 4223 2847 4234 ι

1787 4250 1897 4292 stus
1923 4237 1990 4292 de
2012 4251 2193 4311 patre,
2218 4257 2316 4293 nec
2340 4239 2393 4292 in
2417 4240 2597 4293 furore
2613 4275 2629 4306 ‚
2655 4251 2785 4288 sum.
