3200 5117
788 542 915 619 420
1286 533 1381 598 M.
1429 530 1681 595 FABII
1725 529 2364 614 QUINTILIAN‘I

1479 725 2181 790 DECLAMATIO.

882 890 1095 981 Quod
1142 890 1450 989 primum
1505 888 1641 960 dici
1687 909 1954 987 oportet
2001 915 2125 987 pro
2169 914 2288 977 eo,
2333 887 2451 983 qui
2503 886 2876 985 praemium

784 1006 990 1104 petit,
1017 1003 1293 1076 Occidit
1318 1023 1735 1101 tyrannum:
1768 1028 1943 1074 num
1973 1001 2273 1076 dubitari
2303 999 2557 1100 potest?
2585 1027 2758 1071 num
2791 999 2879 1071 de

784 1121 917 1194 hoc
941 1119 1472 1194 controversiam
1499 1118 1731 1191 ullam
1758 1119 2001 1190 saltem
2027 1118 2455 1189 adversarius
2478 1115 2746 1188 movet?
2766 1116 2880 1185 Vi·

787 1235 1095 1309 derimus
1138 1262 1339 1334 ergo,
1381 1259 1535 1333 quae
1580 1234 1673 1305 sit
1718 1233 2141 1333 comparatio
2187 1234 2545 1329 utriusque
2588 1231 2875 1302 merito-

788 1378 944 1425 rum
971 1379 986 1424 :
1020 1352 1339 1443 interim,
1371 1351 1641 1424 etiamsi
1676 1350 1938 1452 majora
1971 1371 2134 1422 sunt
2165 1349 2426 1439 divitis,
2462 1347 2596 1420 alia
2623 1363 2867 1419 ·¹sunt:

785 1467 873 1541 sit
899 1468 1014 1542 ille
1047 1467 1350 1567 optimus
1379 1467 1580 1559 civiS,
1623 1465 1711 1540 sit
1744 1466 2014 1566 egregie
2050 1466 2137 1539 de
2167 1466 2518 1566 republica
2551 1464 2872 1553 merituS,

785 1582 902 1653 hic
931 1579 1371 1677 tyrannicida
1405 1601 1541 1653 est:
1574 1580 1783 1652 hodie
1816 1607 2022 1678 porro
2057 1581 2143 1652 de
2176 1607 2257 1653 eo
2286 1579 2568 1679 praemio
2598 1598 2874 1651 conten-

790 1696 1061 1784 dimuS,
1097 1694 1286 1793 quod
1327 1696 1437 1768 lex
1477 1694 1927 1794 tyrannicidae
1968 1695 2345 1767 constituit.
2390 1695 2509 1766 Isti
2557 1695 2866 1782 fortasse,

790 1808 979 1908 quod
1010 1808 1206 1901 fecit,
1239 1808 1684 1907 profuturum
1723 1809 1845 1900 sit,
1877 1827 2099 1907 quum
2141 1830 2324 1909 petet
2356 1809 2866 1907 magistratum:

790 1922 1068 1996 interim
1095 1949 1210 1995 vos
1239 1923 1328 1995 ad
1358 1923 1488 1996 hoc
1506 1923 1658 2024 jue,
1692 1923 1779 1994 ad
1808 1923 1989 1995 hanc
2015 1923 2239 2024 legem
2269 1922 2744 1994 consedistis²:
2777 1923 2874 1993 in-

786 2035 988 2108 terim
1026 2036 1530 2135 rempublicam
1569 2037 1685 2109 hic
1702 2035 1756 2127 3,
1798 2064 1923 2137 pro
1966 2065 2108 2138 quo
2146 2036 2427 2137 loquor,
2459 2037 2681 2109 verbis
2711 2037 2872 2135 legis

790 2151 1117 2250 appellat.
1153 2153 1241 2222 Et
1271 2150 1449 2224 mihi
1476 2151 1635 2224 satis
1660 2171 1805 2224 erat
1830 2152 1963 2225 hoc
1989 2151 2176 2252 apud
2203 2178 2322 2225 vos
2350 2152 2794 2251 approbasse,
2817 2151 2871 2223 si

789 2287 1064 2338 tantum
1114 2264 1197 2337 de
1234 2293 1315 2338 eo
1357 2287 1810 2365 quaereretur,
1846 2292 1937 2338 an
1976 2266 2285 2364 accipere
2327 2265 2518 2337 hunc
2551 2285 2871 2364 oporteat.

791 2379 927 2453 Sed
961 2400 1301 2479 quatenus
1343 2381 1418 2452 in
1454 2381 1636 2453 hanc
1672 2381 2184 2454 contentionem
2218 2379 2739 2470 descendimus,
2773 2378 2875 2450 vi-

793 2495 1115 2586 deamuS,
1142 2523 1281 2593 quo
1305 2496 1517 2569 modo
1540 2523 1610 2570 se
1638 2496 2150 2595 tyrannicidam
2182 2495 2434 2567 efficiat
2463 2495 2875 2567 adversarius

793 2632 1045 2685 noster.
1081 2613 1185 2683 De
1215 2611 1522 2684 libertate
1556 2612 1790 2710 patriae
1824 2610 2182 2709 cogitavit:
2221 2610 2530 2682 nondum
2555 2608 2877 2706 tyranni-

795 2726 1055 2799 cidium
1085 2746 1218 2798 est:
1245 2726 1549 2799 hortatus
1572 2747 1674 2798 est
1698 2726 2009 2823 aliquem
2028 2783 2047 2816 ,
2074 2726 2441 2825 pecuniam
2469 2720 2686 2811 dedit,
2717 2747 2869 2792 om·

873 2913 917 2949 1.
954 2894 1177 2949 Etiamsi
1208 2898 1407 2968 majora
1436 2906 1558 2948 sunt
1585 2896 1759 2949 divitis
1774 2932 1794 2961 ,
1878 2895 2000 2965 quia
2028 2891 2135 2945 hoc
2161 2912 2375 2965 quoque
2400 2893 2539 2945 venit
2568 2891 2622 2942 in
2652 2902 2879 2943 contro-

797 2974 908 3027 alia
936 2984 1072 3028 sunt.
1106 2973 1315 3041 Scribe,
1337 2973 1512 3026 aliena
1543 2986 1680 3028 sunt.
1712 2972 1797 3026 Ad
1874 2977 2129 3042 versiam,
2163 2976 2330 3047 ipsam
2365 2972 2744 3045 rempublicam
2779 2990 2882 3043 ap—

796 3052 935 3106 hauc
967 3052 1135 3124 legem
1168 3071 1276 3105 non
1308 3053 1588 3124 pertinent.
1627 3052 1794 3103 Gaou.

797 3134 897 3187 Sed
913 3153 1033 3187 mox
1048 3134 1201 3200 dicit,
1221 3156 1244 3180 κ
1260 3147 1479 3206 apparet
1495 3132 1640 3185 aliud
1656 3151 1796 3199 eene,

806 3236 827 3257 κ
850 3211 997 3285 quod
1032 3211 1199 3264 simile
1235 3224 1314 3265 est
1351 3211 1699 3283 tyrannicidio
1726 3233 1737 3262 ε
1769 3234 1791 3257 ¹·

800 3295 895 3344 etsi
918 3294 1147 3362 majora,
1172 3304 1272 3342 etc.
1299 3288 1479 3342 AErod.

871 3390 920 3422 α.
935 3371 1023 3422 Ad
1032 3371 1167 3423 hanc
1187 3369 1349 3444 legem
1363 3370 1667 3422 consedistis.
1685 3370 1798 3420 Hoc

801 3460 906 3515 eat,
930 3450 1052 3500 Non
1076 3447 1143 3500 de
1165 3450 1362 3500 meritis
1383 3446 1660 3500 adversarii
1678 3466 1801 3499 noa·

799 3526 893 3592 tri,
910 3524 996 3576 hic
1016 3524 1069 3576 in
1088 3526 1389 3577 universum
1407 3528 1654 3597 quaeritur
1668 3546 1683 3575 t
1703 3521 1797 3576 sed

800 3605 868 3658 de
890 3605 1105 3675 praemio
1120 3642 1138 3671 ‚
1163 3605 1309 3676 quod
1332 3606 1381 3657 ei
1404 3607 1496 3676 qui
1519 3618 1800 3676 tyrannum

800 3682 1051 3738 occiderit
1074 3720 1091 3747 ‚
1141 3682 1258 3753 lege
1304 3686 1648 3735 constitutum
1701 3696 1796 3735 est.

800 3766 981 3818 AEaon.
1029 3761 1114 3815 Sic
1158 3775 1211 3814 et
1255 3761 1322 3814 ad
1364 3761 1497 3837 leqes
1524 3764 1765 3835 judicare
1779 3801 1796 3828 ,

801 3845 947 3900 Decl.
972 3843 1244 3908 cccvln,
1266 3842 1360 3894 ubi
1381 3843 1517 3895 vide.

871 3928 923 3980 3.
941 3926 1155 3978 Interim
1174 3923 1548 3996 rempublicam
1563 3924 1663 3977 hic.
1681 3924 1803 3977 Sen-

800 4025 888 4064 sus
906 4018 987 4057 est
1006 4026 1019 4055 ε
1044 4007 1153 4057 Etsi
1175 4002 1521 4076 tyrannicidio
1540 4005 1658 4074 ipso
1678 4007 1803 4056 satis

805 4082 1231 4154 approbaverim,
1255 4100 1339 4133 me
1361 4080 1557 4152 decipi,
1584 4081 1804 4134 frauda-

805 4161 954 4228 rique
996 4161 1211 4230 praemio
1257 4177 1364 4210 non
1413 4172 1661 4229 oportere
1681 4196 1699 4224 ,
1745 4171 1802 4209 ut

808 4237 1027 4292 maxime
1059 4235 1125 4288 de
1158 4256 1222 4289 eo
1246 4251 1591 4309 quaereretur:
1629 4251 1802 4294 tamen

1876 3055 2018 3128 pello
2034 3094 2051 3122 ,
2075 3069 2132 3107 ut
2158 3058 2265 3108 suis
2295 3055 2424 3129 legis
2456 3073 2559 3106 sua·
2583 3053 2757 3106 verbis
2784 3051 2883 3105 do-

1876 3150 2021 3203 ceat,
2047 3151 2148 3189 etc.
2175 3137 2350 3188 Placet
2376 3154 2500 3189 vero
2523 3134 2609 3187 hic
2634 3134 2881 3186 audacior

1876 3235 2021 3282 ease,
2051 3230 2104 3269 et
2130 3214 2226 3287 (ut
2253 3216 2380 3268 mihi
2406 3216 2622 3290 quidem
2644 3214 2881 3283 videtur)

1877 3296 2141 3348 inversum
2167 3294 2405 3347 ordinem
2444 3314 2544 3347 auo
2571 3295 2694 3346 loco
2720 3312 2882 3365 repo-

1878 3393 2032 3439 nere,
2053 3373 2156 3426 boc
2176 3373 2336 3425 modo
2350 3412 2366 3439 ,
2389 3376 2597 3426 interim
2618 3392 2775 3443 remp.
2798 3372 2884 3424 liic

1874 3470 2133 3526 provoco,
2160 3465 2220 3506 ut
2255 3453 2411 3506 verbis
2447 3452 2573 3528 leqis
2603 3464 2881 3525 appareat,

1877 3551 1948 3584 an
1974 3532 2202 3602 decipere
2224 3532 2363 3586 hunc
2388 3545 2637 3603 oporteat.
2659 3534 2732 3584 Et
2751 3531 2883 3582 mihi

1876 3611 1996 3665 satis
2007 3621 2213 3663 eratme
2226 3629 2342 3663 eum
2358 3629 2476 3675 esse,
2494 3614 2590 3683 qui
2603 3622 2880 3681 tyrrannum

1878 3689 2145 3755 occiderit,
2180 3691 2327 3763 apud
2355 3709 2442 3743 vos
2473 3690 2804 3761 approbasse,
2840 3688 2884 3740 si

1879 3778 2052 3820 tamen
2086 3768 2150 3819 de
2181 3787 2241 3821 eo
2277 3780 2603 3840 quem-eretur.
2632 3768 2733 3821 Sed
2760 3787 2886 3839 qua·-

1880 3857 2056 3914 tenus,
2089 3860 2190 3898 etc.
2217 3847 2398 3899 AEnon.
2429 3847 2534 3915 Qui
2559 3845 2754 3912 edidit,
2786 3845 2879 3895 In-

1882 3927 2030 3977 terim
2056 3926 2430 3998 rempublicam
2457 3926 2542 3979 hic
2555 3945 2804 3999 provoco,
2825 3934 2884 3975 ut

1883 4005 2042 4055 verbis
2064 4002 2188 4076 legis
2209 4014 2458 4076 appareat
2482 4003 2628 4073 (licet
2649 4003 2781 4055 milne·
2803 4023 2884 4054 sa·

1883 4086 1947 4136 tis
1972 4095 2085 4137 erat
2104 4085 2248 4156 apud
2274 4105 2359 4139 vos
2375 4086 2706 4158 approbasse,
2737 4084 2779 4136 si
2806 4093 2885 4133 ta-

1880 4179 2000 4212 men
2027 4162 2091 4213 de
2108 4181 2168 4214 eo
2191 4162 2536 4235 quereretur),
2560 4184 2632 4216 an
2655 4164 2886 4234 decipere

1882 4240 2020 4296 hunc
2038 4254 2286 4315 oporteat.
