3200 5117
773 559 1610 629 DECLAMATIONES.
1659 561 2072 628 CCCXVII.
2345 565 2465 628 281

386 684 774 775 civitatem,
820 699 1315 783 summamque
1372 682 1772 783 reipublicae
1820 684 2071 756 vellet:
2125 684 2473 784 fingamus

386 801 575 874 enim
606 801 695 874 ab
723 799 956 899 aliquo
985 799 1231 872 ultimo
1256 799 1559 871 militum
1589 799 1941 898 provocari
1968 799 2259 872 ducem:
2283 800 2474 874 idem

385 914 799 1003 discrimen,
838 913 1027 986 idem
1070 912 1502 1013 periculum,
1542 940 1670 1013 par
1711 933 1993 985 eventus
2036 933 2171 986 est:
2217 915 2473 1016 adjice,

387 1032 579 1130 quod
625 1031 803 1103 inter
850 1031 1230 1131 praecipuas
1276 1031 1558 1103 virtutes
1611 1051 1745 1121 est,
1795 1029 2286 1128 imperatorem
2332 1060 2476 1106 non

386 1173 700 1247 pugnare
740 1146 1160 1246 aliquando:
1202 1147 1298 1219 sic
1338 1145 1717 1219 extrahitur
1753 1145 2005 1217 hostis:
2050 1146 2146 1217 sic
2177 1145 2479 1245 impetus

389 1264 652 1335 subitos
706 1262 915 1362 partis
970 1262 1268 1335 adversae
1326 1261 1587 1362 frangit
1630 1288 1829 1334 mora
1861 1288 1876 1331 :
1926 1262 2024 1333 sic
2075 1262 2481 1334 interclusos

392 1377 895 1450 commeatibus
928 1377 1002 1448 in
1033 1375 1459 1449 deditionem
1487 1375 1726 1448 venire
1758 1377 1950 1450 farne
1981 1376 2317 1476 cogimus,
2351 1378 2482 1450 Ita-

390 1518 527 1590 que
560 1491 840 1564 hercule
869 1489 1168 1569 militem
1197 1490 1498 1587 legimus
1528 1488 1893 1561 robustum
1911 1546 1930 1580 ,
1965 1488 2266 1589 legimus
2289 1489 2482 1591 juve-

389 1634 554 1680 nem
592 1635 609 1679 :
654 1607 1147 1706 imperatorem
1185 1604 1486 1677 facimus
1524 1630 1765 1676 senem
1799 1631 1814 1677 :
1865 1605 1938 1676 in
1979 1604 2114 1676 illis
2154 1606 2344 1679 enim
2380 1607 2484 1680 vis

391 1750 761 1823 corporum
808 1743 877 1795 et
920 1748 1172 1794 manus
1203 1722 1386 1793 sola¹
1426 1741 1794 1821 spectatur,
1840 1721 1912 1793 in
1956 1720 2067 1794 his
2104 1722 2480 1812 consilium

394 1859 461 1910 et
488 1836 656 1908 ratio
686 1864 700 1907 z
734 1863 885 1934 quae
912 1835 1101 1907 bona
1131 1835 1584 1936 praecedentis
1620 1836 1833 1909 aetatis
1862 1837 1937 1907 in
1964 1836 2203 1910 locum
2226 1838 2478 1913 virium

392 1951 719 2030 subeunt.
743 1953 982 2050 Ipsum
1006 1971 1332 2050 praeterea
1351 1978 1612 2024 nomen
1643 1952 2071 2051 imperatoris
2090 1952 2249 2025 satis
2272 1953 2485 2053 signi-

396 2066 573 2156 ficat,
599 2091 743 2138 non
765 2064 1059 2163 exigere²
1083 2091 1379 2137 manum
1409 2064 1663 2165 ipsius:
1691 2066 2035 2166 imperare
2065 2065 2254 2138 enim
2279 2067 2485 2140 debet

394 2200 459 2252 et
493 2179 902 2281 praecipere:
937 2178 1011 2251 in
1049 2206 1442 2270 summam,
1488 2181 1575 2252 ab
1620 2207 1738 2271 eo,
1787 2181 1909 2280 qui
1951 2203 2355 2281 provocatus
2392 2184 2479 2255 ab

390 2295 583 2368 hoste
617 2323 761 2367 non
796 2296 1245 2395 pugnaverit,
1279 2296 1704 2396 supplicium
1735 2297 1997 2397 optime
2026 2297 2233 2397 exigit
2264 2298 2480 2399 impe-

391 2433 598 2487 rator.
615 2415 799 2513 Ergo
828 2412 883 2484 si
911 2412 1042 2484 hoc
1071 2412 1302 2485 solum
1322 2413 1513 2513 apud
1532 2440 1651 2485 vos
1672 2412 1973 2486 dicerem
1987 2470 2006 2503 ,
2029 2415 2191 2484 Non
2213 2440 2483 2511 pugna-

387 2528 485 2599 vit
529 2527 708 2619 dux,
760 2554 906 2601 non
954 2529 1289 2628 pugnavit
1337 2554 1586 2620 senex,
1637 2554 1783 2600 non
1836 2527 2000 2600 fecit
2045 2554 2339 2600 summae
2385 2530 2481 2600 rei

389 2643 801 2733 discrimem
843 2644 1001 2716 satis
1041 2665 1275 2717 tamen
1321 2645 1451 2717 ista
1490 2644 1804 2717 defensio
1838 2643 2200 2718 videretur.
2232 2643 2484 2716 Adhuc

389 2777 621 2831 tamen
643 2758 966 2858 proprius
980 2759 1300 2832 accedere
1329 2760 1417 2832 ad
1443 2759 2081 2859 interpretationem
2102 2757 2273 2858 legis
2289 2759 2477 2849 volo;

376 2893 497 2961 .et,
534 2893 879 2970 quatenus
920 2900 1078 2973 pars
1117 2873 1380 2947 diversa
1414 2874 1664 2974 scripto
1701 2873 2050 2964 innititur,
2092 2873 2298 2945 etiam
2335 2873 2484 2972 ipsa

390 2989 600 3060 verba
641 2990 923 3063 scrutari
964 3017 979 3063 :
1027 2990 1199 3091 quid
1240 2991 1523 3064 tandem
1567 2990 1736 3063 dicit
1768 2990 1917 3063 lex?
1949 2991 2094 3080 QUI
2126 3009 2214 3060 ΑΒ
2249 3008 2481 3060 1108le

394 3121 866 3177 provocarus
898 3125 1052 3178 NON
1088 3126 1550 3178 PUGNAVERrr
1583 3133 1596 3176 ε
1638 3104 1728 3177 ab
1761 3104 1955 3177 hoste
1991 3104 2229 3201 igitur,
2263 3130 2482 3177 nona

389 3222 745 3320 transfuga
780 3249 795 3292 t
839 3249 968 3294 nec
996 3249 1317 3321 unquam
1357 3222 1730 3294 habuerim
1768 3220 1960 3292 hunc
1998 3246 2125 3318 ego
2161 3219 2481 3318 perditis-

389 3334 565 3408 simo
594 3337 947 3437 parricidae
980 3338 1359 3434 honorem,
1402 3357 1480 3410 ut
1519 3336 1727 3409 illum
1768 3335 1842 3406 in
1883 3360 2177 3406 numero
2218 3360 2478 3434 ponam

389 3478 638 3525 eorum
660 3453 1034 3527 hominum
1053 3513 1072 3544 ‚
1104 3454 1225 3554 qui
1249 3481 1373 3554 pro
1398 3451 1756 3553 republica
1779 3476 1938 3540 sua,
1964 3450 2086 3549 qui
2108 3478 2230 3550 pro
2257 3452 2480 3550 patria

387 3568 816 3666 pugnabant.
853 3570 940 3641 Et
976 3570 1031 3642 si
1052 3569 1259 3642 verba
1292 3570 1442 3669 ipsa
1475 3570 1856 3658 intuemur,
1896 3565 2027 3638 hoc
2057 3567 2219 3638 satis
2250 3584 2389 3637 est:
2425 3564 2480 3634 si

388 3705 549 3753 vero
578 3683 1022 3785 introspicere
1040 3685 1468 3759 voluntatem
1488 3684 1953 3771 voluerimus,
1985 3680 2236 3780 ecquid
2263 3678 2483 3751 mani·

395 3796 657 3872 festum
706 3822 845 3892 est,
897 3828 1042 3874 non
1085 3802 1219 3875 hoc
1267 3801 1551 3875 sensisse
1596 3798 2167 3899 legumlatorem,
2212 3814 2292 3865 ut
2333 3792 2480 3864 ulla

468 3983 512 4019 1.
542 3967 684 4021 Sola.
716 3970 856 4024 Soloe
884 3981 1196 4043 spectantur.
1229 3973 1394 4023 Fran·
1472 3972 1537 4022 In
1569 3987 1799 4033 stamma,
1824 3965 2012 4042 AErod2
2030 3964 2243 4017 -Non
2272 3979 2482 4034 paqua-

390 4047 520 4099 cius·
549 4075 622 4086 —
656 4048 942 4103 Consilium
980 4060 1033 4101 et
1068 4049 1217 4102 ratio.
1258 4051 1390 4103 Hinc
1480 4050 1568 4102 bit.
1592 4050 1719 4100 Non
1738 4048 1997 4119 pugnavit
2018 4045 2068 4097 d.
2095 4064 2146 4095 n.
2166 4043 2425 4114 puqucwit
2439 4062 2474 4092 s.

388 4123 628 4178 firmatur
649 4127 952 4180 emendatio
974 4126 1127 4179 Decl.
1149 4128 1264 4193 XV,
1292 4128 1369 4179 13.
1477 4128 1695 4180 Senum.
1716 4140 1769 4179 et
1786 4123 2045 4179 Obrecht.
2064 4121 2254 4194 quibus
2269 4123 2482 4174 assenti-

464 4221 514 4255 2.
553 4202 682 4257 Non
726 4206 929 4278 exiqere
966 4223 1200 4258 manum·
1225 4207 1392 4278 ipsius.
1477 4224 1614 4257 mus.
1637 4205 1730 4257 En.
1760 4204 1975 4256 ——Satis
2002 4215 2176 4256 tamen
2208 4200 2320 4254 ista.
2349 4200 2406 4254 S.
2440 4210 2476 4250 t.

391 4279 602 4349 Scribe,
614 4283 771 4358 exigi.
784 4284 1108 4338 Graux—122
1123 4304 1394 4338 summam.
1464 4286 1643 4356 justa,
1671 4281 1852 4336 AErod.
1878 4298 1930 4335 et
1953 4282 2067 4354 Bip.
2093 4281 2176 4336 ed.
2203 4280 2296 4333 En.
