3200 5117
743 521 867 586 282
1240 517 1335 582 Μ.
1381 515 1636 583 men
1677 515 2324 600 Qum‘rthm

740 642 1138 715 necessitate
1182 659 1411 741 posset
1459 639 1617 740 cogi
1670 659 1867 740 pater
1909 665 2074 713 cum
2121 639 2268 713 filio
2315 640 2687 718 dimicare?
2741 672 2832 719 an

736 785 897 831 vero
938 759 995 829 is
1030 757 1152 856 qui
1195 757 1505 857 scripsit,
1553 773 1851 830 HOSTEM
1874 770 1922 848 ¹,
1960 781 2106 828 non
2141 756 2411 830 videtur
2449 760 2831 862 scripsisse,

737 870 1109 947 ALIENUM?
1162 898 1444 944 summa
1488 870 1621 944 hac
1671 871 1977 944 nominis
2026 870 2264 969 utique
2309 871 2586 946 minora
2631 901 2834 948 com-

736 988 977 1088 plexus
998 1006 1135 1060 est:
1161 1012 1308 1058 non
1339 1011 1500 1084 ergo
1523 986 1674 1086 cogi
1699 1005 1924 1086 potest
1946 986 2322 1085 quisquam
2344 984 2495 1090 lege
2514 1045 2533 1079 ‚
2563 1007 2643 1060 ut
2665 1013 2833 1063 cum

738 1101 882 1175 filio
912 1128 1039 1174 suo
1068 1120 1358 1201 pugnet.
1394 1102 1533 1173 Hic
1566 1123 1803 1174 tamen
1836 1125 1982 1173 non
2016 1100 2412 1175 defenditur
2443 1103 2733 1177 affectus
2765 1124 2833 1180 et

734 1216 1006 1317 pietatis
1048 1216 1491 1289 simulatione
1529 1241 1544 1287 :
1598 1241 1727 1316 ego
1766 1241 1965 1308 vero,
2004 1215 2268 1314 inquit,
2316 1217 2661 1316 pugnavi3
2709 1220 2829 1293 sed

735 1361 876 1433 quo
919 1334 1134 1406 modo
1187 1359 1500 1432 pugnare
1552 1331 1918 1431 oportebat
1962 1351 2268 1404 vestrum
2314 1333 2825 1432 imperatorem.

733 1450 964 1522 Unius
1007 1449 1424 1547 sanguinem
1467 1448 1772 1545 exigitis?
1808 1447 2187 1520 exercitum
2224 1446 2479 1521 cecidi:
2517 1476 2644 1550 par
2675 1451 2828 1550 gla-

736 1564 1092 1637 dia'torum
1120 1563 1346 1636 simile
1372 1561 1774 1663 postulatis?
1799 1562 2012 1635 totius
2041 1561 2323 1634 civitatis
2344 1563 2695 1637 victoriam
2723 1592 2828 1639 re-

736 1681 865 1753 tuli
894 1707 909 1751 :
944 1700 1307 1751 numerate
1330 1679 1662 1779 captivos,
1697 1698 2060 1750 numerate
2088 1677 2347 1778 spolia:
2377 1699 2444 1751 et
2466 1679 2823 1773 aestimate,

735 1821 826 1867 an
868 1794 1188 1866 damnari
1225 1793 1589 1866 debuerim
1609 1807 1667 1884 ²,
1711 1794 1879 1893 quia
1923 1794 2082 1893 plus
2120 1793 2402 1893 praestiti
2434 1819 2451 1865 ε
2483 1821 2640 1894 quae
2669 1818 2830 1869 sunt

735 1909 965 1999 enim,
1001 1936 1158 2008 quae
1190 1908 1298 1980 lex
1324 1907 1670 2008 postulet?
1707 1908 1828 1980 illa
1862 1907 2155 2005 quidem
2183 1931 2498 2007 pugnam
2531 1929 2828 1982 tantum-

737 2025 949 2096 modo
993 2050 1224 2096 meam
1264 2051 1280 2096 :
1322 2043 1802 2098 verumtamen
1845 2024 2119 2097 videtur
2156 2024 2443 2097 tacitum
2488 2025 2623 2097 hoc
2668 2026 2831 2098 scri-

733 2139 962 2211 bentis
991 2140 1202 2213 fuisse
1222 2160 1461 2213 votum
1482 2196 1502 2230 ,
1532 2161 1611 2211 ut
1634 2160 1700 2213 et
1723 2139 1934 2212 hostis
1963 2138 2426 2212 occideretur:
2450 2161 2827 2240 utrumque

734 2253 1057 2352 praestiti:
1099 2271 1167 2326 et
1208 2280 1336 2354 ego
1379 2254 1725 2354 pugnavi,
1769 2274 1835 2326 et
1876 2252 1992 2327 ille
2035 2253 2293 2326 occisus
2335 2275 2458 2326 est.
2507 2254 2644 2327 Sed
2682 2281 2828 2329 non

737 2368 1096 2469 continget
1123 2395 1205 2443 ea
1229 2370 1693 2471 perditissimo
1711 2369 1956 2471 juveni
1982 2426 2002 2460 ,
2045 2393 2260 2468 quam
2297 2369 2677 2468 quaerebat,
2717 2371 2833 2442 in-

734 2482 956 2575 vidia,
992 2505 1075 2557 ut
1102 2484 1456 2559 videretur
1486 2485 1737 2558 scelere
1766 2485 2070 2578 occisus,
2104 2503 2183 2556 ut
2209 2483 2516 2556 nobilem
2537 2484 2826 2555 facinori

735 2623 861 2670 suo
900 2599 1163 2671 exitum
1208 2585 1399 2672 daret
1430 2628 1445 2673 ε
1481 2600 1714 2701 jaceat
1742 2601 1818 2672 in
1854 2600 2076 2673 turba.
2101 2603 2247 2672 Vos
2290 2623 2434 2687 oro,
2482 2597 2605 2697 qui
2645 2597 2823 2671 illud

734 2739 991 2812 pugnae
1020 2726 1239 2813 genus
1267 2716 1670 2814 exigebatis,
1699 2737 1942 2788 utrum
1962 2712 2278 2787 tamdem
2306 2732 2624 2786 eventum
2653 2737 2825 2784 con-

733 2827 1007 2926 cepistis
1037 2828 1317 2900 animo?
1347 2829 1614 2902 vicisset
1635 2829 1918 2933 juvenis
1946 2853 2187 2902 senem
2210 2887 2231 2920 ,
2260 2827 2525 2899 vicisset
2546 2824 2825 2897 scelera·

734 2960 844 3012 tus
877 2941 1074 3041 pium
1094 2940 1159 3013 3:
1197 2963 1546 3042 quantum
1582 2942 1974 3044 respublica
2002 2942 2442 3034 detrimenti,
2482 2961 2826 3040 quantum

735 3054 1241 3154 lacrymarum,
1274 3079 1627 3158 quantum
1656 3059 1886 3133 luctus
1917 3056 2172 3129 amisso
2203 3057 2375 3130 duee
2402 3056 2722 3146 haberet,
2761 3074 2827 3126 et

733 3168 963 3243 fractis
1010 3170 1320 3245 militum
1366 3173 1624 3246 animis
1666 3194 1731 3245 et
1776 3172 2114 3246 inclinata
2153 3171 2229 3243 in
2270 3190 2629 3270 posterum
2667 3165 2827 3270 spe?

811 3380 854 3416 ι.
881 3365 1109 3430 Hostem?
1136 3368 1296 3422 Hoste
1317 3389 1372 3422 n.
1397 3391 1445 3423 υ.
1474 3391 1513 3425 s.
1543 3371 1736 3423 alieno.
1817 3369 2048 3422 Martial.
2072 3370 2147 3433 11,
2168 3366 2267 3421 35:
2299 3391 2322 3416 «ι
2341 3368 2521 3435 Quum
2546 3368 2651 3418 sint
2672 3383 2826 3417 crura

735 3442 791 3495 in
814 3463 1043 3509 summa,
1070 3445 1248 3499 AErod.
1265 3478 1335 3488 —
1356 3447 1548 3522 Utiqne
1568 3450 1741 3501 mt'no-
1824 3470 1848 3494 «
1871 3447 1997 3516 tibi,
2012 3446 2260 3500 simulent
2273 3451 2386 3518 q'uae
2400 3463 2606 3497 cornua
2623 3439 2775 3496 luna.
2795 3466 2819 3490 ιι

733 3541 808 3577 ra.
833 3528 917 3578 An
944 3527 1182 3579 mitiora?
1203 3528 1426 3583 Senum.
1452 3561 1522 3571 —-
1541 3531 1617 3583 Et
1632 3531 1742 3603 pie-
1816 3530 2038 3583 Senum.
2060 3530 2171 3581 Par
2188 3525 2361 3581 simile
2382 3540 2464 3581 est
2484 3524 2687 3599 aequale
2709 3526 2824 3577 viri-

734 3604 869 3658 ταῖς.
883 3604 969 3657 Ex
976 3604 1187 3678 pietatis
1197 3626 1235 3659 s.
1253 3605 1507 3660 latinius.
1522 3637 1596 3647 —
1613 3606 1740 3659 Gla·
1818 3606 1950 3674 bus,
1975 3619 2035 3658 ut
2058 3605 2304 3658 solebant
2326 3605 2582 3675 componi
2602 3605 2766 3676 paria.

729 3686 995 3739 diacorum
1040 3685 1227 3740 simile.
1272 3690 1451 3741 Potest
1503 3690 1698 3760 exponi
1720 3725 1739 3755 ,
1890 3702 1940 3738 a.
1964 3685 2053 3737 An
2079 3685 2326 3737 damnari
2347 3683 2627 3734 debuerint.
2654 3682 2825 3752 Lege,

732 3761 1013 3837 postulatis
1049 3765 1217 3834 duos,
1253 3770 1347 3838 qui
1386 3766 1742 3840 gladiatorum
1816 3763 2236 3818 debeamflnon.
2263 3791 2335 3802 ——
2368 3763 2472 3814 Sed
2492 3777 2600 3814 non
2623 3762 2826 3813 contin-

729 3844 924 3898 similes
963 3846 1097 3910 sint,
1136 3858 1189 3897 et
1225 3860 1499 3918 pugnent:
1540 3846 1635 3900 sed
1671 3865 1741 3898 an
1814 3854 1919 3918 yet.
1942 3842 2047 3896 Sed
2067 3860 2175 3896 non
2199 3840 2446 3912 contigit,
2473 3837 2650 3891 AErod.

730 3941 874 3987 non,
906 3942 1013 3995 par
1044 3923 1399 3997 qladt’atorum
1437 3926 1742 3979 simulemus
1891 3921 1944 3978 3.
1960 3920 2249 3977 Scelemms
2261 3919 2428 3991 pimn.
2446 3916 2603 3971 Ovid.
2619 3915 2830 3988 Epw,

727 4001 1036 4072 postulatis,
1066 4003 1121 4056 id
1152 4017 1264 4072 est,
1295 4007 1587 4059 referamus
1603 4044 1620 4073 ,
1649 4024 1743 4058 ex·
1828 4003 1957 4072 ¹37:
1992 4023 2016 4048 a·
2033 3999 2179 4069 Quid
2201 3999 2392 4066 refert,
2416 3997 2669 4051 scelerata
2689 3996 2832 4067 piam

734 4077 1049 4148 primamne,
1067 4097 1527 4154 repraesentemu83
1548 4098 1611 4137 ut
1621 4083 1746 4137 Ovi-
1829 4103 1852 4128 «
1871 4084 1916 4133 si
1960 4080 2125 4132 vincit
2143 4081 2169 4130 ἰ’
2190 4102 2213 4128 ι»
2257 4106 2332 4118 --
2371 4076 2452 4130 Ab
2499 4074 2599 4129 hoc
2641 4073 2825 4129 omine.

734 4157 855 4212 dius
885 4163 1013 4212 Met.
1048 4163 1286 4256 111R158
1314 4187 1327 4216 :
1369 4165 1745 4219 «simulaverat
1823 4163 2075 4215 Francius
2117 4159 2365 4232 legebat,
2405 4177 2476 4211 an
2522 4158 2617 4211 hoc
2659 4154 2836 4208 minc

743 4262 768 4287 ιι
791 4252 955 4292 artem
991 4241 1209 4313 Ingenio
1246 4257 1440 4297 natura
1479 4241 1594 4297 suo.
1617 4269 1641 4293 κ
1681 4245 1747 4296 Et
1826 4240 2188 4295 commisissem
2212 4239 2413 4290 aciem?
