3200 5117
659 554 1496 623 DECLAMATIONES.
1544 554 2077 619 CCCXXVIII.
2132 561 2141 578 ³
2307 556 2432 622 333

336 685 515 751 Sunt
547 681 671 747 ista
705 683 772 746 in
809 680 950 746 aliis
992 679 1200 745 causis
1242 680 1650 767 potentiora:
1688 678 1798 745 hie
1840 696 2057 768 pater,
2096 678 2220 745 nisi
2257 679 2439 767 prior

344 812 627 855 securus
653 805 752 854 est
779 789 844 852 in
868 785 998 853 hoc
1015 784 1305 877 judicio:
1332 787 1650 853 mentitur
1674 808 1797 875 pro
1826 786 1995 851 filio:
2027 809 2163 852 non
2187 803 2316 852 tam
2343 787 2440 851 illi

339 919 518 986 opus
551 912 649 961 est
672 918 872 984 opera
892 892 1219 973 advocati,
1244 916 1445 983 quam
1466 891 1602 958 fide
1625 892 1831 958 testis.

1092 1325 1687 1404 CCCXXIX.

764 1557 1129 1657 Sepultura
1160 1559 1474 1651 tyranni,
1509 1559 1633 1656 qui
1663 1580 1731 1626 se
1757 1554 2025 1628 occidit.

347 1765 483 1840 Qm
520 1779 858 1821 munuum
897 1780 1245 1835 occmnnrw,
1280 1781 1349 1821 m
1383 1782 1538 1822 rouo
1577 1781 1963 1824 strenuum.
1999 1764 2072 1823 In
2102 1763 2447 1845 pestilentia

436 1877 801 1938 responsum
826 1869 914 1917 est
934 1872 1274 1938 tyrannum
1305 1857 1730 1920 occidendum.
1754 1861 1889 1943 lpse
1916 1881 2041 1922 sese
2063 1860 2319 1922 occidit:
2348 1883 2450 1945 pe—

437 1966 580 2015 tunt
600 1955 971 2037 propinqui,
997 1968 1068 2015 ut
1092 1956 1156 2015 in
1181 1954 1323 2016 foro
1347 1954 1700 2039 sepeliatur.

1049 2151 1754 2218 DECLAMATIO.

458 2287 715 2387 Ingens
757 2288 1153 2360 calumnia!
1205 2290 1421 2388 pudet
1461 2288 1858 2362 mehercule
1909 2315 2024 2361 me
2074 2301 2093 2333 ¹
2121 2287 2447 2359 actioni-s:

357 2429 557 2475 nunc
587 2429 714 2499 ego
745 2403 1035 2500 negabo.
1067 2404 1293 2494 Quid,
1327 2404 1382 2476 si
1412 2404 1776 2476 ostendero
1806 2430 2007 2493 eum,
2038 2401 2158 2501 qui
2196 2401 2452 2474 civitati

358 2516 750 2589 libertatem
789 2516 1191 2607 abstulerit,
1233 2518 1352 2615 qui
1395 2517 1576 2617 leges
1618 2517 2006 2608 sustulerit,
2042 2517 2163 2616 qui
2195 2516 2457 2615 templa

355 2632 752 2724 violaverit,
788 2634 909 2733 qui
951 2634 1220 2736 injuriis
1264 2636 1512 2709 nostris
1552 2636 1725 2708 iram
1767 2635 2058 2708 deorum
2096 2634 2459 2706 immorta-

361 2746 544 2819 lium
587 2749 1073 2838 commoverit‚
1117 2750 1622 2848 tyrannicidam
1667 2778 1811 2823 non
1852 2748 2107 2822 fuisse?
2145 2748 2457 2820 Multum

361 2861 626 2961 alioqui
670 2864 970 2937 effecisse
1019 2867 1322 2938 oratione
1367 2893 1527 2938 mea
1573 2866 1897 2939 videbor:
1950 2864 2461 2964 interpretanda

366 2975 569 3049 nobis
598 2978 765 3077 legis
787 2980 1003 3080 ipsius
1023 2979 1343 3054 voluntas
1368 3004 1504 3054 est:
1542 2982 1711 3081 quid
1740 2981 2138 3080 spectaverit
2162 2979 2308 3068 ille,
2336 2978 2460 3078 qui

366 3092 860 3185 constituebat,
887 3095 1279 3194 diligenter,
1306 3118 1386 3168 ut
1410 3123 1511 3168 res
1536 3117 1664 3184 est,
1695 3116 1763 3168 et
1788 3096 1921 3168 alte
1948 3092 2459 3192 exquirendum

366 3225 575 3305 atque
618 3209 1074 3281 eruendum2.
1120 3212 1267 3309 Ego
1312 3211 1486 3281 mihi
1529 3210 1852 3298 arbitror,
1885 3209 2198 3310 judiceS,
2242 3234 2461 3306 pauca

367 3348 495 3422 pro
529 3322 980 3422 legumlatore
1019 3352 1158 3397 esse
1194 3325 1487 3397 dicenda
1510 3382 1530 3413 ,
1563 3352 1654 3396 ne
1688 3346 1834 3396 tam
1864 3325 2153 3395 obscure
2186 3321 2316 3395 hoc
2348 3349 2461 3395 oc-

367 3436 691 3535 culteque
718 3439 1058 3536 scripsisse
1089 3439 1420 3510 videatur.
1457 3442 1569 3510 An
1599 3464 1741 3510 non
1781 3458 1880 3509 est
1920 3438 2049 3508 hoc
2084 3437 2414 3508 omnibus
2438 3494 2459 3529 ‚

370 3551 494 3649 qui
534 3552 745 3623 modo
781 3550 871 3624 ad
909 3550 1706 3624 intellectum.sermonis
1742 3550 2094 3649 pervenire
2131 3569 2458 3650 possunt,

289 3717 296 3722 -
370 3665 687 3741 lucidum
717 3689 923 3769 atque
955 3670 1442 3756 manifestum,
1477 3693 1680 3757 eum,
1712 3666 1833 3765 qui
1870 3665 2095 3764 legem
2140 3666 2233 3736 ita
2265 3689 2463 3733 com-

372 3786 716 3883 posuerit,
749 3806 826 3856 ut
850 3786 907 3858 si
937 3786 1058 3885 qui
1097 3807 1473 3883 tyrannum
1497 3781 1892 3871 occidisset,
1930 3782 2003 3852 in
2033 3782 2184 3852 foro
2218 3774 2461 3876 sepeli·

453 3966 496 4000 ι.
525 3949 620 4001 Me
645 3950 878 4004 actionis.
910 3951 1001 4000 Me
1023 3949 1229 4001 hercule
1250 3966 1377 4001 meoe
1457 3949 1500 4001 si
1530 3944 1829 4016 ostendero)
1855 3963 1972 3996 eum
1992 3980 2008 4007 ,
2038 3941 2132 4015 qui
2148 3978 2164 4004 ‚
2194 3953 2294 3992 etc.
2329 3936 2458 3992 Obr.

373 4030 622 4083 actionis.-
653 4049 780 4082 num
812 4049 905 4104 eqo
939 4027 1375 4103 neanwPAEi-od.
1532 4047 1579 4080 2.
1628 4029 1698 4079 Et
1742 4026 1848 4078 alte
1888 4023 2259 4097 exquirendum
2306 4031 2463 4093 atque

372 4136 446 4150 —-
465 4108 631 4162 Novoe
665 4111 909 4177 aetionis,
934 4128 1096 4180 marg.
1126 4137 1195 4146 —
1218 4108 1379 4160 Nunc
1457 4106 1756 4159 eruendum.
1776 4108 1893 4156 Vet.
1924 4100 2055 4156 Cod.
2084 4099 2421 4151 erudiendum
2439 4137 2458 4165 ‚

374 4206 469 4261 eqo
500 4190 713 4263 negabo.
759 4189 898 4260 Quid
924 4207 1063 4240 nunc
1096 4207 1190 4260 eqo
1221 4206 1381 4260 nequ·
1459 4199 1512 4238 et
1536 4184 1715 4256 paullo
1739 4197 1888 4255 post,
1911 4181 1957 4236 si
1977 4180 2047 4233 ad
2068 4181 2184 4234 deos
2205 4177 2460 4232 existime-

377 4267 472 4319 b0?
487 4271 705 4325 smum
725 4271 886 4326 Nunc
901 4287 995 4344 eqo
1014 4269 1209 4344 neqabo
1226 4266 1384 4341 (quid
1458 4282 1573 4317 mus
1588 4264 1845 4335 pertinere
1858 4261 2091 4335 proemia.
2113 4262 2258 4314 Pm.
