3200 5117
683 569 1522 637 DECLAMATIONES.
1572 539 2091 634 cccxx'mx.
2311 572 2436 659 393

349 695 517 785 hoc,
545 716 625 765 ut
646 693 815 765 mali
840 692 1068 792 etjam
1089 711 1322 791 turpes
1341 691 1522 764 cives
1547 691 1788 790 utique
1814 691 2116 764 consiliis
2139 692 2441 792 publicis

350 808 703 899 intersint,
728 806 962 879 videor
993 808 1269 878 fortasse
1305 806 1488 879 hanc
1523 807 1951 905 rogationem
1992 827 2224 879 contra
2260 808 2443 907 leges

352 921 724 1021 scripsisse.
768 921 840 992 Si
878 947 1038 992 vero
1077 920 1257 992 nihil
1295 943 1428 1011 est,
1470 920 1661 1019 quod
1703 948 1782 993 ex
1829 921 2167 993 contrario
2210 944 2443 1021 cogat,

351 1065 497 1111 non
533 1058 754 1137 potest
777 1037 992 1111 videri
1026 1036 1157 1109 hoc
1193 1037 1518 1110 adversus
1556 1037 1627 1107 id
1665 1036 1997 1133 scriptum
2042 1063 2181 1107 esse
2206 1094 2224 1126 ,
2255 1038 2443 1136 quod

355 1182 497 1228 non
533 1155 776 1227 obstat.
812 1154 998 1227 Illud
1029 1181 1188 1226 vero
1214 1153 1572 1252 aliquanto
1604 1153 1836 1224 minus
1871 1152 2255 1224 existimare
2289 1179 2449 1251 pos-

351 1298 552 1360 sum,
595 1270 915 1342 adversus
952 1270 1261 1367 singulos
1304 1269 1646 1365 scripsisse
1691 1267 1955 1365 legem,
2004 1294 2227 1366 quum
2274 1290 2463 1339 certe,

353 1387 548 1459 mille
597 1388 738 1460 sint
765 1445 783 1478 ,
833 1387 919 1459 de
976 1377 1229 1484 quibus
1292 1385 1534 1483 agitur.
1594 1384 2053 1481 Quamquam
2110 1382 2447 1454 rationem

357 1505 566 1576 etiam
587 1561 606 1594 ,
637 1523 915 1602 propter
942 1502 1132 1599 quod
1159 1528 1303 1574 non
1332 1501 1535 1572 liceat
1563 1499 2000 1597 rogationem
2033 1519 2273 1571 contra
2301 1499 2448 1570 sin-

358 1619 554 1716 gulos
586 1620 763 1690 ferre
783 1675 801 1707 ,
834 1617 1025 1688 illam
1059 1615 1262 1688 video
1282 1675 1301 1708 ,
1333 1616 1522 1714 quod
1561 1636 1839 1714 peccata
1876 1615 2312 1713 singulorum
2348 1615 2453 1686 vi-

358 1733 652 1804 deantur
690 1731 946 1804 habere
987 1731 1170 1830 leges
1213 1758 1392 1804 suas.
1436 1731 1920 1803 Homicidium
1959 1730 2120 1802 fecit
2160 1731 2447 1829 aliquis,

359 1846 792 1944 sacrilegium
813 1903 832 1936 ,
862 1847 1228 1947 injuriam,
1265 1869 1642 1947 caeteraque
1674 1846 1778 1919 his
1811 1846 2107 1917 similia:
2141 1873 2265 1918 suo
2292 1846 2449 1946 jure

360 1961 670 2059 punitur.
707 1963 955 2051 Quum
984 1988 1143 2032 vero
1182 1961 1374 2032 mille
1408 1961 1621 2033 semel
1657 1961 2026 2060 capiendos
2063 1988 2132 2033 se
2166 1962 2452 2060 alligan—

362 2075 622 2174 dosque
647 2075 820 2147 hosti
847 2075 1305 2174 praebuerint,
1332 2075 1509 2166 haec,
1536 2097 1615 2147 ut
1638 2075 1916 2176 opinor,
1945 2097 2347 2174 supersunt,
2377 2097 2454 2149 ut

361 2212 479 2262 aut
508 2191 704 2262 nulla
735 2190 1175 2288 castigatione
1210 2189 1494 2289 dignam
1529 2217 1716 2282 rem,
1755 2191 1876 2288 qui
1908 2212 2143 2263 contra
2177 2191 2451 2284 dicunt,

362 2326 642 2403 putent:
675 2327 796 2377 aut
822 2305 875 2378 si
907 2305 1302 2404 castiganda
1325 2305 1443 2396 sit,
1474 2306 1838 2379 ostendant
1868 2308 2126 2405 legem,
2153 2333 2291 2405 qua
2314 2334 2455 2380 cas-

362 2419 557 2519 tigari
597 2420 848 2518 possit:
894 2441 1013 2491 aut
1048 2419 1104 2491 si
1152 2447 1292 2492 non
1335 2421 1733 2512 ostendant,
1777 2420 1957 2493 nihil
1998 2420 2192 2493 aliud
2238 2450 2450 2519 quam

363 2535 789 2633 rogationem
842 2561 1228 2634 superesse,
1276 2536 1646 2608 fateantur.
1693 2535 2012 2607 Primum
2070 2536 2275 2634 igitur
2324 2536 2454 2608 hoc

360 2649 550 2748 apud
577 2675 727 2739 vos,
751 2649 1229 2740 Athenienses,
1261 2650 1506 2723 dixisse
1533 2672 1898 2723 contentus
1925 2678 2084 2723 sum
2105 2707 2124 2740 ,
2156 2651 2454 2750 aequissi-

361 2793 565 2839 mum
617 2766 905 2866 quidem
953 2794 1033 2840 ac
1068 2767 1530 2867 justissimum
1586 2796 1774 2858 esse,
1822 2790 1899 2840 ut
1943 2768 2204 2869 populo
2251 2766 2454 2839 detur

363 2906 643 2952 summa
686 2907 917 2953 rerum
963 2902 1297 2980 potestas:
1336 2883 1712 2956 consilium
1749 2905 1982 2956 tamen
2024 2909 2164 2954 non
2214 2881 2451 2981 utique

364 2993 606 3085 turba,
654 3022 880 3094 neque
931 2997 1284 3088 tumultu,
1335 3025 1563 3098 neque
1612 2998 1947 3096 angustiis
1998 3023 2283 3087 eorum,
2331 2998 2452 3094 qui

366 3109 840 3201 consulantur,
876 3135 1208 3185 constare.
1233 3114 1524 3186 Utinam
1567 3114 1854 3213 quidem
1896 3114 2042 3185 fieri
2083 3133 2345 3212 posset,
2381 3133 2457 3185 ut

366 3254 442 3299 ex
473 3227 789 3300 universo
819 3230 1081 3327 populo
1109 3230 1386 3331 rejicere
1405 3287 1424 3320 ,
1454 3257 1534 3302 ac
1570 3230 1857 3330 seligere
1884 3230 2120 3302 liceret
2147 3257 2296 3321 eos,
2332 3230 2451 3329 qui

367 3371 610 3443 parum
649 3344 1021 3442 prudentes
1043 3403 1062 3434 ‚
1095 3371 1343 3444 parum
1373 3344 1571 3443 digni
1604 3344 1912 3417 consiliis
1941 3342 2236 3445 publicis
2261 3343 2454 3417 vide-

365 3478 619 3529 rentur.
652 3456 785 3530 Sed
811 3458 1146 3557 quoniam
1172 3459 1354 3531 istud
1371 3458 1840 3558 deprehendi,
1868 3459 2003 3530 nisi
2029 3458 2455 3557 experimen-

365 3572 491 3658 tis,
539 3599 681 3643 non
720 3593 978 3671 potest,
1029 3573 1114 3645 de
1154 3573 1260 3644 his
1294 3573 1583 3645 demum
1633 3572 2057 3671 rogationem
2102 3574 2286 3660 fero,
2331 3572 2451 3668 qui
2548 3627 2557 3633 .

365 3685 621 3781 experti
647 3706 812 3756 sunt
834 3699 878 3756 ¹.
908 3685 1117 3784 Atqui
1149 3686 1205 3756 si
1234 3685 1365 3757 hoc
1396 3685 1583 3784 apud
1607 3712 1723 3758 vos
1754 3711 1895 3756 non
1936 3699 1961 3729 ²
1984 3685 2166 3757 male
2204 3682 2458 3756 consti-

366 3816 594 3868 tutum
631 3818 768 3888 est,
803 3824 944 3871 esse
978 3798 1282 3897 aliquOS,
1323 3799 1442 3897 qui
1479 3799 1786 3871 consiliis
1811 3798 2105 3898 publicis
2132 3798 2455 3869 interesse

366 3937 509 3981 non
562 3911 901 4002 debeant3
935 3912 1088 4014 jam
1136 3912 1360 3983 multo
1402 3913 1671 3985 facilius
1713 3941 1792 3985 ac
1834 3914 2120 4012 pronius
2168 3911 2333 4001 erit,
2381 3931 2458 3982 ut

366 4027 696 4120 doceam,
749 4028 875 4100 hos
918 4056 1103 4119 esse,
1158 4029 1275 4128 qui
1324 4028 1595 4101 etiamsi
1649 4030 1844 4102 utiles
1892 4028 2193 4102 consiliis
2238 4028 2454 4099 futuri

440 4215 482 4249 1.
513 4199 620 4269 Qui
638 4199 838 4271 experti
857 4208 996 4252 sunt.-
1023 4199 1157 4269 Quos
1178 4201 1373 4272 experti
1529 4217 1574 4251 2.
1595 4199 1718 4252 Non
1744 4198 1867 4253 tale.
1892 4200 2015 4253 Noa
2038 4196 2204 4264 male,
2224 4195 2456 4252 Obrech-

364 4295 550 4332 sumus.
573 4280 794 4332 Senum.
1452 4292 1559 4332 tus:
1588 4292 1745 4332 recte.
