3200 5117
800 573 886 657 46
1300 571 1393 634 M.
1443 569 1692 633 man
1737 567 2369 650 QantLtAm

799 696 1156 800 privatimt
1208 693 1499 792 litigavit
1539 693 1874 766 innocens
1913 720 2108 786 reus,
2152 695 2521 766 damnatus
2559 715 2707 767 est:
2764 697 2883 767 de-

798 814 957 887 tulit
1008 812 1337 885 affectatae
1385 809 1774 907 tyrannidis
1815 836 2051 900 reum,
2087 830 2162 883 ut
2204 835 2359 908 pars
2393 809 2721 909 judicum
2754 839 2879 911 pu·

795 951 934 1019 tat,
982 927 1477 1001 manifestum:
1530 924 2034 1024 impedimento
2088 926 2381 1026 publicae
2427 927 2878 1000 humanitatis

794 1049 1013 1120 victus
1056 1066 1175 1119 est.
1219 1043 1450 1115 Hodie
1497 1062 1738 1115 contra
1785 1043 2252 1142 rogationem,
2304 1063 2543 1116 contra
2576 1043 2693 1143 jus
2732 1070 2881 1116 ves-

792 1186 1016 1251 trum,
1060 1183 1297 1233 contra
1330 1173 1736 1258 potestatem
1769 1158 2012 1258 populi
2055 1157 2441 1257 pugnabit?
2469 1157 2597 1230 Ille
2635 1179 2875 1230 tamen

792 1281 971 1354 mihi
1018 1269 1180 1351 alias
1223 1297 1324 1364 et,
1373 1295 1451 1346 ut
1490 1274 1665 1364 dixi,
1709 1275 2046 1373 graviores
2095 1276 2169 1346 in
2219 1275 2536 1347 exsilium
2569 1274 2874 1346 abeundi

792 1397 1026 1469 c'ausas
1050 1392 1324 1464 videtur
1347 1388 1696 1462 habuisse:
1719 1391 2071 1464 absolutus
2094 1411 2196 1462 cst
2219 1390 2507 1488 quidem
2533 1418 2685 1463 reus
2709 1419 2724 1463 :
2755 1389 2876 1462 sed

792 1512 1239 1583 innocentem
1271 1532 1343 1577 se
1372 1530 1514 1576 esse
1547 1506 1918 1576 accusatori
1959 1505 2278 1578 nondum
2323 1505 2682 1604 persuasit.
2725 1507 2874 1603 Ego

789 1652 949 1697 vero
1002 1649 1148 1695 non
1207 1619 1457 1705 miror,
1513 1620 1703 1715 quod
1756 1617 1867 1689 hic
1917 1618 2115 1689 timet
2161 1619 2392 1690 adhuc
2451 1620 2792 1692 civitatem
2823 1633 2870 1709 ¹,

792 1738 983 1838 quod
1038 1736 1185 1808 vult
1250 1731 1776 1831 impendentem
1838 1734 2218 1830 quamdam
2280 1733 2610 1806 omnibus
2670 1734 2872 1807 nobis

791 1855 1066 1926 ruinam
1118 1849 1497 1947 suffugere3
1551 1867 1619 1919 et
1672 1848 1919 1919 evitare
1945 1905 1964 1937 ‚
2017 1849 2207 1945 quod
2255 1848 2557 1948 praevidit
2609 1850 2874 1949 pericu·

788 1969 979 2057 lum,
1016 1961 1249 2063 cupit:
1294 1961 1414 2036 sed
1448 1983 1636 2034 tauto
1676 1962 1896 2061 magis
1938 1963 2343 2035 retinendus
2375 1985 2492 2036 est.
2536 1967 2870 2037 Putemus

788 2083 1050 2180 alioqui
1080 2080 1245 2151 citra
1268 2078 1735 2177 rogationem,
1765 2077 1973 2150 talem
2007 2079 2390 2151 institutam
2426 2106 2570 2151 esse
2601 2079 2866 2178 legem,

790 2195 1013 2297 qualis
1038 2212 1211 2266 esset
1230 2249 1251 2282 ‚
1288 2192 1344 2264 si
1366 2192 1483 2264 hic
1511 2190 1585 2262 in
1611 2190 1875 2264 civitate
1910 2218 2261 2264 remanere
2284 2192 2510 2265 vellet.
2534 2197 2674 2265 Lex
2698 2195 2873 2293 quid

789 2313 999 2385 dicit?
1045 2312 1187 2405 Qui
1212 2323 1535 2381 secretum
1561 2310 1657 2378 ad
1683 2306 2169 2407 rempublicam
2197 2315 2540 2410 pertinens
2569 2309 2870 2382 indicare

784 2427 1103 2513 voluerit,
1130 2422 1376 2497 habeat
1389 2423 1784 2495 remanendi
1801 2439 2215 2521 potestatem.
2241 2424 2869 2497 Nemo²dubitabit

785 2570 873 2615 an
906 2540 1349 2626 indicaverit3
1385 2535 1593 2609 verba
1620 2536 1829 2635 igitur
1855 2538 2021 2635 legis
2054 2567 2175 2637 pro
2203 2541 2407 2612 nobis
2443 2542 2677 2614 omnia
2703 2567 2719 2611 τ
2744 2530 2866 2613 sed

782 2657 870 2729 ad
924 2652 1559 2754 interpretationem
1618 2652 1986 2726 voluntatis
2049 2679 2427 2727 vocamur:
2491 2683 2618 2728 nec
2669 2655 2863 2726 enim

783 2774 1115 2872 scriptum
1164 2790 1414 2874 putant
1454 2795 1634 2858 esse,
1678 2769 1812 2841 nisi
1858 2770 2045 2869 quod
2095 2792 2357 2843 certum
2402 2770 2862 2870 approbatum

782 2890 909 2963 sit:
940 2908 1199 2987 negant
1221 2886 1506 2958 indicari
1524 2943 1543 2976 ‚
1575 2886 1713 2957 nisi
1743 2887 1811 2958 id
1829 2944 1847 2976 ,
1875 2886 1960 2960 de
1984 2914 2125 2987 quo
2150 2915 2290 2960 uon
2320 2888 2695 2962 dubitetur.
2718 2891 2861 2987 Ego

779 3027 1012 3077 autem
1043 3003 1387 3090 existim0,
1432 3000 1669 3101 legum
1715 3002 1908 3074 latori
1956 3030 2100 3077 non
2149 3004 2449 3075 defuisse
2486 3002 2863 3100 eloquendi

778 3120 1178 3193 facultatem
1203 3178 1223 3210 ,
1273 3139 1348 3194 ut
1387 3118 1784 3217 approbatis
1829 3118 2119 3194 demum
2154 3118 2258 3192 his
2288 3145 2442 3217 quae
2473 3116 2857 3207 detulisset,

778 3261 1133 3309 remanere
1174 3235 1245 3305 in
1294 3235 1557 3307 civitate
1602 3233 1903 3305 exsulem
1945 3234 2194 3306 vellet:
2246 3233 2316 3305 id
2374 3236 2602 3333 ipsum
2651 3231 2859 3332 plane

777 3371 1147 3449 aperteque
1182 3349 1405 3421 dicere
1432 3377 1574 3421 non
1602 3371 2004 3422 contentum
2042 3371 2208 3452 puto
2250 3376 2391 3421 esse
2421 3347 2654 3448 legum
2684 3348 2859 3437 lato-

778 3493 956 3539 rem:
984 3465 1450 3536 voluntatem³
1480 3466 1629 3567 ejus
1658 3468 1959 3538 retinuit.
1988 3468 2161 3540 Satis
2186 3488 2281 3539 est
2304 3466 2544 3567 igitur,
2578 3486 2655 3537 ut
2682 3462 2859 3535 nihil

776 3581 1076 3670 finxerit,
1117 3578 1297 3651 nihil
1329 3580 1705 3680 cupiditate
1737 3581 2118 3653 revertendi
2155 3583 2484 3654 mentitus
2514 3581 2636 3667 sit,
2673 3578 2856 3649 nihil

774 3696 1075 3792 denique
1112 3695 1266 3767 ideo
1303 3696 1570 3787 fecerit,
1622 3719 1700 3768 ut
1734 3717 2138 3769 remaneret.
2183 3700 2328 3769 Vos
2365 3695 2534 3792 quid
2582 3692 2856 3764 dicitis?

773 3811 1143 3883 mentitum
1181 3837 1344 3883 eum
1371 3811 1617 3883 vultis?
1655 3812 2158 3911 interrogemus
2199 3832 2467 3914 partem
2497 3806 2848 3909 judicum.

847 3996 891 4031 1.
924 3979 1072 4050 Quod
1101 3979 1185 4033 bic
1212 3981 1358 4033 timet
1382 3980 1556 4033 adbuc
1583 3981 1770 4032 civita·-
1850 3982 2108 4034 civitatem
2134 3981 2274 4055 quod
2297 3979 2436 4032 velut
2451 3978 2847 4051 impendentem.

772 4072 891 4112 tem.
926 4062 1090 4133 Lege:
1126 4062 1264 4133 quod
1301 4062 1384 4113 hic
1422 4063 1567 4113 timet
1597 4062 1771 4113 adhuc
1925 4082 1971 4116 2.
1998 4063 2279 4116 Dubitabit.
2311 4061 2538 4113 Dubitat.
2562 4058 2850 4130 AErod.‘qtti

769 4140 983 4192 civitati.
1011 4139 1068 4191 ld
1092 4156 1198 4208 est,
1222 4160 1319 4212 pro
1344 4141 1569 4193 civitate.
1600 4143 1768 4195 Gnou.
1847 4143 1901 4193 in
1932 4161 2094 4212 marg.
2122 4142 2362 4196 dubitata
2385 4159 2454 4191 an
2479 4138 2741 4191 dicaverit.

773 4221 923 4289 Quod
943 4219 1026 4272 hic
1048 4223 1224 4274 timeat
1244 4221 1364 4274 huic
1382 4220 1599 4272 civitati.
1627 4223 1771 4273 AEro-
1920 4221 1971 4273 3.
2011 4222 2065 4276 V
2061 4219 2372 4272 oluittatem.
2395 4218 2498 4271 Alii
2530 4217 2846 4271 voluntatem

768 4298 916 4366 «lius,
936 4304 1028 4372 qui
1049 4303 1102 4353 in
1127 4303 1389 4371 margine,
1413 4300 1558 4351 timet
1573 4322 1589 4350 .·
1610 4310 1668 4352 at
1685 4300 1770 4353 Ιιίο
1848 4299 1992 4351 enim
2019 4299 2265 4351 intuetur.
