3200 5117
687 557 1527 623 DECLAMATIONES.
1575 558 2176 625 CCCXXXVIII.
2350 565 2476 653 389

383 683 530 756 haec
567 682 907 774 dicerem,
951 682 1006 753 si
1050 682 1232 754 istud
1275 682 1753 755 testimonium
1798 704 1969 756 esset
2011 684 2219 756 illius.
2256 687 2478 760 Testis

385 820 546 871 tuus
584 798 752 899 quid
791 795 994 869 dicit?
1024 798 1192 869 scire
1225 824 1294 868 se
1329 797 1645 894 aliquid:
1685 799 2031 897 sequitur,
2068 819 2147 870 ut
2190 799 2479 873 interro-

386 941 585 1012 gem,
617 912 847 986 unde?
876 939 956 983 ex
988 912 1257 984 nutrice
1292 912 1451 984 illa:
1489 914 1774 984 nutricis
1804 939 1965 1009 ergo
2000 913 2477 988 testimonium

387 1050 525 1118 est,
573 1055 716 1100 non
764 1027 989 1117 testiS,
1044 1028 1165 1125 qui
1216 1028 1452 1099 credit.
1498 1027 1951 1099 Dimittamus
1996 1028 2068 1098 in
2115 1033 2478 1124 praesentia

386 1143 753 1232 maritum;
789 1142 1198 1215 reducemus
1233 1142 1434 1213 illum
1460 1142 1612 1214 loco
1636 1169 1762 1215 suo
1784 1157 1801 1186 ¹
1832 1169 1846 1213 :
1884 1141 1969 1214 de
1995 1143 2265 1215 nutrice
2291 1145 2477 1226 dica·

380 1285 562 1330 muS.
592 1258 662 1329 Si
688 1257 776 1329 ab
802 1257 1003 1329 initio
1029 1255 1322 1328 mentita
1350 1277 1524 1328 esset
1548 1254 1694 1351 (id,
1722 1255 1910 1354 quod
1939 1256 2263 1329 adversus
2285 1257 2478 1331 hunc

386 1374 608 1446 dicere
641 1372 868 1444 audeo
888 1429 907 1462 ,
947 1371 1166 1469 magis
1198 1370 1529 1442 auderem
1560 1371 1880 1443 adversus
1909 1372 2253 1445 nutricem
2285 1374 2479 1446 dice-

386 1491 535 1586 re,)
565 1488 708 1561 sola
742 1507 859 1560 est.
895 1489 1101 1558 Nunc
1132 1485 1408 1556 diversae
1445 1486 1849 1582 quaestiones
1884 1486 2079 1559 duae:
2112 1488 2479 1561 videamus

383 1593 615 1675 utram
661 1629 903 1673 verum
948 1600 1193 1672 dixisse
1236 1599 1625 1671 credibilius
1675 1600 1780 1672 sit.
1827 1603 2037 1673 Torta
2080 1623 2285 1674 tuum
2334 1630 2476 1676 esse

387 1718 615 1788 filium
642 1716 845 1787 dixit:
873 1715 1026 1788 volo
1052 1715 1344 1814 adjicere
1376 1717 1734 1789 tormentis
1759 1716 2265 1789 auctoritatem:
2300 1746 2477 1791 anus

385 1853 591 1904 torta:
625 1860 761 1904 una
787 1832 1066 1930 quaestio
1091 1832 1409 1905 adversus
1434 1832 1625 1905 hunc
1652 1861 1889 1906 sexum
1906 1890 1924 1923 ,
1951 1834 2272 1906 adversus
2296 1836 2475 1909 hanc

385 1969 651 2020 aetatem
696 1974 838 2019 non
881 1948 1154 2020 sufficit.
1200 1943 1676 2022 Sufficientes²
1702 1950 1854 2050 jam
1887 1978 2009 2052 per
2040 1978 2111 2022 se
2146 1950 2476 2026 distendis

388 2083 607 2152 artus,
640 2063 1034 2160 lacerasque
1068 2065 1463 2138 verberibus
1488 2065 1637 2167 jam
1677 2093 1821 2139 non
1865 2065 2320 2138 cohaerentem
2349 2093 2478 2139 cu-

389 2197 578 2250 tem:
630 2198 698 2250 et
746 2180 876 2251 hoc
920 2179 1127 2269 dicis;
1178 2182 1518 2253 Mentiris.
1565 2184 1873 2255 Tamdiu
1928 2205 2149 2281 potest
2191 2185 2480 2257 mentiri

387 2314 623 2366 contra
648 2314 840 2365 tuam
871 2294 1344 2367 voluntatem?
1367 2295 1578 2368 etiam
1603 2324 1826 2395 quum
1859 2297 2312 2369 robustissimi
2338 2318 2480 2369 tor-

386 2429 709 2506 quentur,
744 2408 955 2481 etiam
990 2436 1213 2508 quum
1243 2410 1515 2485 animos
1553 2412 1969 2512 asperrimus
1999 2412 2194 2485 dolor
2221 2433 2475 2511 tentat,

386 2522 773 2620 plurimum
812 2545 1045 2598 tamen
1089 2525 1403 2615 interest,
1440 2527 1611 2624 quid
1660 2526 2063 2627 responderi
2102 2527 2235 2599 sibi
2277 2527 2475 2616 velit,

383 2638 506 2736 qui
537 2659 832 2739 torquet.
863 2643 1058 2712 Dura
1073 2639 1126 2728 3,
1161 2668 1306 2713 non
1341 2642 1498 2715 dico
1518 2700 1537 2731 ,
1568 2664 1811 2716 contra·
1838 2643 2073 2741 ignem
2094 2699 2114 2732 ‚
2150 2667 2292 2713 non
2320 2642 2479 2714 dico

385 2776 620 2828 contra
652 2754 922 2855 flagella
941 2814 960 2848 ‚
992 2778 1226 2829 contra
1258 2758 1589 2831 hactenus
1617 2759 1919 2832 veritatis
1948 2735 2307 2857 inquisitio
2336 2778 2435 2829 est
2456 2814 2476 2848 ‚

387 2895 527 2965 qua
557 2870 814 2942 victum
849 2892 916 2943 te
943 2872 1237 2971 speras4,
1263 2873 1319 2945 si
1348 2899 1586 2945 verum
1621 2872 1904 2946 dixerit:
1937 2898 2158 2972 quum
2187 2898 2346 2943 vero
2376 2898 2477 2943 re-

387 3075 618 3148 gendum
635 3093 711 3133 est
722 3120 739 3148 ,
752 3100 846 3136 cur
855 3093 1094 3157 proestare
1111 3103 1161 3137 se
1178 3086 1228 3137 ei
1246 3083 1387 3140 velit.

389 3155 472 3208 Sic
513 3156 664 3209 ovid.
703 3162 859 3213 Trist.
900 3165 975 3228 ΙΙ,
1015 3180 1142 3232 170:
1189 3186 1210 3209 κ
1231 3165 1388 3215 Nunc

393 3255 417 3281 ι
436 3254 651 3307 quoque
664 3256 719 3290 se
733 3253 969 3309 praestet,
984 3254 1219 3311 notaque
1238 3241 1386 3309 signa

393 3333 416 3358 οι
435 3327 596 3385 petat.
617 3339 641 3363 ι
682 3317 843 3387 Apud
877 3317 1087 3389 Apulei.
1127 3319 1252 3369 Met.
1282 3320 1386 3384 vl,

385 3396 526 3448 Juuo
566 3399 737 3467 inquit
761 3419 773 3449 :
823 3422 847 3445 α
867 3401 1112 3451 Praestare
1153 3417 1237 3451 me
1277 3418 1388 3451 non

392 3498 415 3523 οι
434 3496 668 3548 possum.
691 3501 713 3524 n
743 3480 820 3530 De
843 3479 994 3531 simili
1018 3478 1315 3546 locutione,
1337 3497 1390 3532 se

383 3558 602 3629 proebere
614 3595 631 3622 ,
650 3558 770 3611 vide
787 3558 857 3611 ad
876 3558 1029 3613 ovid.
1050 3563 1231 3613 Amor.
1252 3563 1304 3628 1,
1323 3560 1386 3626 6,

388 3635 474 3701 4¹·
497 3636 668 3687 Bunu.

463 3733 509 3768 t.
553 3717 875 3772 &ducamus
913 3717 1070 3771 illum
1115 3720 1229 3773 loeo
1273 3738 1383 3774 suo.

387 3794 604 3864 Scripsit
636 3811 847 3864 auctor,
881 3801 1191 3851 reducemus.
1220 3798 1384 3852 Gnon.

385 3873 462 3924 lta
487 3886 540 3924 et
563 3872 761 3926 Schult.
789 3891 840 3929 et
863 3876 995 3928 Obr.

459 3967 508 4002 2.
522 3951 867 4026 Sufficientes.
893 3957 1029 4022 Lege
1042 3992 1059 4018 ‚
1078 3951 1382 4026 deficientes.

385 4030 566 4082 AEaon.
610 4034 684 4083 Ita
726 4032 856 4085 Obr.
898 4047 949 4085 et
989 4031 1345 4104 Schultingius
1368 4072 1382 4095 ,

386 4111 479 4179 qui
510 4112 667 4162 etiam
698 4111 1009 4164 subsidentes
1040 4110 1389 4181 conjiciebat,

383 4200 443 4238 ut
482 4188 626 4260 apud
658 4189 846 4242 Senec.
880 4188 1095 4261 Thyest.
1140 4209 1163 4235 ι
1183 4191 1388 4242 animus

393 4279 422 4315 C
436 4268 678 4323 flubsidit.
701 4293 724 4317 a

1541 3085 1593 3139 3.
1616 3084 1779 3137 Dura.
1810 3083 2034 3136 Duravit
2063 3100 2167 3136 non
2188 3081 2302 3134 dieo
2313 3120 2332 3148 ,
2355 3099 2477 3134 con-

1469 3176 1549 3217 tra
1566 3164 1761 3235 iqnem,
1784 3181 1891 3214 non
1909 3163 2025 3215 dico
2044 3159 2475 3238 eontmflaqella,

1464 3241 1551 3294 sed
1561 3239 1879 3293 contrariam
1899 3241 2146 3295 hactenus
2161 3240 2387 3292 veritatis
2400 3241 2479 3292 in-

1465 3319 1796 3391 quisitionem
1829 3316 1970 3388 (vei,
2007 3330 2185 3370 contra
2220 3328 2294 3384 te,
2333 3322 2478 3392 cujus

1470 3398 1577 3449 hoec
1628 3397 1856 3449 veritatis
1905 3395 2172 3468 inquisitio
2215 3414 2320 3448 non
2366 3396 2478 3466 est)

1467 3476 1593 3549 quia
1626 3485 1675 3526 te
1707 3475 1968 3526 victurum
2002 3492 2108 3526 non
2140 3491 2326 3546 speras.
2354 3474 2474 3526 Scn.

1465 3582 1538 3595 --
1573 3553 1761 3606 Contra
1780 3549 2045 3629 flagella,
2077 3564 2273 3606 contra,
2306 3553 2476 3623 Lege,

1465 3628 1907 3707 contra-flagella,
1924 3640 2101 3683 eontra
2120 3632 2341 3682 verbera.
2362 3631 2476 3682 AEn.

1465 3712 1573 3780 Qui
1595 3709 1792 3775 edidit,
1819 3708 2235 3785 contraflaqella
2250 3748 2267 3774 ‚
2292 3721 2475 3761 contra

1467 3792 1673 3843 verbera
1696 3791 1844 3841 dura.
1874 3786 2299 3864 Contraflaqella
2315 3826 2333 3853 ,
2354 3805 2482 3840 con-

1467 3883 1546 3923 tra
1572 3883 1778 3922 catenas
1808 3890 1853 3922 v.
1886 3871 1921 3922 i.
1955 3882 2054 3938 est,
2076 3890 2181 3942 qua
2211 3868 2406 3919 victum
2432 3878 2482 3919 te

1456 3950 1605 4021 feras
1614 3988 1632 4015 ,
1646 3950 1688 4002 si
1697 3988 1714 4016 ‚
1734 3949 1865 4002 obv.
1881 3951 1964 4002 An
1975 3987 1994 4014 ‚
2010 3946 2393 4000 catomaPVide
2408 3946 2479 4001 ad

1465 4032 1676 4084 Petron.
1703 4049 1751 4081 c.
1778 4029 2033 4082 CXXXII.

1538 4108 1588 4174 4.
1617 4109 1729 4178 Qua
1747 4110 1935 4160 victum
1956 4120 2004 4160 te
2017 4126 2184 4180 speras
2200 4144 2216 4171 ‚
2235 4109 2280 4159 si
2298 4125 2473 4160 verum

1468 4192 1669 4243 dixerit.
1695 4193 1805 4257 An,
1823 4208 2050 4264 sperare,
2076 4190 2162 4241 hic
2188 4202 2294 4255 est,
2320 4191 2477 4241 time-

1469 4272 1564 4323 re?
1586 4273 1774 4323 Forte:
1801 4289 1907 4341 qua
1934 4270 2125 4322 victum
2151 4281 2199 4322 te
2226 4280 2489 4340 apparet,-
