3200 5117
766 545 894 627 418
1270 542 1362 608 M.
1411 540 1668 607 FABII
1713 540 2360 624 QU1NT1L1AN1

763 666 1107 768 periisset,
1146 689 1291 738 non
1326 664 1457 736 diu
1491 662 1861 763 disputabo
1883 678 1932 736 ¹.
1958 663 2227 738 Vivunt
2262 665 2382 765 qui
2412 688 2863 742 amaverunt:

765 780 995 855 itane?
1025 780 1195 879 quid
1224 781 1466 852 minus
1494 779 1779 853 rationis
1812 778 2062 872 habet,
2098 803 2313 878 quam
2347 803 2426 856 ut
2449 781 2505 858 is
2536 782 2719 855 mori
2747 808 2869 855 ve-

757 897 871 986 lit,
899 896 1021 996 qui
1052 895 1297 985 habet,
1328 915 1608 994 propter
1630 893 1823 994 quod
1849 892 2071 966 vivat?
2094 894 2338 968 Stricto
2364 915 2604 970 tamen
2633 896 2864 995 gladio

765 1014 838 1084 in
862 1031 1118 1084 secreto
1146 1008 1654 1109 deprehendi²z
1683 1007 1834 1110 jam
1869 1008 2046 1082 mihi
2081 1037 2317 1083 narras
2337 1035 2601 1088 moras:
2629 1012 2865 1111 ipsum

764 1126 937 1200 illud
967 1146 1304 1199 secretum
1334 1147 1676 1224 quaerere,
1701 1144 1769 1196 et
1794 1144 2036 1225 putare
2066 1124 2426 1216 interesse,
2455 1126 2579 1198 ubi
2601 1149 2862 1225 pereat,

763 1269 905 1316 uon
936 1263 1036 1315 est
1058 1240 1363 1314 ardentis
1387 1242 1469 1312 in
1489 1260 1786 1313 mortem
1812 1239 2132 1340 impetus.
2154 1243 2314 1315 Non
2345 1240 2526 1315 fiunt
2548 1241 2702 1332 ista,
2726 1242 2860 1316 nisi

761 1359 1028 1432 subito:
1078 1384 1207 1431 nec
1249 1358 1670 1457 quisquam,
1717 1356 2093 1456 presertim
2133 1356 2331 1431 nulla
2371 1359 2559 1457 gravi
2603 1385 2862 1458 prace-

756 1474 963 1548 dente
996 1499 1241 1561 causa,
1274 1472 1595 1572 spiritum
1631 1472 1895 1546 ratione
1938 1471 2280 1571 deposuit.
2319 1473 2408 1545 Et
2447 1470 2716 1546 stricto³
2749 1494 2859 1547 ta-

757 1615 921 1662 men
956 1588 1229 1688 gladio,
1262 1608 1329 1658 et
1359 1588 1437 1660 in
1477 1607 1734 1661 secreto
1757 1643 1778 1677 ,
1808 1586 1982 1683 quid
2014 1586 2391 1660 facientem
2423 1585 2699 1660 vidisti?
2728 1614 2860 1687 ap·-

762 1724 1026 1776 tantem
1036 1703 1186 1801 jam
1195 1700 1452 1804 jugulo
1471 1698 1925 1773 mucronem?
1932 1699 2087 1801 jam
2112 1698 2684 1773 incumbentem?
2701 1699 2852 1800 jam

760 1845 957 1918 paene
1008 1817 1368 1890 admotam
1419 1842 1641 1913 usque
1686 1816 1777 1887 ad
1829 1813 2248 1913 sanguinem
2298 1814 2640 1888 manum?
2683 1815 2854 1889 nihil

760 1933 1039 2004 horum.
1076 1930 1433 2020 Flentem,
1478 1929 1748 2028 inquit,
1782 1927 2123 2002 mirabar:
2161 1927 2395 2002 minus
2426 1929 2637 2002 fuisse
2669 1932 2853 2029 peri-

761 2047 1003 2121 culum
1032 2046 1418 2135 crederem,
1447 2044 1503 2117 si
1530 2044 1757 2136 fleret,
1786 2063 2162 2143 autequam
2187 2043 2519 2142 stringere
2546 2045 2852 2143 gladium

762 2163 1111 2261 coepisset:
1161 2186 1308 2231 non
1354 2177 1458 2231 est
1501 2158 1752 2257 igitur,
1796 2158 1988 2256 quod
2034 2155 2221 2230 dicas
2259 2177 2324 2228 te
2372 2157 2613 2231 fecisse
2652 2183 2852 2232 causa

760 2303 953 2366 mea,
987 2274 1179 2375 quod
1215 2301 1342 2373 ego
1380 2300 1523 2348 non
1565 2272 1904 2346 fecissem.
1947 2271 2178 2344 Etiam
2219 2270 2396 2343 hoc4
2428 2271 2655 2373 judici
2697 2275 2852 2348 satis

765 2410 942 2479 erat,
976 2387 1108 2460 nisi
1143 2408 1209 2460 et
1251 2387 1664 2485 inscriptum
1703 2408 1772 2458 et
1797 2384 2228 2459 maleficium
2261 2408 2398 2458 est:
2436 2414 2848 2490 quacunque

761 2530 803 2576 a
826 2523 893 2577 te
918 2525 1153 2576 mente
1182 2503 1447 2577 factum
1471 2523 1602 2593 est,
1632 2528 1757 2601 ego
1788 2501 1983 2574 laesus
2011 2527 2205 2574 sum:
2238 2501 2670 2577 etiamsinon
2697 2506 2854 2578 vin-

761 2619 947 2692 dicta
974 2616 1194 2690 dolori
1218 2643 1376 2694 meo
1401 2615 1801 2708 deberetur,
1830 2616 2170 2688 debeatur
2193 2636 2427 2688 tamen
2457 2615 2842 2689 ⁵solatium.

764 2735 1149 2807 Videamus
1181 2754 1420 2805 tamen
1454 2754 1518 2806 et
1550 2759 1762 2831 quare
1797 2733 1918 2805 fiat
1947 2732 2076 2804 ista
2097 2759 2241 2805 res:
2280 2732 2590 2806 eamdem
2615 2753 2845 2805 mere-

764 2851 1009 2923 tricem
1033 2871 1446 2926 amaverunt
1465 2849 1607 2921 duo
1632 2850 1922 2950 juvenes
1947 2848 2070 2922 filii
2099 2850 2339 2922 nostri.
2369 2850 2848 2942 Quaerebatur,

770 2965 987 3037 utrius
1015 2986 1223 3037 esset:
1258 2964 1413 3037 volo
1444 2985 1509 3037 te
1539 2966 1898 3038 consulere
1918 3021 1937 3056 ,
1971 2991 2063 3036 an
2095 2992 2320 3064 quum
2352 2965 2616 3057 scieris,
2639 2993 2856 3065 pecu-

768 3082 958 3156 niam
1000 3081 1150 3154 filio
1197 3104 1317 3154 tuo
1359 3080 1674 3153 dederis?
1717 3079 1871 3154 volo
1913 3081 2121 3171 scire,
2164 3108 2254 3154 au
2301 3108 2528 3179 quum
2571 3081 2854 3156 vidisses

772 3197 997 3270 filium
1022 3221 1262 3270 meum
1282 3251 1303 3285 ,
1333 3215 1409 3268 ut
1435 3216 1635 3295 putas
1651 3253 1672 3285 ,
1697 3196 1878 3269 mori
1906 3195 2287 3286 volentem,
2314 3196 2450 3268 tale
2478 3196 2745 3297 aliquid
2767 3198 2851 3270 de

772 3332 890 3382 tuo
918 3310 1276 3384 timueris?
1310 3312 1494 3384 filius
1523 3338 1720 3383 meus
1747 3332 2024 3411 propter
2047 3338 2359 3385 amorem
2385 3312 2552 3384 dicit
2578 3340 2650 3385 se
2673 3313 2849 3385 mori

770 3425 984 3495 velle:
1026 3448 1210 3499 amat
1241 3449 1308 3498 et
1339 3447 1538 3500 tuus:
1582 3427 1698 3498 hic
1741 3426 2264 3526 deprehendam
2305 3448 2610 3527 patrem:
2644 3450 2722 3501 tu
2744 3486 2763 3519 ,
2796 3426 2848 3499 si

771 3538 1161 3637 periculum
1195 3541 1434 3613 mortis
1467 3562 1809 3639 putasses,
1844 3561 2000 3614 tum
2041 3568 2199 3615 vero
2236 3542 2327 3615 ad
2371 3542 2603 3616 filium
2648 3564 2848 3616 tuum

847 3707 890 3741 r.
935 3690 1170 3744 Pes-iisset
1206 3710 1315 3743 non
1351 3693 1441 3745 diu
1479 3693 1767 3764 disputabo.
1920 3694 1972 3746 3.
2001 3694 2077 3746 Et
2100 3694 2288 3746 stricto.
2325 3694 2586 3746 Francius
2614 3693 2849 3764 legebat,

770 3769 1028 3833 Per-iisset,
1062 3788 1131 3821 an
1166 3788 1300 3837 non,
1333 3790 1439 3824 non
1472 3771 1562 3824 diu
1594 3771 1770 3843 dispu-
1848 3784 1905 3825 at
1925 3773 2117 3826 stricto.

770 3851 912 3915 tabo,
934 3846 1136 3899 Schult.
1919 3853 1968 3918 4.
1991 3852 2165 3904 Etiam
2188 3851 2300 3904 hoc.
2324 3853 2394 3903 Et
2407 3855 2530 3925 jam
2565 3852 2662 3904 hoc
2688 3852 2851 3923 judici

838 3945 888 3978 2.
912 3929 1099 3981 scriem
1119 3938 1289 3980 tamen
1309 3928 1487 4001 gladio
1507 3931 1564 3981 ἰη
1582 3941 1768 3984 secreto
1846 3932 1968 3981 satis
2010 3940 2135 3982 erat.
2182 3929 2299 3982 Nisi
2351 3941 2404 3981 et
2454 3929 2754 4003 inscriptum
2802 3940 2853 3981 et

766 4006 1094 4076 deprehendi.
1117 4030 1139 4052 ι
1155 4007 1286 4074 Quae
1299 4005 1407 4058 duo
1424 4008 1767 4061 instrumenta
1846 4005 2164 4080 maleficium
2208 4018 2308 4074 est,
2358 4027 2705 4082 quacunque,
2750 4021 2848 4061 etc.

773 4108 794 4129 κ
815 4099 937 4136 sunt
956 4109 978 4131 n
1021 4086 1284 4156 (Annaeus
1328 4087 1497 4157 inquit
1532 4089 1766 4158 Seneca)
1845 4088 2101 4142 Obrecht.

768 4188 790 4210 ιι
812 4165 1033 4217 alterum
1053 4181 1233 4237 aptum
1250 4170 1525 4236 morituro,
1542 4170 1764 4224 alterum
1915 4166 1965 4218 5·
1991 4167 2250 4220 Debentur
2270 4179 2451 4220 tamen
2472 4166 2733 4222 solatium·
2757 4169 2856 4221 Iae-

769 4265 789 4288 «
812 4244 1018 4296 misero.
1043 4269 1064 4291 n
1092 4247 1270 4296 AEnon.
1843 4267 1937 4320 ge,
1960 4248 2254 4303 debebatur.
2281 4249 2442 4302 (ἔλατ.
