3200 5117
757 512 885 579 312
1256 514 1348 577 M.
1394 511 1645 578 FABn
1691 509 2325 594 QmNTrLtANt

755 658 858 710 ter
895 637 1132 709 saltem
1178 635 1523 736 templum
1556 662 1696 707 esse
1730 634 2268 726 existimaverat,
2309 632 2442 707 nisi
2477 634 2830 709 dedicare-

753 774 887 825 tur.
920 756 1022 825 De
1065 780 1481 852 quocunque
1526 750 1784 850 templo
1828 751 2096 848 loquor,
2131 752 2262 822 hoc
2294 751 2642 850 templum
2688 779 2830 823 non

756 868 1132 941 dedicaho?
1162 869 1402 959 Quam
1437 867 1664 940 multa
1698 865 1927 939 adhuc
1964 867 2280 939 remitto?
2307 888 2495 939 taceo
2533 866 2706 966 quid
2737 867 2831 938 dii

751 983 1125 1073 voluerint,
1166 1004 1353 1056 taceo
1398 983 1569 1081 quid
1617 981 2463 1080 responsa-praeceperint,
2504 980 2832 1052 humanis

756 1097 1060 1169 consiliis
1081 1096 1314 1170 locum
1349 1097 1700 1193 relinquo,
1737 1122 1879 1167 non
1915 1094 2293 1167 dedicabo?
2325 1095 2694 1168 Procedere
2729 1095 2834 1166 ul-

754 1231 859 1282 tra
880 1211 1044 1284 volo
1069 1240 1083 1283 :
1112 1212 1168 1284 si
1193 1212 1581 1284 Alexander
1603 1212 1692 1298 ab
1717 1210 2080 1283 obsidione
2105 1230 2379 1284 tantum
2400 1210 2829 1282 Athenarum
2912 1201 2922 1209 ⁶

753 1326 1168 1416 recessisset,
1213 1352 1448 1398 nonne
1481 1323 2049 1413 aedificassemus,
2088 1350 2230 1395 non
2264 1324 2831 1400 restituissemus?

751 1440 1102 1536 Equidem
1134 1466 1262 1539 ego
1290 1439 1625 1511 omnibus
1650 1439 1899 1510 nostris
1935 1438 2139 1510 sacris
2171 1437 2581 1510 crediderim
2614 1440 2828 1512 inesse

749 1579 1072 1626 numen:
1126 1553 1416 1626 debetur
1460 1553 1592 1624 hoc
1627 1551 2157 1624 Atheniensium
2205 1551 2499 1640 civitati,
2547 1552 2829 1626 debetur

751 1668 1208 1740 vetustissimo
1250 1668 1484 1767 generi
1506 1724 1526 1756 ,
1566 1667 1856 1741 debetur
1893 1668 2038 1739 solo
2060 1725 2079 1758 ,
2118 1668 2204 1738 de
2237 1694 2377 1764 quo
2406 1669 2825 1749 contendisse

754 1780 1114 1878 quondam
1136 1782 1300 1854 deos
1324 1782 1754 1854 immortales
1778 1808 1918 1853 non
1945 1782 2097 1854 sine
2125 1808 2327 1853 causa
2348 1783 2685 1855 creditum
2711 1804 2823 1855 est.

752 1897 1019 1967 Caetera
1067 1916 1304 1968 tamen
1351 1895 1684 1993 opinione
1731 1894 2114 1986 credimus,
2151 1915 2219 1967 et
2258 1896 2658 1997 conjectura
2696 1897 2831 1970 col-

749 2007 1035 2106 ligimus
1062 2034 1077 2080 :
1116 2008 1189 2080 in
1224 2007 1358 2080 hoe
1386 2008 1682 2081 numine
1712 2009 2045 2081 sentimus
2071 2030 2429 2081 momenta
2455 2009 2827 2101 bellorum,

750 2121 885 2202 hoc
909 2149 1066 2222 pars
1090 2144 1381 2223 utraque
1412 2126 1759 2225 cognovit,
1786 2126 1918 2198 hoc
1940 2152 2208 2198 numen
2233 2126 2358 2198 scit
2383 2153 2531 2200 esse
2549 2129 2834 2200 Alexan-

756 2236 900 2308 der.
940 2237 1181 2339 Adjice
1223 2240 1412 2339 quod
1447 2240 1748 2313 dedicari
1779 2239 2143 2314 voluerunt
2178 2267 2195 2312 ε
2238 2241 2291 2315 si
2337 2268 2377 2312 a
2417 2269 2832 2342 quocunque

749 2352 1165 2448 voluissent,
1203 2357 1691 2458 occupandum
1722 2341 1861 2430 fuit
1891 2358 2106 2449 mihi,
2136 2386 2360 2457 quum
2396 2360 2832 2433 Atheniensis

735 2459 888 2540 'sim
916 2496 930 2540 ε
966 2491 1189 2544 totum
1225 2474 1412 2546 enim
1442 2474 1633 2546 hunc
1664 2475 2008 2574 populum
2030 2532 2048 2565 ,
2077 2474 2384 2574 judices,
2419 2495 2584 2574 puto
2615 2502 2834 2547 sacer-

755 2582 989 2657 dotem
1010 2599 1057 2657 ¹.
1086 2589 1174 2658 At
1196 2589 1390 2660 enim
1418 2589 1512 2660 sic
1542 2590 1871 2662 effectum
1900 2611 2036 2681 est,
2070 2611 2147 2662 ut
2172 2589 2474 2662 laborare
2501 2590 2828 2688 pestilen-

750 2700 846 2770 tia
875 2702 1209 2773 exercitus
1241 2703 1612 2776 Alexandri
1643 2704 2034 2779 desineret:
2079 2733 2224 2779 non
2257 2706 2409 2778 dico
2442 2703 2823 2775 desiturum

728 2814 1008 2913 ‚alioqui
1055 2817 1322 2890 fuisse:
1378 2820 1719 2932 periturus
1769 2821 1855 2893 sit
1896 2821 2310 2912 Alexander,
2358 2818 2639 2919 perituri
2686 2818 2830 2891 sint

754 2930 1008 3005 milites
1030 2959 1306 3024 omnes,
1331 2934 1534 3007 vultis
1554 2937 1655 3009 uti
1681 2935 1813 3012 hoc
1837 2937 2148 3010 sacrificii
2175 2937 2436 3036 publici
2454 2934 2833 3008 beneficio?

755 3046 810 3116 si
831 3047 986 3143 quis
1003 3048 1195 3122 vobis
1215 3049 1397 3123 hanc
1421 3074 1707 3149 poneret
1726 3053 2231 3144 conditionem,
2250 3053 2730 3142 Athenienses»,
2760 3071 2836 3123 ut

755 3165 1078 3237 oninium
1122 3166 1503 3268 potiremur
1549 3170 1904 3268 gentium,
1953 3169 2200 3242 eversis
2233 3170 2635 3267 exustisque
2656 3188 2833 3239 tem-

754 3343 1120 3409 comperimus,
1164 3362 1393 3400 concessa
1432 3347 1755 3402 Atheniensi·
1835 3349 1941 3402 lum
1946 3349 2182 3421 ‚judicem
2196 3357 2327 3419 puto
2340 3347 2670 3401 sacerdotem.
2680 3344 2834 3397 Athe-

756 3420 861 3470 bus.
886 3421 1005 3474 Hoc
984 3442 1120 3551 deyo
1142 3425 1426 3499 significari
1448 3446 1561 3481 reor
1568 3430 1755 3502 ‚judi-
1833 3428 2038 3480 aienses
2067 3423 2355 3490 aei-rixones
2384 3443 2439 3477 se
2467 3423 2832 3496 appellarunt,

751 3514 855 3561 ees,
879 3501 1046 3568 quod,
1070 3521 1229 3574 quum
1251 3517 1548 3557 caeterarum
1575 3507 1754 3559 civita-

752 3589 891 3644 tum,
907 3591 999 3631 etc.
1015 3582 1313 3646 videi-imru,-
1328 3585 1479 3638 nulla
1497 3587 1749 3653 vindicta,

752 3657 905 3711 nulla
934 3659 1145 3734 reliyio,
1178 3663 1331 3716 nulla
1353 3684 1463 3730 eos,
1493 3667 1584 3740 qui
1605 3667 1754 3738 fece-

752 3751 896 3806 rant,
921 3742 1174 3815 supplicia
1196 3757 1466 3798 consecuta
1491 3747 1593 3799 sint
1607 3768 1626 3807 ‚-
1657 3747 1754 3800 Ιιοσ

749 3817 1074 3893 saeriquium
1094 3820 1392 3892 pestilentia
1414 3824 1749 3876 vindicatum.

751 3898 1144 3954 Dedit-ationem
1163 3902 1474 3956 desiderabat
1489 3903 1753 3975 (intellige

751 3976 1067 4046 Alexander,
1088 3992 1138 4032 et
1157 3980 1406 4051 merito)=
1428 4000 1592 4054 neque
1609 3984 1763 4034 enim·

751 4055 908 4108 aliter
931 4059 1131 4116 salvum
1165 4059 1415 4132 templum
1447 4081 1547 4115 esse
1580 4064 1754 4115 existi-

754 4147 1010 4202 maverat,
1035 4137 1135 4189 nisi
1155 4138 1487 4192 dedicaretur.
1512 4141 1679 4193 Gnou.

834 4229 876 4262 1.
906 4216 1092 4266 Totum
1119 4221 1262 4270 enim
1287 4238 1382 4290 eqo
1415 4220 1552 4271 hunc
1579 4240 1753 4298 popia-

1834 3520 1887 3558 et
1928 3506 2048 3558 ideo
2093 3520 2344 3559 noctuam
2388 3506 2591 3579 insigne
2637 3506 2830 3557 ferunt.

1790 3617 1794 3622 ·
1832 3589 2113 3641 contentio
2131 3589 2364 3659 Neptuni
2385 3601 2437 3639 et
2460 3587 2704 3639 Minervae
2727 3605 2834 3637 om·

1831 3665 1988 3718 nibus
2002 3679 2127 3717 nota
2139 3680 2234 3718 est.
2250 3665 2410 3732 Quod
2430 3683 2642 3716 omnem
2660 3683 2836 3736 popu-

1832 3745 1944 3798 lum
1964 3746 2334 3800 Atheniensem
2360 3746 2693 3799 sacerdotem
2719 3762 2832 3798 esse

1833 3827 1931 3891 ait,
1958 3839 2225 3896 sumptum
2253 3839 2333 3879 est
2360 3845 2425 3878 ex
2444 3828 2661 3878 Homeri
2678 3829 2833 3880 Cata-

1833 3903 1957 3976 logo
1989 3905 2135 3958 Iliad.
2166 3907 2224 3958 B.
2251 3905 2334 3975 57.
2366 3908 2546 3959 AEnon.
2578 3909 2827 3959 Francius

1831 3986 2103 4040 adnotavit
2138 3986 2243 4038 hoe
2274 3990 2328 4039 in
2358 3988 2571 4040 Homeri
2598 3987 2824 4049 amatia,

1829 4084 1878 4117 v.
1916 4064 2016 4129 56,
2050 4083 2157 4117 non
2190 4064 2310 4117 dici.
2342 4096 2413 4105 —
2438 4063 2689 4137 Saenflcii
2717 4082 2826 4134 pu·-

1834 4141 1971 4194 buci.
2001 4142 2273 4216 Sacrileqit'
2291 4145 2414 4215 pub.
2441 4143 2653 4195 Senum.
2674 4170 2746 4180 —
2765 4140 2825 4193 Si
2906 4163 2914 4182 ·

1830 4222 1942 4292 quis
1965 4223 2118 4275 vobis.
2139 4223 2197 4276 Si
2217 4222 2333 4293 quis
2354 4222 2508 4275 nobis.
2534 4221 2751 4273 Senot-r.
