3200 5117
786 532 912 613 43⁶
1280 529 1374 594 M.
1421 528 1677 594 FABII
1722 527 2362 611 QUINTILIAM

1490 945 2216 1058 ccchvuL'

1188 1209 1364 1281 Cum
1385 1206 1848 1309 proditoribus
1868 1234 2104 1282 career
2123 1215 2451 1286 incensus.

782 1416 1133 1477 lurni-ron
1172 1434 1241 1474 m
1278 1433 1467 1474 nerto
1503 1436 1770 1477 sumum
1804 1434 2045 1476 unm-r
2081 1436 2485 1477 romanu.
2527 1417 2866 1501 Imperator

861 1513 1234 1598 proditionis
1275 1527 1587 1596 suspectos
1633 1514 1700 1574 in
1745 1535 2045 1576 carcerem
2091 1514 2385 1598 conjecit:
2432 1537 2505 1577 ex
2549 1519 2864 1601 transfuga

860 1612 1160 1694 comperit
1200 1610 1415 1672 eadem
1458 1624 1643 1672 nocte
1687 1611 1940 1673 finitum
1983 1611 2063 1672 iri
2106 1612 2539 1695 proditionem.
2587 1615 2864 1677 Incendit

860 1727 1199 1770 carcerem:
1214 1707 1542 1789 perierunt
1570 1706 1697 1784 illi,
1725 1709 1834 1790 qui
1860 1719 2037 1768 erant
2057 1708 2124 1768 in
2145 1729 2418 1769 carcere:
2443 1708 2651 1772 hostes
2677 1731 2863 1772 reces-

860 1816 1088 1870 serunt.
1098 1805 1455 1880 Accusatur,
1465 1802 1636 1885 quod
1651 1802 1728 1864 de
1742 1803 2115 1866 indemnatis
2129 1806 2456 1888 sumpserit
2468 1805 2862 1889 supplicium.

1464 1995 2168 2061 DECLAMATIO.

875 2156 950 2231 Si
980 2156 1241 2229 ratione
1271 2154 1552 2228 defendi
1587 2181 1732 2227 non
1767 2181 2077 2253 possem,
2097 2154 2256 2257 jure
2284 2154 2716 2228 defenderer.
2742 2159 2864 2228 In·-

782 2290 1108 2344 pmron
1153 2290 1231 2343 m
1276 2288 1505 2343 anuo
1547 2287 1868 2342 summu
1914 2288 2193 2344 num-r
2233 2288 2736 2344 roman-rm.
2785 2270 2862 2343 Id

781 2387 971 2486 quod
1005 2386 1336 2490 objicitis,
1371 2407 1455 2459 ut
1484 2386 1809 2459 nondum
1843 2384 2175 2488 objiciam
2196 2402 2244 2478 ¹,
2288 2407 2567 2486 propter
2597 2387 2864 2461 bellum

776 2501 1037 2574 factum
1067 2521 1204 2591 est,
1243 2501 1317 2576 in
1350 2500 1535 2573 bello
1568 2502 1831 2573 factum
1860 2521 2001 2573 est:
2037 2527 2201 2573 usus
2234 2528 2393 2574 sum
2431 2501 2641 2600 igitur
2671 2502 2862 2600 lege3

776 2616 1187 2708 viderimuS,
1217 2642 1430 2715 quam
1464 2616 1730 2687 utiliter
1758 2616 2157 2707 constituta,
2192 2637 2260 2689 et
2285 2616 2654 2689 necessaria
2680 2643 2862 2714 quo-

778 2758 940 2830 que.
953 2732 1379 2803 Imaui-on
1394 2751 1469 2801 m
1484 2749 1715 2802 BELLo
1729 2750 2049 2804 smum
2064 2752 2343 2806 mm·
2356 2749 2849 2806 POTESTATEM.

775 2850 957 2918 Ante
986 2846 1227 2917 omnia
1262 2869 1406 2916 non
1446 2843 1517 2915 id
1544 2862 1854 2944 tempus,
1893 2871 2032 2944 quo
2062 2843 2329 2947 judicia
2352 2844 2640 2919 exerceri
2663 2902 2683 2935 ‚
2714 2872 2858 2943 quo

775 2961 961 3060 leges
999 2961 1287 3033 retinere
1320 2961 1461 3031 vim
1502 2987 1705 3032 suam
1740 2960 2046 3059 possint:
2089 2960 2215 3034 ista
2253 2988 2384 3061 pax
2418 2981 2677 3061 spectat
2694 2974 2748 3052 ²,
2792 2982 2865 3035 et

776 3076 1285 3177 diligentiorem
1307 3102 1538 3149 rerum
1562 3075 2089 3174 inquisitionem
2107 3078 2431 3149 securitas
2450 3076 2693 3149 habet:
2717 3104 2861 3149 non

776 3214 968 3266 vacat
1001 3193 1073 3265 in
1103 3192 1287 3265 bello
1316 3218 1552 3264 curam
1582 3217 1786 3289 agere
1818 3192 2282 3291 singulorum.
2310 3191 2419 3264 Ad
2443 3192 2629 3265 hanc
2658 3193 2861 3265 ratio-

774 3332 941 3378 nem
975 3308 1234 3380 accedit
1267 3305 1444 3378 illud
1474 3332 1795 3404 quoque,
1829 3306 2021 3405 quod
2055 3305 2534 3380 administrare
2569 3333 2714 3380 non
2742 3334 2858 3406 po·

770 3439 901 3491 test
931 3420 1196 3493 bellum
1218 3479 1237 3512 ‚
1273 3420 1403 3493 nisi
1434 3440 1699 3492 tantam
1731 3441 2132 3518 potestatem
2166 3420 2522 3511 habuerit,
2558 3420 2860 3520 impera-

776 3554 882 3607 tor
916 3562 929 3605 :
975 3555 1076 3606 tot
1106 3536 1328 3608 millia
1364 3535 1918 3634 conscriptorum
1963 3536 2273 3609 militum
2312 3536 2389 3607 in
2424 3536 2648 3608 aciem
2683 3535 2856 3608 edu·

775 3676 963 3740 cere,
997 3650 1345 3749 assignare
1371 3651 1522 3723 loca
1553 3650 1834 3723 interim
1864 3651 2282 3750 periculosa,
2318 3649 2616 3723 tuendos
2647 3651 2853 3740 civeS,

776 3764 1244 3865 expugnanda
1283 3764 1586 3836 hostium
1638 3764 1953 3855 castella,
2001 3792 2148 3837 non
2193 3784 2412 3864 potest
2455 3762 2600 3836 sola
2645 3766 2852 3850 ratio;

853 3942 895 3976 ι.
949 3925 1019 3976 Ut
1052 3926 1286 3978 nondum
1329 3925 1582 3996 oly'iciam.
1624 3924 1777 3975 AEro-
1857 3925 1981 3976 dum
2002 3926 2284 3996 objectum,
2305 3924 2504 3977 Schult.
2530 3923 2757 3996 objicitis
2772 3921 2856 3993 (ut

774 4002 918 4070 dius,
943 4016 1000 4056 ut
1024 4005 1253 4057 nondum
1273 4003 1626 4076 proditionem
1651 4002 1776 4074 obji-
1857 4005 2093 4056 nondum
2134 4004 2376 4077 adjt’ciam
2416 4014 2632 4075 propter
2667 4000 2856 4054 bellum

774 4081 930 4131 ciam.
956 4082 1155 4134 Malim.
1187 4084 1256 4134 Id
1277 4082 1417 4154 quod
1446 4081 1691 4153 oly'icitis,
1719 4089 1779 4131 ut
1845 4084 2054 4157 factum
2077 4086 2209 4158 esse)
2237 4087 2294 4135 in
2316 4083 2513 4156 bellos.
2535 4103 2579 4135 e.
2606 4079 2855 4137 Obrecht.

775 4161 1010 4213 nondum
1054 4163 1249 4215 diluam
1268 4202 1287 4232 ,
1330 4173 1545 4236 propter
1581 4162 1777 4214 bellum
1931 4181 1977 4215 2.
2017 4165 2124 4215 Ista
2155 4182 2263 4237 pax
2293 4172 2503 4236 spectat.
2539 4163 2643 4216 Ista
2675 4178 2859 4235 paoem

764 4243 979 4314 factum
992 4245 1255 4298 est.Gn01‹.
1273 4243 1506 4315 Oly‘icitis
1518 4242 1640 4296 duci
1652 4261 1780 4297 non·
1856 4251 2103 4314 spectant.
2130 4242 2346 4295 Senot-r.
