3200 5117
754 516 881 584 258
1256 510 1350 575 M.
1398 509 1652 573 FABu
1696 507 2332 591 QUINTILIAM

752 639 967 737 igitur
1001 658 1316 720 causam,
1355 655 1567 729 quare
1602 627 1916 728 petierit,
1955 627 2009 700 si
2038 655 2184 701 non
2215 629 2662 730 deposuerat?
2689 638 2842 709 Ha-

750 757 913 829 bere
946 749 1318 854 pecuniam
1346 746 1604 845 potuit,
1638 745 2096 818 manifestum
2126 768 2259 820 est:
2293 769 2362 821 et
2390 750 2537 849 ipse
2568 752 2844 854 reliquit

747 868 1070 954 heredeS,
1105 883 1173 935 et
1203 861 1296 952 ia,
1331 859 1454 960 qui
1490 859 1805 961 ejusdem
1836 859 2103 933 ordinis
2128 863 2269 934 fuit
2297 890 2312 934 ε
2343 864 2598 938 multas
2631 867 2842 968 depo-

745 984 991 1059 nendae
1017 977 1330 1079 pecuniae
1358 974 1773 1048 intervenire
1798 975 2093 1080 rationes
2119 976 2302 1050 inter
2328 979 2590 1054 milites
2618 985 2843 1057 mani-

742 1103 1003 1174 festum
1031 1114 1172 1167 est:
1214 1091 1508 1190 longum
1546 1090 1675 1163 iter
1701 1090 1983 1180 incidit,
2017 1092 2411 1191 periculosa
2444 1096 2789 1195 expeditio
2821 1128 2837 1171 ε

742 1214 800 1286 si
849 1207 1265 1311 deponenda
1308 1206 1438 1294 sit,
1496 1205 1622 1279 ubi
1679 1205 2082 1279 credibilius
2129 1225 2230 1280 est
2274 1208 2568 1308 deponi,
2618 1240 2836 1309 quam

741 1329 930 1429 apud
960 1323 1329 1399 hominem
1360 1320 1677 1422 ejusdem
1702 1320 2004 1393 ordinis?
2032 1349 2200 1393 nam
2221 1345 2470 1424 praeter
2502 1324 2611 1417 id,
2644 1329 2835 1426 quod

738 1442 1013 1518 facilior
1058 1459 1373 1541 speratur
1415 1436 1590 1511 fides
1640 1465 1720 1510 ex
1762 1423 1952 1540 pari,
2005 1462 2108 1513 est
2146 1440 2472 1539 quaedam
2515 1443 2872 1544 ejusdem·

738 1558 1005 1630 ordinis
1034 1552 1435 1656 conjunctio
1464 1580 1481 1625 ε
1518 1579 1650 1626 nec
1676 1553 1866 1652 apud
1895 1553 2298 1628 inferiorem
2333 1556 2593 1655 deponi
2626 1559 2830 1651 solet,

739 1700 963 1775 quum
993 1671 1147 1744 ideo
1178 1670 1590 1769 deponatur,
1627 1689 1705 1741 ut
1730 1670 2144 1768 recipiatur:
2175 1672 2510 1745 credibile
2539 1696 2641 1748 est
2670 1701 2830 1776 ergo

736 1789 926 1889 apud
980 1785 1348 1858 hominem
1399 1784 1714 1886 ejusdem
1767 1785 2027 1858 ordinis
2080 1786 2494 1887 deposuisse.
2542 1794 2635 1863 At
2680 1791 2830 1866 sine

735 1924 905 1976 teste
943 1930 959 1973 τ
1011 1903 1099 1974 de
1146 1900 1478 1973 omnibus
1524 1898 1850 1999 depositis
1896 1898 2145 2000 loquar
2188 1930 2203 1973 :
2252 1902 2503 1976 misera
2549 1903 2829 1978 hercule

732 2016 1041 2092 conditio
1072 2014 1540 2106 mortalitatis,
1579 2013 1864 2114 quando
1898 2014 2230 2089 omnibus
2251 2015 2447 2117 jam,
2482 2044 2637 2117 quae
2675 2020 2829 2118 agi-

731 2159 928 2225 mus,
972 2130 1240 2205 videtur
1271 2157 1446 2229 opus
1484 2156 1625 2202 esse
1658 2150 1824 2203 teste
1856 2157 1873 2203 :
1916 2130 2014 2203 ita
2051 2158 2301 2230 parum
2333 2132 2502 2205 facit
2537 2134 2827 2226 veritas,

730 2248 828 2322 ita
866 2247 1150 2320 nullum
1193 2273 1457 2320 nomen
1501 2266 1598 2319 est
1642 2245 1807 2319 fidei
1840 2260 1859 2291 ¹
1895 2274 1911 2320 ε
1960 2274 2107 2320 non
2148 2245 2311 2321 saus
2350 2247 2571 2321 videri
2610 2269 2831 2350 potest

729 2362 1106 2461 probatum
1121 2419 1141 2452 ,
1172 2361 1363 2460 quod
1386 2360 1526 2434 duo
1550 2360 1813 2434 sciunt:
1833 2363 2227 2436 Veniamus
2249 2383 2488 2438 tamen
2503 2421 2524 2455 ,
2548 2386 2627 2437 ut
2648 2365 2826 2460 dixi,

730 2478 821 2552 ad
852 2477 1360 2578 probationem.
1397 2476 1678 2549 Occidit
1705 2501 1871 2550 eum
1890 2535 1910 2570 ,
1946 2505 1988 2550 a
2019 2506 2160 2577 quo
2194 2478 2494 2578 pecunia
2526 2481 2828 2577 negaba-

728 2612 841 2665 tur
877 2620 892 2664 :
943 2594 1200 2666 iterum
1245 2618 1519 2692 quaero,
1560 2619 1704 2692 qua
1744 2592 2048 2683 ratione,
2100 2620 2245 2692 qua
2284 2592 2532 2666 causa?
2574 2593 2820 2665 odium

725 2707 901 2797 fuit:
938 2705 1170 2779 unde?
1200 2732 1330 2805 ego
1361 2733 1571 2805 quare
1599 2705 1912 2780 occidere
1937 2706 2296 2798 debuerit,
2326 2707 2518 2780 dico:
2548 2706 2820 2780 inficia-

726 2821 968 2894 batur:
1005 2843 1082 2895 tu
1116 2842 1193 2893 ut
1217 2819 1400 2894 hanc
1433 2848 1719 2898 causam
1756 2822 2120 2896 occidendi
2159 2821 2516 2913 excludas,
2558 2822 2819 2895 substi-

727 2957 879 3009 tuas
904 2936 1117 3009 aliam
1152 2962 1429 3008 necesse
1462 2955 1587 3010 est.
1618 2937 1795 3010 Satis
1818 2937 2217 3035 argumenti
2246 2957 2422 3027 erat,
2450 2937 2508 3008 si
2536 2935 2821 3010 occidis-

727 3074 829 3128 set
866 3053 1085 3143 clam,
1129 3052 1189 3124 si
1234 3078 1317 3125 ex
1357 3052 1667 3144 insidiis,
1709 3052 1767 3124 si
1802 3073 2168 3152 tamquam
2204 3075 2604 3153 negaturum
2641 3053 2822 3142 Quoe

725 3194 930 3241 causa
964 3167 1330 3246 hominem
1361 3167 1438 3240 in
1466 3167 1688 3240 scelus
1716 3167 1897 3266 egit?
1928 3167 2104 3267 quid
2131 3168 2303 3258 fuit,
2334 3168 2525 3266 quod
2557 3187 2820 3240 tantam

728 3282 994 3354 rabiem
1023 3282 1423 3373 concitaret,
1459 3282 1594 3354 nisi
1628 3281 1843 3371 illud,
1878 3280 2068 3380 quod
2098 3280 2361 3354 sciebat
2396 3307 2471 3353 se
2509 3277 2821 3352 dedisse?

725 3424 948 3497 quum
986 3399 1279 3490 dicenti,
1311 3398 1521 3499 Apud
1558 3420 1623 3471 te
1657 3398 2033 3497 pecuniam
2064 3397 2402 3495 deposui,
2443 3395 2822 3495 responde-

723 3512 953 3603 batur,
987 3514 1165 3603 Quis
1205 3514 1392 3587 testis
1432 3513 1577 3587 est?
1610 3539 1764 3612 quae
1795 3511 2110 3612 probatio
2140 3511 2279 3585 est?
2314 3510 2559 3610 quanti
2595 3508 2818 3582 animi

725 3649 927 3703 aestus
959 3630 1383 3728 agebantur?
1419 3656 1563 3703 non
1597 3629 1791 3704 vobis
1817 3627 2248 3718 videbatu12,
2287 3653 2514 3727 quum
2547 3625 2817 3714 feriret,

801 3782 846 3816 1.
891 3765 1190 3819 credibilius
1224 3778 1297 3818 est
1331 3766 1539 3837 deponi.
1581 3765 1726 3820 Cred.
1812 3762 1991 3815 nullus
2022 3762 2281 3815 confundi
2308 3761 2532 3814 vidimus
2565 3758 2636 3812 ad
2662 3758 2814 3813 Decl.

682 3873 690 3886 =
721 3842 918 3915 deponi
929 3855 1123 3917 potest,
1145 3864 1330 3918 quam,
1353 3845 1733 3898 AErod.--No-
1810 3842 1904 3908 Vl,
1924 3842 2375 3916 12.Bunu.—qu
2388 3840 2691 3912 quamBip.
2707 3857 2817 3891 una

718 3937 841 3974 men
852 3935 924 3976 est
918 3921 1070 3995 fidei.
1082 3922 1574 3976 Franciusmalebat
1570 3921 1730 3996 fide53
1810 3920 1974 3976 habet
1993 3940 2130 3996 eryo.
2158 3923 2251 3973 En.

718 4013 780 4052 ut
810 4003 963 4056 Ovid.
993 4027 1017 4050 κ
1036 4024 1230 4057 nomeu
1258 4007 1414 4057 inane
1438 4005 1593 4068 fides;
1613 4029 1635 4053 n
1674 4019 1728 4059 et
1879 4023 1928 4056 2.
1955 4005 2102 4057 Num
2127 4004 2268 4056 vobis
2288 4002 2571 4055 videbatur.
2600 3999 2810 4065 Malim,

718 4080 840 4134 infr.
860 4083 1007 4135 Decl.
1029 4085 1279 4138 cccxx}
1293 4124 1309 4151 ,
1331 4099 1382 4137 et
1400 4087 1596 4158 passim
1616 4086 1728 4137 Ho-
1805 4085 2051 4136 videatur.
2083 4084 2247 4136 Gnou.
2280 4083 2533 4135 Francius
2567 4078 2774 4151 legebat
2789 4114 2807 4144 ‚

718 4160 880 4212 ratius
913 4174 967 4214 et
998 4162 1120 4215 alii:
1154 4162 1247 4216 sed
1286 4165 1426 4216 forte
1462 4167 1727 4236 scripserit
1803 4185 1929 4218 num
1950 4166 2088 4221 vobis
2106 4165 2323 4230 videtur,
2344 4182 2395 4238 q.
2411 4164 2464 4239 f.
2490 4162 2587 4216 illa
2600 4162 2803 4215 dul-sim.-

717 4239 919 4291 nudum
943 4259 1133 4294 nomen
1142 4240 1309 4315 siden
1332 4262 1457 4296 nam
1480 4244 1649 4297 nudus
1672 4256 1725 4296 et
1802 4245 1913 4299 ita?
1933 4265 2042 4298 non
2065 4245 2289 4318 deposui.
