3200 5117
566 563 570 567 -
649 523 1486 592 DECLAMATIONES.
1534 524 2064 594 CCLXXVIII.
2278 533 2395 614 145

322 646 585 750 possint
616 646 1009 719 tolerabilia
1044 674 1058 717 :
1094 646 1212 717 illo
1246 666 1589 744 tempore,
1635 673 1771 746 quo
1814 650 2172 750 pugnabat
2216 651 2400 725 filius

318 784 549 835 noster
569 760 970 857 (vindicabo
990 760 1175 832 enim
1200 759 1373 831 mihi
1400 786 1673 858 semper
1695 761 1824 833 hoc
1847 790 2104 864 nomen
2124 822 2144 856 ‚
2169 791 2400 865 neque

323 905 363 951 a
387 877 742 950 beneficiis
763 875 935 947 meis
960 875 1325 974 appellatio
1348 875 1473 947 ista
1493 874 1822 973 discedet)
1856 879 2077 973 qualis
2108 900 2400 978 uterque

324 1013 640 1064 nostrum
681 989 854 1062 fuit?
898 1017 1040 1062 non
1084 1017 1210 1089 ego
1256 989 1581 1062 sollicitus
1623 990 1709 1062 de
1752 993 1967 1063 muris
2017 1006 2034 1037 ¹
2060 995 2403 1093 pependi?

325 1134 467 1180 non
493 1099 625 1204 'ego
654 1131 896 1179 omnes
930 1105 1162 1205 excepi
1202 1105 1293 1177 ab
1320 1106 1465 1180 acie
1498 1106 1907 1179 redeuntes?
1934 1134 2076 1180 non
2111 1110 2401 1182 nuncios

324 1221 651 1293 sollicitus
679 1221 976 1319 captavi?
998 1241 1067 1292 at
1094 1240 1166 1291 tu
1195 1247 1474 1292 securus
1499 1247 1679 1310 eras,
1710 1242 2071 1320 tamquam
2106 1221 2179 1294 id
2214 1224 2403 1319 quod

323 1335 671 1424 volueras,
702 1360 921 1432 quum
958 1359 1365 1431 exponereS‚
1397 1333 1807 1431 contigisset.
1837 1336 1984 1431 Age
2003 1391 2022 1425 ‚
2053 1333 2405 1407 redeuntis

324 1450 611 1533 vulnera
645 1448 800 1546 quis
834 1446 1176 1545 religavit?
1197 1448 1610 1544 sanguinem
1640 1447 1795 1544 quis
1818 1447 2083 1520 abluit?
2111 1449 2201 1520 ad
2232 1468 2408 1519 tem-

329 1563 445 1663 pla
474 1564 625 1660 quis
649 1561 1073 1660 duxit?·quis
1098 1560 1473 1660 gratulatus
1503 1560 1644 1632 est?
1677 1561 2042 1634 Sciebasne
2065 1561 2219 1664 jam
2252 1583 2406 1634 tum

326 1703 473 1749 esse
504 1675 815 1748 officium
849 1674 1093 1747 tuum?
1125 1699 1215 1745 an
1245 1672 1588 1744 confiteris
1622 1673 1711 1744 ad
1743 1695 1807 1744 te
1839 1674 1984 1745 haec
2017 1702 2159 1746 non
2189 1675 2405 1774 perti-

329 1790 605 1864 nuisse?
637 1787 1026 1861 dissimules
1058 1786 1248 1873 licet,
1278 1806 1344 1856 et
1365 1785 1678 1857 videatur
1711 1785 1970 1885 alioqui
2006 1787 2136 1860 hoc
2168 1811 2406 1862 contra

328 1931 609 1977 causam
640 1927 908 1990 meam,
941 1899 1235 1989 sciebas,
1279 1918 1349 1970 et
1380 1897 1583 1971 illum
1618 1926 1760 1972 esse
1797 1902 1988 1999 apud
2022 1929 2136 1975 me
2170 1931 2408 2002 passus

329 2046 441 2091 es:
468 2020 617 2091 haec
641 2018 882 2089 decem
908 2013 1132 2086 millia
1160 2014 1490 2112 agnovisti
1519 2044 1534 2086 :
1565 2043 1708 2088 non
1743 2038 1807 2089 te
1838 2042 2204 2092 moverunt
2227 2022 2408 2096 tituli

326 2131 815 2221 adolescentiS‚
861 2157 1005 2203 non
1054 2130 1171 2202 illa
1212 2130 1429 2229 gloria
1471 2132 1557 2204 de
1591 2132 1841 2205 eximia
1871 2135 2155 2227 virtute,
2191 2165 2404 2235 quam

326 2275 460 2347 ego
490 2272 986 2346 praeceperam:
1027 2244 1155 2317 hac
1199 2245 1460 2318 fiducia
1500 2246 1832 2319 alimenta
1872 2248 2120 2322 solvisti
2153 2278 2167 2321 :
2208 2279 2406 2325 com-

326 2382 529 2463 putas
562 2386 836 2433 mecum
860 2417 879 2449 ,
920 2379 1001 2430 ut
1030 2358 1217 2431 solus
1239 2359 1573 2440 ,omniurn
1618 2360 2015 2433 mortalium
2053 2383 2120 2433 et
2150 2365 2409 2463 exposi-

330 2499 480 2551 tum
511 2475 844 2575 receperis
863 2532 883 2565 ,
918 2496 987 2547 et
1017 2474 1291 2547 lucrum
1318 2475 1585 2547 feceris,

333 2727 355 2744 0
372 2727 1825 2750 *mmmmm
1831 2728 2410 2750 mmmm

1077 2901 1661 2979 CCLXXIX.

952 3115 1158 3186 Dives
1187 3117 1464 3212 speciosi
1491 3112 1778 3184 adulter.

338 3303 712 3362 Anutnauu
759 3321 879 3363 Au‘r
919 3318 1252 3374 occmm,
1294 3318 1415 3359 Am·
1457 3316 1716 3358 Accae-n
1764 3313 2025 3356 vacuum
2074 3313 2407 3356 mma-rann

416 3417 608 3458 uem.
637 3399 811 3459 Dives
844 3418 1208 3482 pauperem,
1231 3395 1487 3479 speciosi
1512 3409 1778 3476 patrem,
1811 3393 1887 3453 de
1918 3406 2129 3475 stupro
2160 3391 2273 3452 filii
2304 3415 2407 3475 ap-

414 3494 694 3577 pellavit:
729 3495 828 3555 ille
859 3495 1082 3568 tacuit,
1122 3494 1346 3552 iterum
1381 3490 1611 3573 adjecta
1635 3490 1891 3573 pecunia
1914 3488 2272 3573 appellavit:
2307 3489 2409 3547 ille

412 3593 623 3652 tacuit.
653 3593 849 3652 Tertio
881 3590 1253 3675 appellatus,
1278 3608 1536 3649 uxorem
1572 3586 1705 3647 filio
1739 3585 1923 3645 dedit.
1965 3588 2122 3646 Puer
2154 3585 2408 3645 divitem

413 3710 553 3750 cum
584 3710 775 3750 uxore
805 3710 917 3750 sua
943 3686 1391 3771 deprehensum
1407 3730 1425 3761 ‚
1452 3698 1696 3766 accepta
1719 3683 1977 3764 pecunia
2004 3682 2269 3744 dimisit:
2300 3680 2408 3739 ab·

418 3783 653 3846 dicatur
673 3807 711 3846 a
736 3799 930 3868 patre.

1028 3932 1715 4002 DECLAMATIO.

432 4074 845 4176 Priusquam
873 4076 1078 4151 venio
1111 4074 1198 4148 ad
1231 4072 1755 4147 aestimationem
1790 4066 2125 4157 criminis,
2161 4086 2225 4139 et
2254 4090 2409 4165 pro-

414 4244 455 4279 ι.
485 4227 563 4281 De
595 4232 758 4285 muris
776 4223 781 4228 ⁰
789 4229 1035 4303 pependi.
1070 4227 1150 4280 De
1179 4228 1337 4280 armis
1362 4223 1613 4298 pependi,
1638 4241 1798 4296 marg.
1827 4218 2006 4272 AErod.

544 4318 594 4370 6.
2105 4323 2166 4358 ιο
