3200 5117
723 528 846 596 260
1222 523 1315 586 M.
1363 519 1617 585 FABII
1662 516 2303 611 QUIerlLlANl

715 648 1160 727 confitebitur,
1186 647 1240 712 si
1260 642 1422 735 quid
1445 641 1903 710 confitendum
1924 656 2043 708 est.
2065 642 2152 705 Et
2169 640 2429 731 quoties
2449 662 2645 707 causa
2663 640 2813 731 plus

707 754 876 850 juris
903 753 1137 834 habet,
1165 774 1364 841 quam
1395 747 1672 840 pudoris
1691 799 1708 831 ,
1737 747 1822 814 ad
1854 771 2010 814 eum
2041 743 2500 813 transferenda
2533 763 2667 826 est,
2699 750 2814 838 qui

721 884 859 940 non
891 859 1240 929 erubescit.

1407 983 2116 1078 DECLA'MATIO.

814 1166 1048 1235 Reum
1089 1160 1337 1261 capitis
1387 1161 1717 1234 arcessitis
1767 1160 1843 1233 in
1886 1187 1970 1234 ea
2014 1158 2281 1233 civitate
2308 1213 2328 1249 ‚
2380 1157 2456 1229 in
2497 1183 2639 1256 qua
2681 1157 2814 1229 hoc

722 1306 925 1380 grave
959 1299 1028 1351 et
1058 1277 1438 1378 indignum
1469 1277 1747 1350 videtur
1776 1302 1792 1347 ε
1830 1297 1900 1348 et
1941 1302 2141 1348 reum
2178 1274 2415 1374 capitis
2449 1273 2814 1362 arcessitiS,

721 1393 844 1493 qui
881 1393 1013 1492 ipsi
1049 1391 1562 1466 intolerabilem
1592 1391 1774 1463 hanc
1806 1390 2286 1463 crudelitatem
2310 1388 2584 1461 vocatis.
2621 1389 2838 1472 Con-‚

721 1507 1042 1581 veniebat
1086 1507 1168 1580 iis
1193 1521 1242 1598 ¹,
1290 1508 1415 1606 qui
1456 1506 1921 1579 temeritatem
1963 1504 2418 1578 accusationis
2452 1504 2813 1591 incusant,

726 1621 908 1695 nihil
964 1621 1096 1693 nisi
1146 1642 1410 1694 certum
1465 1621 2034 1719 exploratumque
2086 1620 2347 1693 deferre
2390 1647 2405 1690 :
2461 1645 2621 1716 ergo
2665 1617 2814 1716 lege

721 1735 953 1809 'occidi
994 1735 1205 1808 vultis
1250 1736 1442 1807 hunc
1484 1735 1714 1807 statim
1738 1791 1756 1824 ,
1809 1734 1932 1833 qui
1979 1760 2179 1805 reum
2227 1733 2426 1806 caedis
2471 1732 2812 1804 detulerit.

728 1851 1086 1923 Hactenus
1118 1875 1413 1950 agnosco
1439 1877 1453 1920 ε
1483 1849 1732 1922 detulit
1755 1849 1947 1921 enim
1966 1906 1985 1940 ,
2013 1875 2227 1947 quem
2257 1847 2561 1921 defendo
2579 1904 2597 1938 ,
2626 1846 2820 1918 dam-

731 1965 1101 2064 navitque:
1130 1964 1262 2036 hoc
1282 1965 1437 2066 jam
1460 1963 1553 2035 ad
1579 1990 1703 2036 nos
1732 1964 2067 2062 pertinet:
2099 1964 2218 2035 hic
2241 1963 2434 2036 enim
2456 1961 2824 2035 indemna-

730 2102 843 2153 tus
872 2101 994 2152 est.
1036 2080 1362 2180 Sequitur
1401 2107 1600 2179 ergo,
1649 2100 1727 2151 ut
1758 2080 1975 2152 aliam
2007 2079 2235 2178 legem
2267 2079 2638 2151 afferamus
2657 2132 2676 2167 ,
2707 2096 2826 2149 aut

730 2197 915 2268 hanc
946 2217 1209 2285 muteS‚
1258 2215 1378 2268 aut
1419 2195 1555 2268 hoc
1598 2194 1851 2268 audeas
1897 2195 2160 2286 dicere,
2199 2195 2317 2295 jus
2362 2193 2649 2294 aliquod
2700 2192 2823 2264 tibi

736 2337 880 2385 esse
928 2310 1404 2383 constitutum.
1457 2309 1571 2381 Ad
1627 2310 2264 2410 interpretationem
2305 2334 2434 2381 nos
2478 2334 2716 2399 vocaS,
2762 2326 2830 2380 et

736 2452 819 2499 ex
867 2425 998 2498 hac
1041 2425 1230 2525 lege,
1274 2451 1415 2525 qua
1464 2423 1728 2522 litigas,
1785 2424 1998 2495 aliam
2045 2424 2460 2496 constituere
2509 2420 2775 2493 conaris
2810 2449 2824 2490 :

737 2568 884 2614 non
917 2541 1045 2613 ista
1085 2567 1190 2612 res
1221 2539 1586 2641 judicum,
1623 2565 1771 2611 non
1803 2537 2096 2630 horum,
2143 2538 2263 2635 qui
2307 2539 2396 2610 ad
2429 2557 2602 2608 certa
2620 2537 2823 2637 jura,

738 2676 809 2730 et
845 2653 1134 2754 quidem
1159 2653 1416 2753 jurati,
1459 2652 2016 2725 consederunt²z
2062 2651 2334 2724 deflecti
2362 2652 2524 2753 jura
2563 2677 2651 2722 ne
2697 2676 2827 2748 pro

816 2824 862 2858 1.
900 2805 1244 2859 Conveniebat
1281 2805 1357 2860 iis.
1401 2807 1747 2860 Conveniebat
1824 2825 1936 2860 non
1966 2799 2374 2879 pronunciatum
2405 2816 2483 2857 est
2510 2799 2702 2872 injuste
2735 2799 2830 2854 de-

740 2905 824 2940 eos
859 2905 911 2959 q.
950 2884 1130 2937 AErod.
1160 2914 1234 2925 -—·
1274 2885 1378 2955 Qui
1418 2904 1562 2937 reum
1599 2886 1749 2937 caedis
1828 2886 2026 2938 tulisse.
2049 2885 2145 2938 Vel
2176 2887 2364 2951 etiam,
2391 2881 2491 2935 Hic
2519 2879 2666 2934 enim
2682 2878 2831 2933 dam-

738 2967 1002 3020 detulerit.
1033 2966 1299 3019 Hactenus
1330 2984 1566 3039 agnosco.
1596 2969 1750 3018 AEro-

740 3044 861 3098 dius
877 3068 889 3096 ι
907 3043 1151 3097 detulerit
1164 3045 1602 3117 damnaveritque.
1616 3046 1754 3096 Hac-

743 3140 891 3181 tenus
923 3127 1087 3201 leyem
1118 3145 1353 3200 aquosco.
1389 3126 1487 3178 Cui
1520 3126 1754 3178 subscri-

744 3202 871 3256 bere
908 3223 1017 3256 non
1054 3222 1289 3275 possum.
1325 3203 1577 3256 Nondum
1614 3204 1752 3255 enim

749 3280 986 3336 additum
1024 3281 1193 3334 voluit
1233 3281 1556 3335 declamator
1602 3282 1752 3333 dam-

749 3377 931 3424 nasse,
961 3373 1013 3410 et
1043 3359 1110 3411 de
1142 3360 1256 3431 lege
1291 3361 1486 3412 sufficit
1513 3359 1748 3430 intelligi.

747 3439 1038 3508 Hactenus,
1054 3443 1251 3514 inquit,
1265 3461 1483 3517 agnosco
1494 3482 1512 3509 ,
1528 3441 1751 3507 scilicet,

749 3518 899 3591 quod
921 3532 999 3572 est
1026 3522 1079 3572 in
1104 3519 1217 3591 lege
1234 3559 1250 3587 ,
1279 3520 1532 3593 quodque
1566 3520 1634 3572 de
1661 3538 1752 3572 reo

747 3598 960 3651 dicitur.
972 3601 1259 3670 Hucusque
1270 3618 1555 3670 agnoscere
1570 3618 1751 3670 cogor.

748 3678 855 3732 Sed
886 3692 965 3732 est
988 3680 1283 3749 proximum
1320 3679 1489 3745 aliud,
1524 3699 1630 3751 quo
1664 3698 1756 3731 ea-

749 3757 873 3812 dem
900 3757 1015 3829 lege
1047 3772 1265 3828 apparet
1295 3777 1395 3810 nos
1429 3778 1536 3810 non
1569 3760 1753 3811 teneri.

748 3836 954 3891 Detulit
976 3839 1116 3889 enim
1126 3876 1147 3904 ,
1170 3854 1320 3909 quem
1345 3837 1592 3908 defendo,
1615 3837 1759 3889 dam-

748 3917 1033 3989 navitque:
1062 3914 1290 3988 bocjam
1313 3918 1385 3968 ad
1410 3935 1501 3968 nos
1527 3915 1617 3985 (id
1644 3928 1755 3983 est,

746 3992 850 4047 hac
872 3995 1060 4066 parte)
1087 4011 1193 4046 non
1221 3997 1461 4068 pertinet.
1500 3995 1583 4048 Sic
1614 4008 1756 4046 recte

754 4072 1016 4126 AErodius.
1041 4075 1176 4126 Hinc
1201 4088 1427 4146 apparet
1447 4087 1613 4127 totam
1641 4093 1757 4128 eam

750 4147 923 4220 legem
944 4152 1099 4206 nobis
1122 4155 1292 4223 aptari
1315 4173 1423 4205 non
1447 4171 1634 4225 posse,
1654 4154 1758 4205 Hic

751 4227 893 4277 enim
917 4228 1244 4283 indemnatus
1265 4243 1338 4284 est
1353 4254 1369 4282 .-
1393 4230 1449 4282 id
1472 4244 1582 4297 est,
1612 4230 1759 4283 hunc

1829 2975 1980 3017 natus
1996 2976 2094 3033 est,
2117 2983 2310 3037 nempe
2331 2982 2488 3036 quem
2508 2959 2713 3014 detulit.
2732 2964 2836 3013 lta-

1833 3062 1934 3116 que
1958 3046 2138 3110 miror‚
2161 3042 2290 3114 quid
2311 3045 2368 3094 in
2389 3053 2619 3094 mentem
2635 3040 2837 3092 venerit

1829 3121 2046 3176 AErodio
2062 3161 2079 3189 ‚
2109 3141 2274 3195 quum
2299 3124 2529 3176 faceret:
2565 3120 2672 3172 Hic
2697 3121 2835 3172 enim

1831 3205 2163 3257 indemnatus
2181 3214 2281 3267 est,
2302 3204 2430 3278 quia
2447 3214 2711 3254 accusatus
2733 3218 2836 3253 non

1830 3295 1918 3337 est.
1945 3285 2112 3335 Gnos.
2139 3314 2210 3322 —
2236 3283 2639 3355 Damnavitque.
2672 3282 2834 3333 Dam-

1834 3361 1980 3414 navit
2013 3380 2222 3434 quoque
2238 3382 2252 3410 .·
2286 3361 2371 3413 hic
2384 3363 2504 3433 jam
2528 3361 2599 3412 ad
2620 3379 2712 3413 nos
2733 3376 2836 3412 non

1829 3440 2071 3514 pertinet.
2102 3441 2321 3493 Senum.
2348 3438 2766 3511 Damnavitque,
2795 3437 2835 3489 ςί

1835 3519 2168 3571 intervenerit
2183 3519 2223 3572 is
2240 3518 2336 3592 qui
2354 3511 2543 3571 occisus
2560 3516 2834 3582 dicebatur,

1837 3597 1934 3648 hoc
1945 3599 2067 3669 jam
2092 3618 2141 3649 a.
2174 3618 2228 3649 n.
2254 3617 2361 3650 non
2384 3617 2440 3669 p.
2467 3594 2647 3648 AErod.
2671 3621 2743 3634 -—-
2770 3593 2838 3646 Ut

1834 3674 1999 3730 aliam
2018 3677 2182 3753 legem
2196 3699 2228 3730 a
2220 3677 2500 3750 ffemmus.
2523 3677 2688 3727 Immo
2702 3674 2842 3747 affe-

1837 3774 1932 3809 ras.
1953 3787 2024 3795 —
2045 3759 2170 3809 Non
2199 3755 2310 3815 ista.
2339 3754 2611 3805 luten-serit
2634 3764 2706 3806 est
2728 3753 2837 3823 Rip.

1910 3852 1958 3885 a.
1981 3834 2069 3886 Ad
2088 3844 2223 3889 certa
2240 3835 2362 3904 jura
2375 3833 2736 3910 ,consedet-ant.
2759 3830 2839 3883 sie

1843 3913 2121 3985 «judicare
2146 3912 2215 3964 ad
2237 3912 2380 3982 leges
2403 3934 2425 3958 n
2455 3910 2585 3962 dixit
2604 3909 2837 3963 Declam.

1835 3995 2108 4060 CCCVssI,
2130 3993 2224 4044 ubi
2244 3992 2379 4046 vide.
2407 4021 2476 4031 -
2499 3993 2684 4065 Neque
2699 3991 2842 4042 enim

1833 4093 2057 4147 possum.
2080 4075 2285 4145 Nempe
2306 4072 2435 4124 illud
2457 4084 2564 4139 est,
2583 4069 2730 4142 'quod
2746 4071 2844 4121 Ju-
2873 4059 2896 4072 “

1835 4152 2007 4206 lianus
2022 4154 2113 4219 ait,
2135 4175 2157 4199 κ
2172 4153 2296 4203 Non·
2311 4152 2548 4203 omnium
2565 4168 2676 4220 quae
2689 4166 2718 4199 a
2733 4166 2845 4199 ma-

1832 4232 2039 4301 joribus
2066 4233 2355 4284 constituta
2383 4242 2535 4296 sunt,
2556 4240 2655 4282 etc.
2676 4250 2700 4275 ι
2736 4227 2845 4280 De-
