3200 5117
2166 0 2448 33 W*

788 558 1476 624 DECLAMATION
1492 558 1616 623 ES.
1664 559 1967 628 CCCXI.
2295 561 2421 627 253

344 681 534 772 dico,
575 679 718 753 duo
759 682 1082 780 cubicula
1121 681 1415 772 irruisti,
1464 681 1738 754 duobus
1784 684 2046 757 maritis
2088 683 2423 785 injuriam

343 797 599 886 fecisti,
635 796 805 869 duas
829 798 1131 871 familias
1161 799 1422 871 incerta
1453 798 1661 898 stirpe
1694 800 2064 872 confudisti
2094 828 2108 870 ε
2150 800 2316 874 huic
2347 822 2422 873 tu

344 912 516 1011 quid
539 913 826 1015 objicis?
848 914 1248 1013 indignatus
1271 941 1342 988 es
1360 973 1380 1005 ,
1412 915 1600 1014 quod
1635 915 2009 987 damnatus
2032 942 2247 989 esses:
2274 944 2425 990 sen·

346 1026 572 1098 tentiae
610 1025 938 1128 judicum
982 1028 1374 1127 repugnasti
1415 1055 1430 1099 2
1476 1027 1887 1127 persuadere
1927 1028 2056 1100 tibi
2097 1030 2237 1128 ipse
2281 1057 2425 1103 non

349 1142 627 1239 potuisti
665 1170 808 1215 esse
837 1164 901 1216 te
928 1144 1398 1217 innocentem.
1426 1143 1837 1241 Egregiam,
1867 1143 2203 1215 Hercules
2221 1202 2239 1234 ‚
2278 1137 2428 1243 gra-

344 1254 521 1328 tiam
541 1257 698 1329 viris
727 1258 1113 1330 fortissimis
1147 1258 1505 1330 reddimus
1528 1283 1543 1326 2
1566 1256 1697 1328 hic
1727 1256 1782 1327 si
1815 1257 2255 1354 magistratus
2289 1283 2429 1329 esse

348 1370 703 1460 voluisset,
744 1371 1038 1445 honores
1075 1371 1389 1470 gessisset
1429 1397 1443 1440 ε
1489 1371 1547 1440 si
1586 1370 1900 1442 sacerdos
1939 1397 2119 1459 esse,
2156 1372 2432 1471 templis

349 1485 758 1584 praefuisset:
783 1484 915 1557 hoc
945 1485 1083 1584 egit
1104 1483 1389 1582 proemio
1415 1509 1564 1573 suo,
1597 1502 1675 1554 ut
1696 1482 2202 1581 ignominiosus
2225 1506 2429 1558 esset:

351 1599 631 1673 detrahe
663 1600 800 1690 illi,
836 1601 1025 1700 quod
1056 1600 1322 1672 fortiter
1350 1598 1549 1688 fecit3
1592 1597 1870 1671 detrahe
1914 1601 2102 1698 quod
2141 1601 2399 1700 optavit
2411 1632 2431 1691 3

352 1742 496 1787 non
530 1736 630 1787 est
655 1715 1037 1814 ignominia
1064 1742 1080 1787 :
1118 1713 1439 1787 nondum
1473 1713 1792 1787 atrocitas
1825 1735 2005 1787 erat:
2043 1716 2430 1814 qualecun-

355 1856 490 1928 que
519 1829 823 1919 crimen,
860 1827 1103 1900 donari
1138 1827 1436 1918 meritis,
1474 1828 1719 1899 donari
1747 1827 1978 1900 virtuti
2011 1851 2249 1929 potest.

362 2105 449 2126 m
457 2104 1129 2126 mmm
1133 2103 1515 2126 mmm
1520 2104 2389 2135 “mmmmm
2394 2106 2432 2126 A

1190 2302 1603 2380 CCCXI.

987 2531 1314 2605 Addictus
1347 2538 1814 2606 manumissus,

365 2743 662 2802 Anmcrus
682 2785 700 2817 ,
740 2760 936 2801 nom-,c
976 2758 1287 2800 pneumam
1329 2758 1653 2816 servem-r,
1695 2757 1967 2800 mvn-r.
2011 2738 2135 2816 Qui
2174 2736 2444 2800 habebat

442 2839 609 2900 domi
635 2838 984 2913 addictum,
1006 2851 1370 2899 testamento
1395 2860 1610 2900 omnes
1639 2859 1843 2900 servos
1870 2840 2266 2898 manumisit:
2293 2839 2445 2920 petit

444 2935 748 3013 addictus,
771 2947 842 2995 ut
862 2933 1019 2996 liber
1044 2936 1137 2995 sit.

1050 3116 1750 3186 DECLAMATIO.

468 3280 925 3381 Intelliginius
972 3279 1149 3353 nihil
1198 3278 1397 3351 nobis
1442 3277 1515 3349 in
1552 3275 1679 3347 hac
1721 3301 1929 3347 causa
1972 3275 2444 3348 verecundum

370 3395 590 3496 magis
613 3453 632 3486 ,
667 3425 879 3496 quam
914 3421 1368 3469 communem
1402 3391 1784 3491 quemdam
1819 3390 2178 3478 omnium,
2214 3392 2332 3490 qui
2373 3392 2446 3462 in

369 3511 754 3586 libertatem
808 3534 1158 3603 asserunt,
1211 3512 1573 3583 favorem:
1634 3526 1874 3578 contra
1922 3533 2129 3605 quem
2183 3533 2324 3579 non
2377 3503 2450 3576 id

371 3627 642 3724 modo-a·
664 3627 866 3698 nobis
896 3626 1347 3724 intelligimus
1376 3648 1520 3695 esse
1554 3618 1931 3692 dicendum
1953 3674 1971 3705 ‚
2004 3640 2082 3690 ut
2110 3619 2450 3719 praecipue

376 3797 476 3836 tuae
521 3785 844 3840 damnationi
868 3809 881 3839 ε
925 3786 1227 3858 indignatus
1278 3805 1333 3839 es
1354 3822 1371 3851 ,
1452 3785 1544 3836 En.
1562 3810 1630 3820 ——
1649 3780 1884 3834 Gratiam
1905 3780 2172 3832 reddimus.
2199 3776 2453 3829 Francius

376 3861 523 3934 quod
544 3861 823 3918 damnatus
847 3884 1012 3930 esses,
1036 3866 1228 3935 injuste
1254 3866 1373 3935 qui-
1452 3862 1659 3933 legebat
1691 3863 1909 3914 redditis.
1941 3889 2009 3901 —-
2034 3859 2279 3913 Nondum
2312 3866 2454 3909 atro-

375 3944 525 3996 dem:
549 3949 816 3998 sententiae
828 3945 1069 4018 judicum
1089 3963 1375 4016 repugnas-
1453 3944 1579 3995 citas
1600 3951 1725 3994 erat.
1753 3942 1878 3993 Non
1901 3937 2251 3992 damnationis
2275 3937 2456 3990 atroci-

374 4024 442 4088 ti,
461 4024 655 4093 injuste
675 4026 855 4087 etiarm
879 4044 999 4076 nam
1020 4024 1115 4076 tibi
1131 4043 1237 4076 non
1253 4042 1376 4095 per-
1455 4035 1531 4075 tas
1548 4023 1662 4074 en’t.
1683 4022 1802 4072 Haec
1819 4018 2028 4073 sublata
2047 4036 2143 4088 per
2162 4017 2452 4088 optionem.

376 4101 602 4155 suadere
625 4107 846 4175 potuisti
873 4119 952 4170 te,
976 4123 1090 4157 esse
1120 4107 1376 4156 innocen-
1456 4103 1567 4166 An,
1582 4099 1813 4152 nondum
1827 4096 2070 4150 atrocitas
2087 4094 2195 4147 hoec
2207 4096 2317 4148 en't.
2335 4095 2450 4148 Seu.

376 4194 499 4232 tem.
521 4183 777 4236 Caeterurn
798 4182 961 4234 multa
980 4185 1035 4234 in
1056 4182 1136 4234 his
1152 4181 1376 4234 obscura
1455 4181 1581 4233 Non
1605 4190 1752 4232 tanta
1773 4179 2014 4232 atrocitas
2032 4179 2104 4229 rei
2121 4188 2256 4244 erat,
2276 4177 2450 4231 AErod.

378 4272 430 4312 ct
450 4258 735 4334 depravata
756 4263 838 4312 vix
860 4259 1117 4315 medelam
1141 4262 1372 4332 capiunt.
1454 4262 1706 4315 Nondum
1728 4260 1971 4315 atrocitas
1991 4278 2065 4315 res
2084 4271 2219 4327 crat,
2245 4279 2409 4332 marg.
