3200 5117
788 553 1628 621 DECLAMATIONES.
1676 555 2122 621 CCCXXXI.

862 798 877 819 ·
982 759 1307 850 PARS
1371 759 1923 849 ALTERA.

1104 959 1805 1026 DECLAMA‘mo,
1899 1063 1905 1070 .

2372 560 2497 642 347

509 1124 650 1194 Lex
685 1100 884 1212 euin,
922 1120 1045 1220 qui
1078 1119 1320 1219 capitis
1352 1119 1727 1209 accusarit,
1767 1145 1998 1216 neque
2036 1121 2499 1212 damnaverit,

415 1237 635 1336 capite
675 1237 908 1335 puniri
945 1235 1166 1337 jubet.
1209 1235 1471 1336 Capitis
1503 1235 1773 1338 judicia
1806 1257 1989 1308 certa
2030 1258 2230 1329 sunt,
2265 1259 2331 1310 et
2359 1239 2500 1311 vim

411 1379 611 1426 suam
643 1353 945 1427 habent:
985 1380 1260 1453 semper
1297 1353 1540 1451 capitis
1567 1352 1840 1454 judicia
1878 1373 2045 1424 sunt
2082 1353 2190 1425 his
2232 1353 2502 1452 legibus

413 1469 819 1560 constituta,
850 1468 1107 1569 quibus
1143 1495 1357 1541 nemo
1385 1489 1609 1568 potest
1634 1468 1954 1541 damnari
1991 1468 2365 1569 plusquam
2397 1496 2505 1542 se-

412 1583 550 1656 mel
581 1611 597 1656 ι
634 1584 899 1658 habent
929 1610 1128 1656 suam
1170 1584 1514 1672 formam,
1547 1610 1760 1655 suum
1784 1582 2137 1684 judicium
2160 1598 2206 1674 ¹,
2245 1612 2503 1657 nume-

415 1724 573 1769 rum
613 1726 862 1788 suum,
899 1699 1335 1796 quaesitorem
1367 1726 1617 1790 suum,
1658 1720 2160 1799 sua¹tempora,
2199 1727 2326 1773 sua
2366 1728 2501 1776 no-

415 1812 636 1886 mina.
653 1814 1021 1913 Responde
1041 1815 1251 1914 igitur
1270 1815 1444 1888 mihi
1468 1837 1577 1903 tu,
1597 1816 1722 1916 qui
1746 1837 2145 1889 accusatum
2171 1836 2234 1888 te
2259 1817 2501 1917 capitis

415 1954 559 2000 esse
595 1930 1008 2022 contendis,
1030 1957 1172 2029 qua
1206 1931 1357 2031 lege
1392 1930 1605 2004 fueris
1642 1959 1797 2005 reus
1827 1959 1842 2004 :
1873 1929 2331 2031 injuriarum?
2364 1931 2501 2006 Hic

405 2042 560 2144 jam
599 2044 782 2145 ipsos
824 2046 1247 2146 interrogare
1275 2046 1547 2147 judices
1584 2074 1906 2146 possum,
1950 2074 2041 2120 un
2082 2045 2498 2148 injuriarum

416 2157 592 2232 actio
633 2159 937 2260 capitalis
977 2160 1103 2234 sit:
1150 2162 1269 2234 sed
1313 2161 1487 2260 quid
1529 2162 1790 2252 habeo,
1832 2188 2042 2262 quare
2080 2161 2502 2260 interrogem

408 2271 724 2372 judices?
756 2301 834 2348 ex
864 2275 1105 2375 teipso
1129 2302 1394 2376 quaero,
1424 2275 1841 2377 injuriarum
1867 2276 2240 2350 damnatus
2263 2298 2498 2350 utrum

418 2390 802 2463 occidatur?
839 2419 980 2464 non
1020 2393 1291 2492 opinor,
1327 2392 1476 2494 ejus
1511 2413 1576 2466 te
1611 2394 1932 2466 futurum
1973 2394 2498 2493 ²impudentiae,

417 2527 495 2579 ut
516 2505 648 2578 hoc
677 2509 1090 2582 contendas:
1129 2508 1388 2610 alioqui
1419 2508 1697 2598 dicam,
1732 2508 2112 2581 damnatus
2150 2535 2219 2580 es
2252 2510 2501 2599 semel,

415 2621 786 2695 damnatus
830 2650 900 2696 es
943 2624 1236 2698 iterum:
1283 2651 1425 2698 non
1470 2652 1614 2698 esse
1657 2625 1789 2699 hoc
1831 2625 2074 2725 capitis
2106 2623 2498 2727 judicium,

493 2849 534 2882 ι.
564 2832 772 2885 Habent
801 2852 947 2886 suam
970 2834 1239 2907 formam,
1267 2854 1415 2889 suum

410 2907 678 2977 iudicium.
701 2913 824 2964 Haec
847 2914 1027 2966 omnia
1047 2914 1157 2967 fere
1180 2933 1290 2970 uno
1308 2933 1419 2967 ver-

417 2985 489 3036 bo
511 2987 730 3055 Quintil.
752 2989 879 3042 alibi
897 2991 1204 3065 complexus
1223 3006 1302 3046 est
1321 2993 1413 3045 lib.

416 3065 519 3132 m,
560 3083 677 3139 cap.
716 3085 808 3134 to,
847 3068 892 3141 S.
939 3087 956 3121 1
983 3092 995 3122 z
1045 3093 1067 3117 οι
1086 3071 1148 3124 Iu
1188 3071 1416 3143 publicis

423 3143 669 3214 «judiciis
684 3183 701 3211 ,
744 3150 947 3219 inquit,
984 3163 1179 3219 praetor
1215 3147 1414 3222 (quem

421 3245 446 3271 ι
466 3225 795 3295 quesitorem
830 3225 919 3278 hic
959 3227 1227 3300 appellat)
1268 3241 1415 3288 certa

420 3326 443 3350 α
463 3302 576 3374 lege
599 3307 833 3357 sortitur.
853 3329 875 3352 ι
901 3305 1179 3360 Habebunt
1200 3309 1361 3378 igitur
1384 3328 1414 3360 a

414 3383 528 3455 lege
552 3384 798 3458 capitalia
818 3385 1052 3458 judicia,
1080 3405 1176 3441 sua
1199 3390 1416 3460 propria

413 3465 629 3518 nomina
645 3502 663 3531 ,
710 3484 827 3537 quae
870 3467 1052 3520 Macer
1095 3480 1374 3520 enumerat
1398 3489 1411 3518 ε

415 3561 569 3597 suum
604 3548 934 3618 qumsitorem
949 3585 967 3615 ‚
1006 3546 1307 3619 parricidii,
1347 3546 1415 3601 de

414 3625 745 3695 repetundis,
765 3630 901 3682 intet-
921 3631 1168 3697 sicarios,
1197 3644 1298 3685 etc.
1324 3632 1415 3704 qui

415 3720 599 3757 omnes
621 3718 872 3776 pretores
896 3722 1071 3762 erent:
1097 3708 1190 3762 sed
1213 3729 1310 3782 per
1330 3728 1417 3761 ex-

415 3780 712 3837 cellentium
729 3800 926 3857 pretor
941 3787 1203 3854 urbanus,
1222 3801 1417 3858 pretor

414 3859 736 3931 appellaturi
752 3862 834 3931 hi,
849 3877 1132 3937 quaestores
1148 3866 1256 3920 sive
1277 3885 1416 3937 qum-

413 3940 617 3992 sitores.
639 3940 921 3996 Habebunt
944 3957 998 3996 et
1014 3943 1259 4015 capitulio
1272 3943 1416 4016 judi·

412 4020 493 4072 eia
517 4038 796 4075 numerum
815 4042 971 4077 suum
984 4022 1228 4096 judicum
1246 4040 1414 4091 tun,

413 4116 638 4171 quorum
671 4105 879 4156 sortitio
913 4116 965 4156 et
997 4105 1212 4174 rejectio
1247 4104 1412 4157 fieret.

413 4176 515 4231 Sua
539 4193 811 4253 tempora:
840 4200 959 4235 nam
984 4199 1052 4234 xx
1073 4182 1186 4235 dies
1212 4182 1415 4238 duban-

414 4267 499 4309 τοι·
514 4262 836 4327 accusatori,
852 4280 945 4314 reo
962 4260 1198 4315 totidem.
1216 4264 1411 4318 Ascon.

1495 2836 1551 2885 in
1573 2837 1808 2886 Verrem.
1843 2834 1945 2888 Sed
1976 2835 2167 2906 saepius
2195 2834 2250 2885 in
2276 2832 2382 2884 hoc
2414 2850 2502 2884 vu-

1497 2916 1689 2968 riatum
1715 2929 1824 2981 est,
1848 2928 1907 2967 ut
1936 2917 1991 2966 in
2019 2916 2189 2966 forma
2218 2925 2271 2965 et
2297 2911 2498 2965 ordine.

1495 2996 1649 3045 Nova
1663 2993 1780 3065 lege
1796 2996 1994 3046 factum
2010 3008 2089 3047 est
2100 3032 2118 3060 ,
2132 2993 2302 3065 inquit
2315 2992 2500 3045 Cicero

1497 3074 1563 3126 de
1585 3075 1833 3141 Finibus,
1858 3090 1915 3128 ut
1941 3074 2131 3129 eodem
2154 3074 2240 3127 die
2263 3093 2385 3126 reus
2410 3093 2500 3127 ac-

1494 3156 1726 3206 cusatori
1748 3154 2123 3227 responderet:
2152 3172 2267 3225 quae
2291 3153 2375 3205 lex
2402 3154 2500 3206 fuit

1494 3233 1731 3303 Pompeii
1751 3234 1962 3304 Magni:
1989 3234 2091 3287 bac
2113 3232 2231 3285 duoe
2252 3232 2395 3285 hom
2419 3252 2500 3286 uc-

1494 3313 1753 3377 cusatori,
1774 3325 1877 3365 tres
1894 3330 1986 3364 reo
2006 3310 2284 3364 dabantur.
2310 3313 2497 3365 Forma

1494 3405 1675 3445 autem
1689 3390 2012 3463 judiciorum
2032 3390 2366 3462 publicorum
2384 3405 2497 3445 erat

1494 3471 1550 3521 iu
1572 3470 1938 3522 soi-titionibus
1953 3507 1971 3534 .‚
1996 3468 2463 3523 subnot-titionibus
2478 3507 2495 3536 ‚

1493 3551 1895 3624 rejectiouibus,
1916 3550 2368 3623 obsignationibus
2379 3589 2397 3617 ,
2418 3553 2497 3604 iu-

1492 3630 1936 3700 ter-rogationibus
1959 3667 1977 3696 ‚
2030 3629 2460 3703 ampliationibus
2480 3665 2497 3694 ,

1493 3709 2142 3782 conperendinationibus
2152 3749 2170 3778 ,
2182 3711 2372 3783 'primis
2385 3749 2401 3770 ,
2422 3728 2500 3762 se-

1494 3788 1683 3843 cundis
1707 3826 1725 3854 .,
1778 3788 2127 3862 pluribusque
2186 3787 2497 3841 actionibus.

1494 3870 1760 3921 AEuomus.

1565 3966 1615 4001 2.
1638 3950 1763 4003 Non
1782 3961 1842 4002 ut
1861 3947 2049 4021 opinor
2062 3950 2173 4021 ejus
2190 3947 2498 4019 tefuturum

1495 4027 1848 4098 impudentioe.
1894 4024 2023 4079 Delo
2068 4023 2383 4097 particulam
2422 4034 2497 4077 ut.

1493 4107 1659 4160 Giton.
1678 4110 1754 4160 Ita
1772 4121 1827 4160 et
1837 4106 2095 4162 Obrecht.
2111 4105 2207 4161 sed
2220 4104 2299 4160 CI.
2316 4104 2499 4159 Schul-

1495 4187 1717 4257 tingius‚
1742 4206 1848 4241 non
1873 4200 1948 4256 tu,
1969 4207 2075 4260 op.,
2099 4189 2208 4260 ejus
2229 4185 2500 4257 &ficturus

1496 4264 1623 4336 imp.
1643 4266 1895 4322 Delemus
1916 4276 1977 4318 ut
1993 4284 2115 4319 cum
2136 4268 2247 4338 Bip.
2270 4264 2361 4316 Eu.
