3200 5117
794 564 875 629 32
1298 563 1389 629 M.
1440 564 1688 627 FABII
1735 563 2375 646 QUINTILIANI

794 811 1754 834 mmmssmmmmmmm
1762 811 2721 835 mmmmmmmmmw
2729 814 2884 836 mss‘!

1292 1224 1639 1294 Parasitus
1671 1237 1908 1321 raptor
1931 1225 2311 1297 candidatae
2331 1239 2375 1294 ¹.

795 1402 1098 1460 luscnum
1122 1414 1438 1456 mnemon
1464 1414 1556 1454 srr
1585 1414 1780 1455 Acrlo.
1812 1395 2060 1457 Rumon
2083 1398 2139 1456 X
2163 1416 2377 1457 mum
2392 1408 2415 1432 ²
2439 1417 2684 1459 sonu-r.
2718 1401 2881 1459 Pau-

871 1497 1034 1578 peris
1055 1508 1113 1554 et
1135 1493 1345 1553 divitis
1365 1491 1497 1552 filia
1518 1492 1929 1553 sacerdotium
1950 1495 2260 1575 petebant.
2283 1497 2522 1556 Rumor
2537 1510 2691 1571 erat,
2713 1496 2882 1557 futu·
2960 1532 2963 1538 .

873 1613 1015 1653 rum
1039 1605 1108 1653 ut
1135 1591 1421 1672 pauperis
1442 1587 1577 1649 filia
1606 1589 1886 1650 sacerdos
1917 1605 2259 1652 crearetur:
2296 1594 2503 1674 rapuit
2533 1613 2668 1652 eam
2701 1614 2883 1675 para-

874 1689 1025 1748 situs
1053 1687 1278 1747 divitis.
1306 1687 1361 1745 X
1385 1685 1583 1745 millia
1608 1699 1858 1769 accepta
1883 1708 1920 1747 a
1943 1687 2135 1748 divite
2163 1688 2408 1749 solvite
2439 1688 2605 1770 lege:
2641 1703 2883 1752 accusat

874 1804 1111 1866 pauper
1133 1784 1387 1842 divitem
1412 1782 1690 1863 inscripti
1713 1781 2024 1842 maleficii.

1661 1975 2020 2042 SERMO.

887 2136 1223 2225 Pleraeque
1260 2136 1723 2201 controversias
1761 2134 1884 2201 sub
1919 2134 2042 2201 hac
2073 2136 2220 2224 lege
2253 2138 2482 2224 positae
2507 2133 2670 2200 duas
2699 2156 2883 2224 quae-

798 2244 1042 2309 stiones
1076 2239 1351 2321 habent,
1389 2264 1469 2306 ex
1499 2242 1659 2331 ipsis
1694 2265 1922 2308 earum
1945 2242 2165 2308 verbis
2189 2259 2458 2308 tractas:
2492 2266 2577 2307 an
2606 2242 2885 2331 inscrip-

797 2366 940 2415 tum
966 2350 1051 2414 sit
1070 2347 1250 2438 quod
1276 2347 1604 2439 objicitur,
1631 2366 1697 2414 et
1719 2373 1804 2414 an
1823 2349 2219 2414 maleficium
2240 2349 2350 2429 sit,
2373 2347 2555 2438 quod
2575 2349 2885 2437 frequen-

798 2472 901 2521 ter
941 2453 1073 2519 dixi
1090 2452 1137 2531 3,
1178 2477 1313 2519 non
1349 2476 1614 2543 semper
1654 2472 2042 2546 utramque,
2091 2456 2407 2545 quoniam
2453 2453 2592 2518 fere
2639 2452 2752 2517 ubi
2795 2452 2884 2518 de

798 2560 1114 2646 inscripto
1140 2575 1422 2636 constat,
1453 2559 1660 2648 quaeri
1686 2561 1856 2625 solet
1878 2558 1963 2624 de
1987 2559 2343 2624 maleficio:
2372 2560 2424 2623 si
2449 2557 2534 2623 de
2557 2558 2886 2623 maleficio

801 2665 1144 2743 convenit,
1181 2664 1251 2727 in
1289 2666 1804 2729 controversiam
1841 2666 2058 2744 venit,
2101 2689 2184 2730 an
2231 2666 2618 2752 inscriptum
2657 2664 2758 2728 sit.
2804 2665 2884 2727 ln

798 2770 923 2834 hac
946 2768 1389 2858 controversia
1417 2770 1604 2833 tertia
1629 2755 1901 2859 cinoque
1933 2768 2276 2861 adjiciatur
2303 2770 2578 2859 quaestio
2611 2789 2887 2834 necesse

801 2890 931 2951 est,
971 2895 1118 2963 quae
1156 2873 1572 2960 generalibus
1606 2872 1904 2940 constat‘i
1937 2874 2234 2954 duabus,
2272 2898 2356 2938 an
2393 2874 2592 2964 hujus
2628 2874 2886 2938 malefi-

800 2983 975 3045 cium
1016 2981 1130 3056 sit,
1167 2977 1284 3043 sed
1317 3002 1439 3068 pro
1470 2977 1637 3044 hac⁵
1672 2979 1889 3045 media
1922 2982 2262 3046 eximitur:
2297 3004 2431 3045 non
2469 2980 2647 3046 enim
2671 2983 2889 3069 quaeri

799 3102 1019 3174 potest
1056 3107 1141 3148 an
1176 3084 1259 3148 sit
1290 3084 1723 3165 maleficium;
1755 3109 1976 3175 neque
2010 3089 2187 3152 enim
2219 3088 2287 3151 in
2319 3088 2538 3150 rerum
2576 3101 2888 3149 naturam

800 3190 1006 3271 eadit,
1040 3208 1115 3256 ut
1141 3192 1491 3280 quisquam
1513 3190 1889 3256 mortalium
1915 3189 1984 3255 id
2010 3191 2408 3257 maleficium
2430 3206 2658 3277 neget,
2688 3188 2888 3278 cujus

800 3320 1064 3386 poenam
1105 3297 1387 3361 solutam
1429 3318 1571 3361 esse
1609 3296 2003 3363 contendat:
2050 3319 2417 3386 quoeremus
2454 3318 2612 3385 ergo
2655 3318 2738 3359 an
2783 3298 2886 3361 in-

801 3403 1117 3489 scriptum
1143 3402 1254 3477 sit,
1286 3419 1353 3465 et
1375 3425 1459 3465 an
1482 3400 1682 3492 hujus
1705 3402 2103 3468 maleficium
2126 3405 2227 3469 sit.

877 3559 920 3594 1.
941 3540 1256 3594 Candidum.
1276 3543 1624 3616 Competitrix.
1648 3541 1796 3596 Deci.
1867 3544 2204 3615 ῥτᾳιιεηεεν,
2251 3562 2360 3597 non
2408 3562 2608 3618 semper
2644 3554 2886 3614 utruque.

799 3620 1069 3676 CCCLXX
1089 3618 1296 3672 dicitur.
1881 3623 2100 3674 Scnnvr.

875 3719 922 3754 2.
960 3701 1162 3771 Raptor
1198 3699 1253 3750 X
1290 3699 1482 3753 millia.
1526 3704 1606 3754 lta
1658 3699 1800 3772 apud
1951 3700 2000 3768 4.
2022 3702 2149 3771 Quoe
2157 3704 2484 3775 qeneralibus
2495 3717 2707 3757 constat.
2719 3706 2891 3774 Lege,

801 3784 948 3855 Sulp.
988 3784 1185 3834 Victor.
1219 3781 1347 3833 Inst.
1386 3784 1536 3835 Orat.
1575 3801 1630 3853 p.
1663 3780 1756 3833 261
1785 3802 1799 3833 ε
1881 3799 1996 3854 quoe
2016 3799 2080 3832 ex
2097 3781 2432 3852 generalibus.
2467 3785 2708 3849 Constat,
2742 3786 2894 3835 acei-

806 3886 828 3910 «
847 3863 953 3928 Qui
968 3861 1507 3932 virginemvitiaverit,
1518 3860 1801 3915 detdecem
1880 3859 1999 3931 pie,
2025 3860 2221 3910 oritur:
2248 3873 2308 3911 ut
2330 3857 2473 3930 apud
2495 3858 2663 3912 Plaut.
2687 3860 2888 3932 Amph.

806 3940 1031 3992 «millia.
1054 3963 1075 3987 n
1103 3938 1318 3991 Senum.
1883 3954 1983 3991 act.
2019 3941 2069 4004 l,
2107 3958 2248 3992 scen.
2288 3957 2339 4005 1,
2377 3959 2451 3993 vs.
2485 3943 2580 4011 783
2618 3943 2763 3994 Curt-
2803 3943 2890 4007 X,

872 4022 922 4074 3:
954 4021 1107 4090 Quod
1114 4021 1422 4093 fitquenter
1439 4020 1563 4072 dixi.
1585 4020 1697 4085 An,
1722 4021 1798 4073 di·
1879 4038 1994 4091 cap.
2037 4018 2133 4071 ult.
2161 4022 2206 4086 S.
2249 4036 2337 4082 υς
2367 4020 2401 4072 Ι.
2439 4021 2568 4090 194,
2590 4022 2652 4074 ff.
2674 4021 2742 4073 de
2770 4041 2887 4092 reg.

799 4099 961 4163 citur,
996 4116 1103 4150 non
1134 4117 1333 4170 semper
1364 4109 1667 4171 utrumque,
1701 4117 1797 4164 an,
1878 4104 1992 4154 Jur.
2019 4101 2327 4154 Scaurum.

798 4198 905 4252 qua
924 4180 987 4231 de
993 4179 1302 4252 frequenter
1320 4180 1454 4241 dixi,
1479 4198 1585 4232 non
1604 4198 1804 4251 semper
1950 4180 1999 4232 5.
2018 4181 2122 4233 Sed
2131 4199 2230 4253 pro
2251 4182 2363 4233 hac.
2387 4184 2470 4234 An
2488 4193 2700 4253 propter
2713 4182 2896 4232 hanc?

798 4257 863 4310 de
897 4269 1142 4333 utraque,
1190 4278 1283 4325 an,
1321 4276 1434 4330 quoe
1476 4257 1595 4327 (vel
1628 4257 1800 4331 quod)
1881 4258 2094 4312 Senum.
