3200 5117
728 568 854 634 362
1229 568 1323 631 M.
1373 567 1627 631 FABII
1672 565 2313 650 QUmTlLlANl

721 690 868 763 hoec
910 689 1154 762 omnia
1193 715 1403 789 supra
1437 715 1555 761 me
1597 687 2037 778 maluissem,
2079 715 2297 787 quam
2345 708 2539 762 tanta
2574 691 2823 764 merita

721 806 1063 906 asperiore
1084 806 1232 879 ulla
1248 833 1412 879 voce
1434 805 1686 879 violare
1705 821 1722 850 ¹
1748 833 1763 878 ε
1792 805 1912 878 sed
1932 806 2320 878 necessitati
2340 805 2509 903 quid
2532 806 2824 879 faciam?

721 922 829 995 lex
859 922 1146 1023 optandi
1175 943 1552 1022 patronum
1565 922 1688 1023 jus
1710 921 1952 994 dabat:
1986 949 2103 994 me
2131 922 2401 994 delator
2432 942 2816 1022 optaverat3

722 1038 926 1128 doce,
963 1039 1136 1139 quid
1177 1039 1474 1111 faciam:
1517 1038 1778 1111 delator
1807 1038 1926 1140 jus
1967 1037 2211 1110 habet:
2258 1058 2492 1110 contra
2527 1063 2814 1110 omnem

717 1179 950 1227 meam
991 1156 1547 1256 deprecationem
1590 1155 1871 1256 publica
1911 1155 2275 1227 auctoritas
2317 1156 2579 1227 nititur.
2615 1158 2816 1228 Con-

711 1270 1001 1343 scientia
1031 1270 1427 1345 mehercule
1454 1273 1680 1345 facere
1698 1286 1725 1316 ²
1760 1272 1894 1345 hoc
1918 1272 2187 1344 viderer
2203 1303 2221 1362 ;
2252 1298 2329 1343 ac
2354 1271 2696 1361 timuisse,
2723 1295 2815 1342 ne

717 1384 770 1455 si
806 1385 909 1456 illi
939 1410 1162 1458 causae
1191 1415 1320 1459 vox
1353 1387 1785 1485 contigisset,
1820 1387 1896 1457 in
1934 1386 2251 1458 medium
2289 1386 2543 1457 scelera
2570 1385 2813 1484 prodi-

715 1519 890 1571 rent.
921 1503 1069 1599 Ego
1101 1525 1258 1575 vero
1292 1502 1559 1601 suscepi
1594 1525 1910 1592 causam,
1943 1527 2072 1575 nec
2102 1501 2309 1574 timui
2341 1528 2431 1573 ne
2462 1501 2809 1573 vincerer:

713 1641 861 1687 non
897 1615 1114 1714 igitur
1147 1617 1444 1719 objicere
1479 1618 1688 1690 debes
1722 1617 1939 1709 mihi,
1970 1617 2046 1689 in
2079 1617 2271 1717 quod
2302 1637 2573 1689 coactus
2606 1643 2805 1707 sum3

714 1730 869 1820 illa,
905 1759 1057 1831 quae
1098 1734 1383 1806 fuerunt
1422 1734 1514 1805 in=
1540 1760 1700 1807 mea
1744 1753 2109 1834 potestate,
2149 1734 2208 1804 si
2250 1731 2806 1832 deprehendisti,

710 1849 1036 1939 ostende3
1086 1851 1141 1922 si
1188 1852 1420 1924 vultus
1462 1852 1790 1942 infestus,
1839 1852 1895 1923 si
1940 1875 2073 1924 vox
2117 1850 2493 1940 incitatior,
2537 1850 2595 1920 si
2635 1851 2809 1949 quid

713 1962 888 2035 ultra
928 1966 1400 2036 necessitatem
1433 1993 1447 2035 :
1487 1993 1716 2063 neque
1750 1966 1879 2035 ista
1911 1993 2038 2062 ego
2078 1965 2395 2063 imput03
2431 1990 2575 2035 non
2616 1964 2807 2035 enim

709 2097 1019 2176 poteram
1040 2136 1059 2170 ,
1089 2105 1320 2179 neque
1354 2099 1494 2151 erat
1526 2079 1850 2151 adversus
1884 2078 2359 2151 innocentiam
2388 2098 2589 2151 tuam
2619 2079 2808 2177 inge-

707 2192 826 2264 nio
864 2192 1076 2265 locus,
1123 2197 1360 2292 Itaque
1407 2193 1681 2266 discessi
1723 2221 1763 2265 a
1797 2192 2063 2294 judicio
2105 2193 2351 2284 laetior,
2392 2218 2610 2290 quam
2650 2220 2806 2267 reus

707 2304 853 2404 ipse
874 2334 889 2377 ε
917 2326 986 2378 et
1005 2306 1197 2380 velut
1218 2307 1416 2380 editis
1441 2310 1847 2381 necessitate
1868 2305 2133 2408 operis3
2154 2307 2242 2379 ad
2267 2309 2804 2407 gratulationem

709 2423 1000 2494 cucurri.
1031 2427 1176 2497 Nec
1207 2449 1324 2498 me
1352 2425 1416 2496 ei
1450 2425 1524 2496 in
1555 2425 1908 2523 reliquum
1937 2424 2164 2498 eximo
2195 2444 2513 2524 tempus;
2551 2424 2803 2499 debere

707 2537 1078 2610 confiteor:
1107 2539 1230 2629 da,
1262 2566 1475 2640 quem
1505 2539 1883 2612 defendam
1901 2570 1919 2630 ;
1953 2539 2072 2631 da,
2104 2566 2228 2638 pro
2259 2566 2399 2637 quo
2431 2539 2714 2636 loquar:
2738 2540 2796 2612 si

705 2652 878 2751 quid
905 2651 1225 2727 adversus
1250 2654 1455 2726 illum
1480 2655 2058 2728 nocentissimum
2086 2655 2453 2727 delatorem
2480 2653 2788 2725 invenire

704 2793 1115 2867 possumuS,
1153 2769 1459 2869 impera,
1496 2771 1686 2869 quod
1716 2771 1856 2844 vis:
1895 2772 1971 2843 in
2009 2792 2624 2872 quantumcunque
2664 2789 2789 2842 tua

705 2903 832 2956 ista
864 2906 992 2955 vox
1025 2903 1146 2955 est.

1784 3112 1841 3145 re
1864 3091 2013 3144 loetor
2033 3106 2085 3144 et
2106 3090 2362 3162 gratulor.
2389 3091 2571 3143 AEnon.
2592 3119 2666 3130 --
2692 3090 2797 3141 Fa·-

1784 3189 1895 3224 cere
1915 3171 2011 3223 Ιιοσ
2030 3171 2242 3223 viderer.
2264 3170 2457 3224 Fecisse
2482 3168 2533 3220 h.
2560 3169 2764 3221 videtur
2777 3191 2792 3218 .-

1783 3269 1846 3302 ac
1877 3251 2128 3317 timuisse,
2158 3269 2223 3301 ne
2253 3249 2298 3302 si
2328 3247 2475 3301 illim
2506 3267 2669 3301 causoe
2696 3266 2797 3299 vox

772 3104 820 3140 1.
856 3085 922 3137 V
916 3086 1093 3140 iolare.
1129 3087 1184 3142 V
1179 3085 1394 3141 iolarem
1404 3127 1423 3156 ‚
1447 3089 1701 3144 Latinius.

770 3184 819 3218 2.
850 3167 1168 3220 Conscientia
1189 3168 1483 3221 mehercule
1499 3171 1700 3242 fecisse.

698 3245 814 3295 Hoc
837 3258 945 3297 estz
970 3247 1190 3299 Delator
1209 3245 1298 3300 ille
1322 3261 1376 3300 et
1398 3265 1701 3318 accusator,

696 3320 802 3372 hoc
818 3327 1138 3378 conscientia
1154 3344 1249 3379 sua
1266 3328 1359 3398 qui
1377 3328 1704 3383 calumniose

698 3415 1004 3470 accusaret,
1044 3405 1233 3456 fecisse
1275 3406 1507 3473 videtur,
1545 3423 1605 3461 ut
1641 3428 1703 3462 ex

697 3479 814 3550 lege
833 3519 848 3546 ,
892 3499 994 3551 qua
1031 3486 1245 3553 patroni
1285 3486 1342 3537 in
1384 3487 1701 3557 capitalibus

698 3562 870 3613 causis
893 3560 963 3612 ‘ab
990 3576 1294 3617 accusatore
1314 3564 1699 3635 desiderantur,

695 3661 781 3695 me
802 3642 1056 3697 disertum
1080 3657 1131 3696 et
1156 3644 1491 3717 eloquentem
1515 3667 1543 3698 a
1569 3667 1703 3720 prte-

695 3736 810 3775 tore
826 3735 916 3775 aut
929 3724 1251 3795 proconsule
1265 3739 1539 3795 posceret:
1556 3726 1703 3778 ideo-

698 3820 802 3873 que
827 3804 1086 3869 timuisse,
1107 3820 1180 3854 ne*
1203 3805 1245 3853 si
1267 3802 1441 3855 divitis
1460 3821 1631 3855 causae
1650 3818 1702 3856 et

693 3881 988 3935 defensioni
1016 3903 1117 3936 vox
1147 3902 1262 3936 mea
1297 3898 1387 3935 aut
1421 3883 1699 3956 cujusdam

695 3963 907 4017 alterius
941 3967 1163 4017 oratoris
1195 3965 1613 4038 eloquentissimi
1648 3980 1703 4019 ot

694 4041 1354 4114 solertissimicontigisset,
1364 4044 1702 4116 detegeretur

694 4141 758 4174 ac
781 4124 1019 4193 prodiret
1040 4127 1096 4178 in
1120 4125 1352 4178 medium
1372 4126 1701 4180 calumniosa

693 4218 746 4255 et
775 4207 1048 4258 temeraria
1079 4209 1196 4278 ejus
1225 4212 1512 4261 accusatio.
1539 4210 1701 4279 Quod

698 4299 872 4338 tamen
905 4305 990 4337 me
1018 4303 1302 4341 accusante
1330 4287 1524 4342 accidit
1543 4310 1559 4341 τ
1594 4309 1697 4362 qua

1784 3348 1901 3380 mea
1922 3340 2059 3381 cont.
2086 3327 2264 3380 AErod.
2288 3357 2363 3367 —
2390 3329 2503 3379 Nec
2528 3327 2703 3390 timui,
2729 3344 2794 3377 ne

1785 3408 2026 3460 vincerer.
2053 3410 2191 3478 Lege
2216 3408 2490 3458 vincerem.
2523 3405 2793 3476 Significat

1783 3491 1922 3542 enim
1959 3502 2162 3541 certum
2201 3488 2303 3541 sibi
2336 3489 2501 3539 fuisse
2541 3487 2690 3553 fore,
2734 3497 2793 3537 ut

1780 3570 2077 3620 vinceretur
2117 3565 2189 3619 ob
2229 3567 2588 3619 innocentiam
2629 3584 2790 3618 accu-

1782 3654 1897 3705 sati.
1924 3652 2090 3704 Gnou.
2114 3680 2188 3692 —-
2204 3652 2272 3702 In
2292 3665 2407 3701 mea
2427 3659 2695 3722 potestate.
2720 3649 2790 3700 In

1782 3731 1951 3783 media
1971 3741 2248 3802 potestate,
2276 3747 2443 3799 marg.
2466 3728 2645 3781 AErod.

1852 3811 1902 3863 3.
1925 3810 2096 3864 Editis
2114 3810 2293 3882 operis.
2312 3809 2445 3861 Vide
2461 3810 2697 3862 Gronov.
2719 3806 2789 3859 ad

1780 3891 1887 3941 Liv.
1918 3890 2020 3956 111,
2051 3889 2138 3942 63.
2170 3919 2244 3930 —-
2268 3889 2578 3942 Necessitate
2604 3888 2785 3959 operis.

1780 3968 2109 4035 Necessitati,
2134 3966 2316 4020 AErod.
2341 3997 2415 4007 —-
2443 3966 2530 4020 Aa
2551 3966 2790 4040 yratula-

1780 4052 1991 4103 tionem.
2025 4053 2144 4104 Vet.
2183 4049 2305 4102 cod:
2349 4049 2782 4124 qmmladonm,

1782 4132 1927 4204 quod
1944 4135 2347 4206 praetermissum
2367 4131 2652 4184 notuimus.
2672 4131 2784 4181 Prr.
2882 4159 2893 4168 -

1778 4237 1850 4251 —-
1870 4213 2062 4264 Exime
2086 4223 2299 4285 tempus.
2323 4212 2785 4282 Eximere·oemp=cs

1782 4290 1959 4344 debere
1971 4291 2111 4358 conf.
2134 4292 2351 4344 Senum.
