3200 5117
804 535 933 616 414
1314 533 1406 597 M„
1454 532 1706 596 FABu
1753 531 2388 614 QumTlLlAm

802 658 1087 731 initium
1119 684 1161 728 a
1190 676 1259 728 te
1292 678 1434 745 est;
1468 655 1881 754 promisisti:
1922 656 1979 728 si
2017 682 2164 728 non
2203 673 2348 727 erat
2387 655 2462 726 in
2505 675 2624 728 tua
2665 677 2901 755 potes-

799 793 972 863 tate,
1016 772 1246 845 statim
1294 771 1910 870 circumscripsisti.
1956 769 2230 844 Scilicet
2272 797 2402 870 ego
2441 770 2738 862 stultuS,
2775 772 2900 868 qui

798 888 1137 986 virginem
1170 886 1447 977 reduxi,
1478 886 1600 985 qui
1633 907 1900 958 tantam
1927 912 2166 960 curam
2193 887 2305 985 egi
2329 886 2792 976 verecundiae,
2822 909 2900 958 ut

794 1025 1037 1100 optare
1074 1017 1415 1101 possem¹.
1450 1005 1610 1074 Non
1651 1002 1725 1073 in
1761 1022 1982 1076 totum
2004 1001 2289 1102 jactabo
2315 1001 2549 1092 vobis,
2583 1001 2893 1101 judiceS,

797 1117 1298 1190 continentiam
1332 1142 1566 1188 meam
1594 1144 1610 1188 ε
1646 1117 1797 1190 sine
1831 1115 2051 1188 dubio
2085 1117 2389 1215 proferre
2417 1116 2604 1189 volui
2635 1116 2728 1188 ad
2762 1143 2894 1215 pa-

793 1250 971 1302 trem
997 1232 1349 1330 integrum
1381 1258 1679 1323 munus»,
1711 1259 1843 1306 nec
1872 1259 2353 1331 corrumpere,
2386 1232 2575 1329 quod
2604 1254 2890 1331 praesta-

794 1373 969 1420 rem.
1000 1347 1289 1445 Aliquid
1316 1369 1553 1422 tamen
1582 1350 1897 1423 fecerunt
1925 1370 1994 1422 et
2017 1376 2243 1422 mores
2267 1349 2552 1448 puellae:
2581 1377 2888 1424 severam

790 1462 1118 1535 videbam
1148 1483 1216 1535 et
1243 1489 1608 1562 asperam3
1638 1491 1727 1537 ne
1755 1492 1872 1538 me
1904 1465 2195 1564 quidem
2224 1466 2512 1540 tulisset.

788 1737 2880 1764 mmmmmmmmmm

1541 1944 2117 2022 cccx-LIV.

1043 2173 1414 2273 Redemptor
1443 2178 1765 2246 meretrix
1789 2200 1831 2244 α
1862 2174 2071 2245 divite
2097 2179 2424 2273 pauperis
2430 2172 2616 2274 filio

784 2375 1093 2441 Insanum
1120 2393 1472 2441 ιιΑιΕειοιι*
1498 2401 1592 2441 srr
1622 2401 1819 2441 Anno.
1844 2380 2137 2463 Pauperis
2158 2393 2218 2442 et
2235 2379 2442 2440 divitis
2462 2379 2574 2439 filii
2595 2378 2874 2439 eamdem

863 2477 1247 2537 meretricem
1276 2478 1607 2539 amabant:
1643 2477 1787 2537 leno
1817 2478 2246 2537 conditionem
2269 2480 2506 2560 posuit,
2535 2479 2590 2536 ei
2615 2476 2876 2535 traditu-

861 2595 1001 2632 rum
1027 2595 1088 2632 se
1108 2596 1232 2633 esse
1250 2575 1631 2634 meretricem
1644 2619 1664 2651 ,
1680 2576 1788 2656 qui
1814 2577 2084 2656 pretium
2104 2577 2277 2655 prior
2296 2572 2606 2635 attulisset.
2627 2571 2710 2630 Pa
2719 2592 2876 2652 upe-

861 2669 942 2727 ris
976 2666 1177 2727 filium
1211 2672 1277 2728 in
1311 2668 1649 2730 solitudine
1678 2670 1848 2730 dives
1873 2670 2119 2731 flentem
2145 2672 2355 2731 stricto
2377 2669 2576 2751 gladio
2603 2669 2868 2726 invenit.

859 2767 1267 2846 Interrogavit
1303 2787 1584 2826 causam:
1627 2767 1730 2827 ille
1768 2768 1955 2843 dixit,
1993 2787 2056 2827 se
2087 2770 2249 2828 mori
2283 2766 2432 2828 velle
2466 2763 2548 2825 ob
2579 2781 2862 2822 amorem

859 2865 1210 2925 meretricis.
1233 2867 1510 2926 Pretium
1534 2868 1591 2925 ei
1615 2867 1906 2926 donavit:
1934 2867 2194 2928 redemit
2216 2867 2562 2928 adolescens
2583 2863 2867 2925 meretri·-

857 2983 1009 3023 cem.
1035 2963 1175 3043 Agit
1203 2984 1437 3045 pauper
1463 2984 1613 3026 eum
1642 2964 1834 3028 divite
1860 2967 2138 3048 inscripti
2165 2964 2471 3030 maleficii.

1635 3152 1999 3219 SERMO.

753 3369 759 3378 .
864 3311 964 3372 De
984 3324 1169 3397 parte
1184 3308 1344 3397 legis
1359 3308 1533 3375 iuter
1548 3326 1909 3400 utrumque
1931 3311 2326 3400 litigatorem
2345 3311 2723 3377 confessum
2742 3325 2858 3373 est.

854 3473 895 3508 1.
921 3458 989 3509 Ut
1006 3469 1182 3529 optare
1195 3477 1409 3531 possem.
1430 3461 1629 3526 Posset,
1646 3460 1777 3513 Obr.
1865 3484 1889 3510 ι
1907 3461 2136 3514 leficium
2153 3465 2217 3516 sit
2230 3485 2244 3513 :
2258 3479 2378 3514 raro
2391 3469 2727 3532 uta-umquem
2747 3459 2861 3511 Sive

774 3540 885 3602 An,
909 3549 970 3591 ut
984 3551 1293 3610 exspectare,
1314 3542 1397 3594 vel
1418 3553 1650 3613 stuprare
1664 3561 1782 3613 pos·
1856 3547 2098 3617 scriptum
2113 3584 2130 3610 ,
2150 3547 2257 3598 sive
2273 3546 2576 3616 inscriptum
2598 3544 2826 3616 legamus
2840 3581 2857 3606 ‚

772 3620 916 3671 sem?
951 3617 1166 3668 Senot-r.
1203 3649 1270 3657 —
1307 3620 1563 3691 meerre.
1603 3620 1777 3690 Lege,
1858 3625 1949 3676 sed
1978 3625 2083 3678 hoc
2113 3627 2324 3691 malim,
2360 3645 2470 3677 non
2509 3627 2634 3679 satis
2667 3626 2857 3696 liquet,

769 3700 1013 3773 perferre.
1040 3697 1203 3748 Gnon.
1234 3701 1311 3750 lta
1339 3702 1467 3752 Obr.
1491 3729 1562 3740 -—
1584 3701 1669 3752 Ne
1692 3719 1776 3751 me
1859 3707 1983 3777 quid
2010 3711 2080 3781 §it
2107 3709 2162 3760 id
2188 3706 2333 3779 quod
2361 3706 2661 3770 dubitatur,
2689 3725 2754 3757 an
2782 3709 2857 3756 in·

769 3784 994 3855 quidem.
1016 3779 1140 3831 Non
1163 3799 1246 3831 me
1267 3801 1318 3853 q.
1347 3782 1525 3833 AErod.
1857 3787 2111 3856 scriptum
2134 3825 2150 3852 ‚
2192 3803 2259 3838 an
2296 3784 2614 3837 maleficium
2652 3786 2716 3835 sit
2736 3820 2754 3848 ,
2787 3797 2854 3832 m

842 3880 890 3913 2.
934 3857 1180 3928 Inscripti
1218 3857 1465 3932 maleficii
1509 3861 1573 3912 sit
1618 3861 1773 3912 actio.
1853 3879 2152 3939 utrumqne.
2182 3867 2425 3937 Inprimis
2449 3864 2586 3916 illud
2612 3863 2854 3915 observa-

768 3941 950 4009 Quint.
974 3937 1192 4002 lib-Vll,
1215 3954 1262 3987 c·
1287 3937 1347 4002 4,
1370 3936 1416 4008 δ.
1435 3936 1534 3990 36:
1559 3940 1776 3989 “Preter
1852 3947 2050 4010 vimus,
2067 3945 2380 4015 inscriptum
2395 3961 2541 3994 nune
2556 3940 2856 4013 simplicitet·

773 4044 796 4066 ι
818 4021 926 4072 haec
944 4019 1419 4070 controversiarum
1439 4038 1632 4090 genera
1647 4057 1663 4081 ,
1683 4019 1776 4071 fin·
1855 4033 1907 4075 et
1930 4025 2212 4094 separatim
2239 4040 2266 4074 a
2291 4021 2551 4074 maleficio
2574 4020 2697 4073 dici.
2731 4042 2754 4064 ι
2773 4021 2856 4068 ln·

774 4123 796 4145 α
816 4114 1013 4170 guntur
1036 4101 1088 4149 in
1114 4098 1311 4151 scholis
1335 4113 1388 4151 et
1411 4101 1592 4171 scripti
1614 4099 1772 4152 male-
1859 4124 1882 4148 α
1903 4105 2155 4174 scriptum
2171 4140 2188 4166 ‚
2229 4103 2398 4172 inquit
2414 4137 2431 4165 ‚
2473 4117 2587 4152 esse
2619 4098 2688 4150 id·
2709 4094 2854 4168 quod

773 4202 795 4224 .-
816 4179 945 4240 ficii3
969 4178 1022 4227 in
1049 4177 1240 4245 quibus
1265 4190 1358 4229 aut
1377 4177 1482 4229 hoc
1507 4180 1772 4250 queritur,
1858 4201 1882 4226 a·
1901 4180 2118 4251 objicio,
2139 4199 2248 4233 non
2268 4191 2549 4251 negatum·
2570 4190 2622 4229 et
2640 4190 2824 4249 postea
2837 4211 2855 4238 a

773 4282 797 4307 α
816 4278 885 4312 an
908 4259 1160 4328 seriptum
1185 4260 1282 4310 sit:
1308 4273 1402 4312 aut
1422 4258 1556 4326 hoc,
1581 4279 1651 4312 an
1668 4279 1775 4312 ma·
1858 4282 1880 4306 α
1899 4261 1978 4311 Eo
1998 4262 2255 4332 pertinet,
2278 4273 2336 4311 ut
2361 4269 2615 4330 appamat
2634 4257 2854 4326 inscrip-
