3200 5117
754 503 1592 572 DECLAMATmNEs,
1638 505 1971 573 cccxv.
2281 508 2407 597 275

317 637 610 710 virtus¹:
646 633 1199 707 adolescentulus
1234 633 1515 707 interim
1550 632 1741 704 rudis
1769 634 1843 704 in
1873 634 1995 706 illa
2027 635 2218 706 nube
2252 635 2412 734 pul·
2519 661 2528 668 ·

320 754 528 841 νοτὶς,
569 752 644 823 in
682 751 803 822 illa
845 749 1253 822 confusione
1302 749 1804 850 permixtarum
1842 750 2161 850 utrinque
2199 750 2414 850 legio-

321 894 537 957 num,
571 867 802 938 virum
846 867 1094 937 fortem
1134 865 1329 966 sequi
1370 891 1514 937 non
1558 864 1805 963 potuit.
1849 867 1936 936 At
1973 891 2098 963 ego
2139 865 2411 957 infelix,

322 983 533 1056 etiam
577 980 909 1053 invidiam
946 980 1091 1052 filio
1134 980 1303 1068 feci,
1348 1000 1420 1052 et
1457 978 1679 1079 spolia
1722 978 1960 1068 retuli,
2005 1006 2144 1077 quo
2178 981 2416 1054 minus

324 1098 428 1171 illi
464 1097 946 1195 ignosceretur.
974 1097 1139 1186 Quo
1163 1124 1279 1169 me
1306 1096 1501 1168 ducis
1518 1154 1536 1186 ,
1561 1093 1842 1168 anime?
1866 1122 2005 1192 quo
2032 1122 2145 1167 me
2170 1095 2414 1186 trahis,

325 1212 656 1286 affectus?
680 1213 902 1312 placet
924 1239 1124 1285 causa
1152 1240 1166 1283 :
1199 1213 1318 1286 sed
1339 1212 1534 1286 aliud
1558 1212 1785 1312 optavi
1819 1238 1834 1280 :
1862 1208 2038 1281 nihil
2069 1231 2198 1299 est,
2230 1212 2420 1308 quod
2485 1288 2494 1304 1

328 1356 409 1402 ex
448 1356 608 1401 meo
651 1331 879 1401 favore
929 1354 1198 1429 speres,
1233 1329 1515 1428 juvenis
1562 1327 2036 1400 infelicissime
2078 1353 2092 1397 ε
2144 1325 2418 1399 nullam

327 1445 659 1518 fiduciam
695 1472 775 1518 ex
806 1444 933 1516 hac
962 1444 1579 1544 quantulacunque
1613 1471 1839 1543 operae
1868 1470 2040 1516 meae
2071 1444 2286 1543 gratia
2316 1471 2419 1516 ca-

324 1560 512 1660 pias:
545 1558 992 1632 moriendum
1022 1580 1162 1631 est:
1201 1557 1492 1630 debetur
1518 1557 1650 1630 hoc
1682 1582 1845 1631 sane
1876 1557 2255 1658 disciplinae
2285 1558 2422 1631 mi-

323 1674 511 1752 litari
531 1732 551 1765 ,
585 1674 882 1748 debetur
916 1685 1298 1746 castrorum
1334 1673 1695 1747 severitati.
1736 1673 1984 1746 Infelix
2020 1674 2419 1750 exeuntium

327 1815 540 1861 omen
561 1845 580 1877 ,
610 1789 1011 1883 miseraeque
1039 1786 1398 1887 primitiae!
1427 1787 1485 1859 si
1508 1787 1806 1860 alterum
1831 1788 2076 1887 utique
2102 1814 2183 1859 ex
2207 1788 2419 1861 domo

330 1921 562 1974 nostra
615 1900 1057 1972 destinabatis
1081 1958 1100 1991 ,
1155 1927 1279 1973 cur
1327 1928 1470 1974 non
1526 1928 1767 1974 senem
1815 1902 2042 2001 potius
2087 1901 2422 1974 traxistis?

327 2013 529 2105 Quid
572 2039 763 2084 nunc
804 2012 932 2085 tibi
971 2012 1309 2112 proderit,
1347 2013 1734 2086 miserrime
1768 2013 2200 2101 adolescens»,
2232 2015 2422 2112 quod

328 2129 686 2202 modestus
711 2129 786 2200 in
810 2154 977 2229 pace
998 2185 1016 2214 ‚
1050 2128 1237 2226 quod
1264 2128 1469 2229 pius?
1493 2149 1559 2201 et
1577 2130 1634 2202 si
1661 2130 2049 2230 contigisset
2077 2130 2423 2203 ²felicitati

324 2244 600 2319 felicior
619 2245 846 2344 quieS‚
868 2244 1180 2344 optimus
1202 2244 1388 2315 filius
1408 2271 1556 2317 eras
1576 2272 1590 2316 :
1613 2245 2063 2319 moriendum
2086 2267 2217 2318 est:
2249 2247 2424 2345 quid

324 2356 454 2436 tibi
482 2381 795 2460 praestare
820 2358 1060 2432 infelix
1078 2377 1269 2457 pater
1291 2359 1619 2458 possum?
1642 2387 1866 2459 quum
1892 2359 2191 2450 duceris,
2212 2360 2420 2453 flebo,
2444 2391 2448 2400 ⁴

327 2473 689 2574 plangam.
728 2476 911 2564 Hos,
945 2499 1119 2571 quos
1153 2499 1588 2572 sumpseram
1624 2474 1835 2546 modo
1864 2500 1944 2545 ex
1976 2474 2260 2548 victoria
2296 2502 2427 2573 pu-

326 2587 514 2660 blica
547 2588 731 2660 laetos
758 2587 1071 2676 habitus»,
1100 2584 1422 2663 abducite
1450 2616 1465 2658 ε
1504 2589 1731 2662 merui
1767 2589 2178 2661 ambitiosus
2202 2610 2422 2688 pater,

332 2703 620 2794 scilicet,
664 2729 752 2774 ne
785 2701 959 2800 quid
993 2701 1080 2773 de
1118 2700 1402 2773 militari
1438 2703 1788 2776 severitate
1827 2703 2294 2795 detraherem,
2334 2731 2423 2776 ne

330 2818 601 2890 viderer
618 2818 722 2890 vir
746 2818 940 2890 fortis
973 2816 1298 2888 desertori
1327 2818 1716 2915 ignoscere:
1748 2815 2110 2891 contentus
2128 2819 2245 2891 *fui
2271 2837 2427 2918 post

333 2952 434 3003 tot
468 2934 748 3020 merita,
790 2935 1061 3004 favente
1103 2953 1249 3004 tota
1289 2932 1595 3023 civitate,
1647 2955 1724 3005 ut
1764 2955 2039 3022 tantum
2085 2935 2426 3035 ‘innocens

335 3073 580 3120 essem.
613 3051 700 3120 Et
730 3075 924 3142 ecce,
949 3049 1099 3151 jam
1133 3049 1536 3121 miserantes
1562 3045 1763 3121 video
1785 3050 2113 3150 judicum
2148 3050 2379 3138 vultus
2409 3075 2423 3122 ε

334 3163 805 3263 quorumdam
840 3162 1460 3265 deprehenduntur
1489 3164 1832 3261 lacrymae.
1867 3164 2069 3234 Potui
2103 3163 2261 3261 plus
2294 3191 2426 3264 op-

336 3300 518 3371 tare,
548 3280 779 3380 potui:
806 3266 913 3351 ⁸sic
950 3305 1228 3380 quoque
1262 3305 1389 3377 ego
1418 3300 1520 3370 ter,
1559 3276 1695 3367 fili,
1733 3277 1975 3349 occidi.
2014 3281 2102 3349 At
2133 3298 2209 3349 tu
2247 3281 2426 3379 quis·

332 3393 488 3494 quis
521 3422 626 3486 εε,
665 3395 741 3466 in
776 3421 990 3495 quem
1017 3385 1455 3466 transferetur
1482 3392 1614 3465 hoc
1645 3393 1885 3466 infelix
1922 3392 2424 3485 ministerium,

411 3602 455 3637 1.
494 3586 620 3639 Sola
651 3588 827 3639 virtus.
864 3587 939 3637 Et
967 3585 1118 3639 solita
1152 3587 1339 3656 virtus,
1415 3606 1572 3658 pace,
1608 3588 1753 3662 quod
1776 3587 1922 3659 pius,
1956 3598 2033 3655 et,
2065 3589 2111 3640 εἰ
2140 3587 2429 3659 contiqisset

334 3665 534 3718 Schult.
564 3668 788 3719 Francio
816 3666 905 3719 hic
933 3667 1133 3740 aliquid
1156 3668 1340 3722 deesse
1420 3665 1622 3718 civitati
1626 3665 1847 3737 felicior
1858 3667 2026 3739 quies,
2044 3668 2266 3737 optimus
2271 3661 2430 3734 filius

332 3741 628 3796 videbatur.
655 3747 909 3800 Percussit
925 3748 1087 3820 patris
1104 3748 1214 3799 sola
1240 3749 1342 3799 m’rb
1420 3762 1544 3795 eras.
1575 3745 1740 3795 Gnon.
1765 3747 1842 3795 Ita
1868 3757 1920 3796 et
1948 3744 2322 3812 Schultingius.
2359 3741 2430 3790 Et

334 3831 435 3873 tus.
478 3824 760 3890 Praeterea,
805 3835 867 3875 ut
900 3826 1134 3898 primum
1180 3835 1341 3877 totum
1421 3819 1466 3872 εἰ
1501 3821 1792 3893 contigisset
1828 3819 1924 3873 tali
1959 3820 2103 3872 aetatt'
2127 3816 2346 3892 felicior
2375 3837 2427 3890 q.

332 3899 603 3965 animum,
628 3913 728 3952 etc.
757 3901 881 3954 edit.
910 3901 977 3953 al.
1000 3915 1053 3952 et
1076 3903 1187 3972 Bip.
1214 3903 1307 3952 En.
1421 3899 1550 3954 Obr.
1576 3930 1650 3940 ——
1677 3899 1845 3974 Quum
1875 3900 2086 3952 duceris.
2117 3897 2202 3950 Ad
2230 3897 2430 3969 suppli-

408 3994 455 4029 2.
482 3978 542 4029 Si
564 3979 856 4051 contiqisset
864 3978 1139 4052 felicitati.
1160 3976 1342 4030 Thad-
1423 3982 1588 4045 cium,
1606 3994 1664 4033 ut
1678 3981 1871 4052 passim
1890 3980 2171 4033 Suetonius
2184 4016 2200 4043 ‚
2214 3977 2432 4044 Seneca,

332 4053 477 4108 daeus
503 4070 556 4109 et
583 4057 830 4110 AErodius
847 4058 1127 4130 felicitate.
1161 4057 1342 4109 Corri-
1420 4063 1595 4114 Livius
1610 4099 1626 4126 ‚
1648 4061 1837 4114 Florus
1860 4076 1910 4113 et
1933 4061 2037 4114 alii.
2053 4057 2126 4102 '...
2146 4055 2282 4128 Hos,
2307 4078 2431 4133 quos

331 4156 426 4208 ge:
452 4138 595 4210 Quid
613 4158 756 4192 nunc
781 4140 875 4193 tibi
895 4138 1155 4210 proderit,
1174 4139 1346 4191 miser·
1422 4158 1754 4212 sumpseram.
1788 4140 1891 4194 Vos
1913 4161 1965 4215 q.
1994 4159 2030 4192 s.
2060 4140 2330 4192 Francius.
2362 4166 2431 4178 —··-

332 4220 463 4271 rime
483 4219 777 4275 adolescens
793 4259 812 4287 ,
841 4220 985 4296 quod
1008 4217 1262 4271 modestus
1287 4219 1344 4271 in
1426 4221 1619 4272 Merui.
1649 4221 1835 4274 Metui.
1862 4221 2078 4275 Senum.

2105 4311 2184 4366 18.
