3200 5117
747 548 875 630 446
1254 546 1348 610 Μ.
1398 544 1647 608 FABu
1692 542 2322 626 QUINTILIANI

743 669 1205 769 aperuissem?
1233 697 1377 742 non
1416 670 1547 741 hoc
1584 669 1816 768 ipsum
1853 669 2094 741 timere
2126 669 2388 742 debui?
2414 668 2848 771 Adjecissem

744 787 910 859 huic
957 786 1331 884 suspicioni
1380 785 1796 858 sententiam
1841 810 2120 872 meam,
2167 805 2245 857 ut
2282 785 2551 858 viderer
2596 785 2850 857 timere

748 900 1098 973 indicem?
1148 899 1322 971 nihil
1370 899 1583 972 debui
1631 900 1904 990 minuS,
1952 925 2171 998 quam
2215 901 2290 972 in
2332 922 2566 992 metu,
2607 900 2848 1000 ipsum

750 1037 1019 1089 metum
1055 1016 1367 1116 prodere.

751 1286 847 1305 m

1240 1284 1729 1306 mmm
1740 1284 2605 1306 mmmmmm
2631 1284 2704 1304 ,κ
2713 1284 2802 1304 Μ
2815 1286 2855 1305 Α

1576 1478 2031 1558 CCCLII.

760 1713 934 1785 Reus
958 1710 1367 1811 tyrannidis,
1392 1713 1514 1809 qui
1549 1706 1953 1781 deliberavit
1981 1714 2420 1781 victor-arma
2437 1723 2454 1754 ¹
2496 1711 2856 1811 deponere.

762 1912 855 1973 Ex
900 1932 1248 1972 scsmcronz
1289 1930 1663 1972 Trnmmms
1708 1930 1804 1971 sn·
1843 1931 2042 1972 Αοτιο.
2083 1911 2386 1989 Quoedam
2426 1913 2682 1988 civitas,
2720 1934 2864 1994 quae

842 2009 1007 2068 bello
1038 2006 1396 2084 laborabat,
1430 2030 1630 2090 quum
1665 2007 1908 2070 duobus
1942 2008 2166 2091 praeliis
2196 2011 2362 2071 victa
2398 2023 2583 2085 esset,
2620 2011 2862 2071 adoles-

844 2127 988 2165 cens
1038 2107 1247 2180 dives,
1293 2105 1559 2180 nobilis,
1614 2125 1758 2164 cum
1808 2125 2128 2165 servorum
2179 2120 2241 2165 et
2291 2106 2611 2167 clientium
2666 2129 2860 2168 manu

847 2221 1079 2267 armata
1121 2206 1414 2288 processit
1450 2207 1515 2265 in
1552 2205 1871 2289 praelium3
1913 2204 2153 2287 fugavit
2188 2203 2413 2267 hostes.
2457 2207 2733 2290 Populus
2770 2230 2862 2268 re·

848 2306 1062 2365 deunti
1086 2317 1293 2387 portas
1311 2304 1560 2381 clausit,
1580 2326 1774 2387 quum
1798 2319 2160 2387 aperturum
2183 2307 2599 2386 promitteret,
2619 2308 2668 2366 si
2690 2329 2864 2366 arma

848 2405 1175 2485 posuisset:
1203 2403 1523 2485 respondit
1547 2404 1747 2478 dives»,
1776 2423 1839 2462 se
1861 2399 2375 2463 deliberaturum:
2398 2402 2609 2463 triduo
2633 2402 2868 2462 delibe-

848 2504 1036 2578 ravit,
1063 2501 1248 2562 rediit
1269 2503 1338 2562 in
1361 2502 1705 2577 civitatem,
1731 2503 1942 2583 positis
1965 2503 2185 2562 armis:
2215 2522 2356 2563 reus
2382 2515 2471 2563 est
2490 2501 2865 2584 tyrannidis,

1634 2687 2001 2753 SERMO.

862 2848 1151 2915 Divitem
1179 2846 1358 2913 hunc
1385 2848 1686 2913 dicemus
1716 2865 1943 2914 natum
1967 2847 2246 2915 honesta
2270 2847 2709 2940 domo‚'patre
2736 2851 2866 2914 mi-

775 2958 979 3035 litari,
1022 2957 1170 3020 forti
1206 2956 1386 3020 viro:
1423 2980 1462 3020 a
1500 2951 1728 3046 primis
1770 2958 1990 3024 statim
2027 2959 2215 3022 annis
2252 2959 2614 3024 assuevisse
2643 2956 2873 3023 studio

775 3085 1113 3129 armorum
1130 3111 1147 3138 ,
1178 3083 1489 3149 magnum
1514 3084 1637 3149 per
1660 3085 1731 3127 se
1755 3062 2005 3127 militiae
2034 3085 2228 3128 usum
2253 3063 2619 3152 collegisse.
2645 3066 2874 3147 Quum

740 3153 748 3164 ⁸
779 3187 1001 3234 autem
1030 3168 1250 3234 subito
1281 3169 1531 3233 bellum
1562 3169 1936 3249 incidisset,
1965 3169 2211 3234 factum
2243 3169 2447 3233 alium
2472 3169 2711 3236 ducem
2737 3193 2878 3235 non

771 3277 1055 3369 judicio,
1084 3276 1199 3344 sed
1223 3276 1513 3367 quodam
1534 3301 1684 3343 casu
1701 3328 1718 3354 ,
1748 3295 1815 3343 et
1840 3279 2087 3344 incerta
2107 3277 2339 3368 populi
2357 3302 2547 3358 aura,
2573 3301 2699 3344 nec
2717 3302 2877 3344 sane

781 3407 1042 3450 vacasse
1072 3403 1205 3449 mm
1230 3383 1561 3448 subitum²
1589 3383 1922 3449 delectum
1949 3382 2195 3449 ducum
2224 3406 2454 3473 agere:
2487 3387 2734 3449 factum
2760 3383 2882 3449 du-

783 3513 927 3554 cem
948 3539 964 3568 ,
992 3492 1104 3578 qui
1130 3490 1387 3554 nullum
1417 3491 1666 3556 militiae
1701 3514 1894 3556 usum
1917 3490 2226 3570 haberet,
2258 3515 2381 3558 nec
2408 3489 2717 3557 aliunde³
2743 3493 2880 3557 vic-

784 3613 919 3662 tam
953 3593 1212 3662 duobus
1249 3596 1489 3684 praeliis
1519 3597 1788 3672 urbem„
1803 3599 1980 3661 Tum
2018 3596 2289 3662 demum
2329 3597 2729 3662 intellexisse
2766 3619 2883 3684 po-

784 3704 1052 3792 pulum,
1094 3703 1359 3791 qualem
1402 3702 1676 3769 haberet
1713 3703 1994 3770 ducem:
2045 3721 2111 3769 et
2157 3723 2310 3769 ante
2352 3726 2585 3770 omnes
2631 3705 2881 3769 amicos

785 3866 928 3936 apud
947 3881 1099 3936 quem
1126 3861 1266 3915 dives
1281 3863 1468 3935 fuerat
1492 3865 1794 3938 hospitam.
1953 3883 1996 3916 ι.
2023 3864 2340 3917 Βοὶἰὸοωυίε
2366 3865 2528 3918 vietor
2551 3879 2700 3916 anna
2726 3863 2884 3936 depo-

786 3947 1020 3998 Guonov.
1077 3942 1179 3995 Sed
1229 3945 1432 3996 mittere
1487 3944 1796 4016 simpliciter
1875 3962 2008 3996 nene.
2032 3946 2097 3996 D.
2120 3964 2166 3995 v.
2189 3962 2260 3995 cm
2277 3961 2427 3996 arma
2445 3945 2739 4015 deponeret.
2763 3943 2880 3995 Seu.

789 4041 928 4077 amat
962 4028 1038 4078 uti
1071 4027 1293 4089 Cicero,
1324 4040 1375 4078 et
1408 4027 1541 4079 alius
1571 4029 1796 4100 quisque
1949 4042 1994 4076 α.
2028 4025 2158 4076 Tam
2185 4026 2426 4079 ubitam.
2455 4025 2525 4076 In
2551 4036 2658 4076 tam
2686 4022 2881 4076 subitis.

791 4106 1021 4172 optimus
1046 4104 1215 4156 laainoe
1236 4103 1422 4176 ling-un
1443 4119 1645 4158 auctor.
1664 4105 1797 4158 vide
1875 4105 2093 4158 Somou.

790 4199 978 4256 praeter
995 4186 1129 4239 alios
1147 4189 1324 4258 ipsum
1340 4190 1572 4242 Gronov.
1594 4188 1665 4242 ad
1683 4189 1792 4242 Liv.
1946 4186 1997 4239 3.
2028 4187 2141 4240 Nec
2171 4187 2403 4240 aliunde.
2441 4188 2555 4241 Nec
2586 4185 2749 4240 aliud.
2783 4185 2889 4237 De-

791 4264 936 4330 Vm,
957 4262 1041 4318 23.
1877 4267 2068 4318 vietam
2091 4268 2142 4319 d.
2162 4285 2219 4338 p.
2245 4286 2298 4317 u.
2327 4264 2505 4318 AErod.
