3200 5117
751 489 1589 559 DECLAMATIONES.
1636 490 2006 559 XXXVII.
2292 496 2418 564 583

332 613 734 715 impeditur,
751 615 946 715 cujus
971 614 1044 685 in
1069 614 1284 689 altero
1299 613 1569 716 judicio
1589 615 1725 686 vita
1750 616 2312 715 reprehenditur?
2336 621 2420 691 In

331 727 505 818 iuis,
537 748 757 826 patres
805 727 1207 829 conscripti,
1233 728 1520 830 judiciis
1568 729 1838 829 gravior
1882 730 2053 802 mihi
2096 732 2234 805 fuit
2273 732 2425 805 vin-

333 842 556 931 dicta,
583 869 797 940 quam
829 868 1060 940 poena:
1096 868 1281 913 mors
1313 868 1353 914 a
1381 841 1574 913 vobis
1609 840 1909 930 dabitur,
1936 842 2076 916 sive
2113 844 2419 918 dementi

329 955 763 1045 remedium,
794 956 933 1029 sive
966 954 1264 1053 sapienti
1292 954 1640 1031 solatium.
1677 956 1937 1029 Natura
1968 956 2146 1033 mihi
2181 978 2313 1033 tres
2343 959 2424 1031 li-

328 1071 536 1143 beros
570 1070 796 1158 dedit3
821 1071 1239 1167 fortunaque
1270 1070 1443 1142 duos
1463 1085 1479 1115 ¹
1515 1071 1822 1143 sustulit:
1844 1070 2200 1145 videturne
2227 1074 2420 1146 vobis

312 1187 515 1289 justa
544 1214 752 1261 causa
779 1214 919 1260 esse
955 1186 1348 1259 moriendi?
1379 1186 1602 1263 immo
1627 1184 1783 1286 jam
1816 1214 1982 1259 sera.

674 1444 2125 1473 mmmmmwswvmmmmmm
2134 1445 2223 1465 υνι
2234 1447 2319 1466 m
2329 1447 2413 1466 ννι

1114 1628 1643 1706 XXXVIII.

759 1825 982 1895 Fortis
1009 1829 1145 1895 viri
1153 1823 1352 1924 filius
1381 1840 1677 1923 tyranno
1709 1825 1989 1898 deditus.

318 2009 613 2077 Absentis
637 2010 750 2071 viri
772 2009 952 2073 fortis
973 2008 1174 2070 filium
1199 2023 1500 2092 tyrannus
1523 2011 1676 2093 petit
1702 2010 1819 2073 sibi
1844 2009 1984 2073 dedi
2000 2055 2018 2086 ,
2040 2009 2420 2083 denuncians

407 2106 651 2173 bellum
675 2132 690 2169 ε
735 2110 985 2190 accepit.
1025 2109 1317 2188 Regressa
1367 2129 1446 2169 eo
1491 2108 1783 2171 suadetur
1825 2108 2057 2181 bellum
2073 2120 2097 2146 ²
2150 2122 2418 2191 tyranno

411 2208 638 2277 indicia
667 2210 762 2271 vir
785 2206 961 2275 fortis
989 2208 1380 2275 contradicit.

1140 2395 1293 2445 PRO
1341 2395 1611 2445 FoR'rl.

428 2518 762 2591 Profiteor
791 2545 904 2593 rne
935 2518 1162 2595 filium
1192 2546 1318 2591 nec
1347 2518 1727 2595 desiderare
1746 2576 1767 2611 ,
1792 2545 1921 2597 nec
1948 2517 2226 2591 habere.
2254 2519 2422 2588 Nes-

324 2633 475 2724 cio,
501 2659 591 2703 an
622 2631 753 2707 hoc
781 2632 1048 2709 bellum
1073 2633 1282 2709 fuerit
1311 2634 1384 2709 in
1414 2653 1724 2732 tempore
1752 2660 1878 2709 suo
1897 2633 2167 2733 justum
2187 2688 2206 2725 ,
2231 2658 2423 2707 nunc

325 2767 512 2823 certe
553 2746 750 2846 coepit
791 2774 932 2823 esse
962 2749 1116 2849 jam
1160 2775 1415 2823 serum.
1457 2750 1549 2831 At
1588 2749 1782 2823 enim
1826 2748 2013 2821 filius
2061 2746 2183 2823 viri
2226 2745 2421 2821 fortis

323 2881 470 2935 est:
497 2859 715 2958 quid?
741 2859 873 2933 hoc
901 2888 1046 2936 non
1079 2883 1256 2954 erat,
1290 2890 1512 2961 quum
1549 2861 1927 2937 dabatur3?
1956 2863 2024 2935 O
2058 2860 2190 2935 fili!
2223 2860 2280 2943 si
2314 2881 2419 2935 ta-

328 3003 502 3053 men
533 2975 666 3050 hoc
693 3002 987 3068 nomen,
1024 2978 1212 3075 quod
1238 2999 1487 3051 natura
1519 2977 1742 3070 dedit,
1776 2981 2055 3050 fortuna
2082 3003 2226 3051 non
2262 2976 2421 3048 abs-

329 3182 442 3218 sum
478 3182 563 3215 me
582 3163 711 3235 jus?
738 3163 1011 3216 Fortasse:
1053 3162 1191 3233 Quid
1225 3175 1332 3216 tam

328 3254 498 3314 potest
528 3260 628 3293 esse
658 3242 961 3294 adversum?
985 3242 1117 3314 Ejus
1148 3242 1245 3294 hoc
1269 3242 1334 3293 ab

332 3341 391 3373 eo
423 3338 561 3373 mon
588 3320 895 3392 impeditur,
920 3323 1063 3392 cujus
1090 3321 1144 3371 in
1171 3318 1334 3372 altero

315 3400 527 3475 judicio
547 3401 651 3457 vita
673 3399 1071 3473 repoehenditur.
1088 3399 1247 3455 Suam
1260 3400 1336 3471 ip·

333 3485 442 3545 sius
463 3480 709 3551 intelligit
730 3500 760 3537 a
785 3481 909 3535 filio.
938 3481 1176 3535 Altonum
1189 3481 1334 3553 judi-

334 3563 471 3617 cium
513 3559 783 3615 dementiae
827 3573 921 3611 est.
959 3560 1123 3615 Gnou.
1163 3557 1333 3615 Credo

335 3640 575 3693 librarios
606 3659 820 3695 manum
852 3643 1043 3693 summi
1071 3642 1165 3692 viri
1195 3638 1334 3695 male

337 3720 683 3790 expressisse,
717 3732 770 3771 et
801 3718 944 3773 illam
969 3717 1175 3772 dedisse
1200 3718 1334 3784 iuis,

336 3799 463 3873 Ejus
509 3796 593 3851 hic
637 3797 701 3847 ab
744 3816 803 3847 eo
852 3815 989 3850 mors
1036 3797 1331 3871 impeditur.

339 3881 433 3942 lta,
444 3876 487 3931 si
497 3877 784 3949 supinitate
800 3894 1076 3947 operarum
1093 3878 1333 3946 cogimur

339 3954 654 4025 conjecturis
665 3971 847 4009 sanare
860 3955 1334 4005 recentissimorum

338 4036 609 4088 hominum
654 4038 883 4106 scripta:
930 4032 1056 4107 quid
1097 4036 1249 4099 miri,
1292 4035 1336 4086 si

343 4113 492 4182 plena
522 4114 696 4165 omnia
726 4111 928 4165 mendis
956 4126 1008 4165 et
1035 4112 1241 4183 flagitiis
1270 4110 1336 4162 li-

344 4191 630 4246 brariorum
668 4196 771 4246 sint
807 4213 904 4265 per
940 4208 1020 4246 tot
1057 4193 1232 4247 secula
1266 4192 1335 4247 ad

1414 3182 1513 3215 nos
1541 3165 1846 3215 transmissa
1863 3162 2169 3215 volumina?
2193 3160 2415 3231 Secutus

1387 3255 1493 3303 ,ost
1511 3236 1770 3305 Gronovii
1795 3245 2159 3313 coniecturam
2180 3241 2416 3301 Obrech-

1414 3335 1526 3387 tus,
1549 3334 1603 3372 et
1624 3340 1722 3392 ego
1748 3321 1938 3392 recepi.

1490 3420 1509 3457 1
1522 3442 1533 3457 .
1550 3404 1884 3477 Fortunaque
1900 3402 2045 3459 duos.
2062 3401 2308 3457 Francius
2328 3419 2417 3452 vo·

1413 3479 1583 3547 lebat,
1596 3482 1821 3554 formna
1844 3483 1985 3535 duos.

1489 3578 1538 3613 2.
1571 3562 1806 3633 Regresso
1838 3579 1897 3613 eo
1926 3558 2168 3613 suadetur
2197 3554 2410 3609 bellum.

1413 3644 1552 3712 Lege
1571 3680 1588 3708 ‚
1629 3642 1841 3715 Eqmso
1863 3661 1879 3691 .-
1918 3658 2109 3712 nempe
2151 3656 2214 3691 ex
2254 3634 2415 3701 urbe,

1416 3739 1574 3791 quem
1600 3719 1818 3791 petebat
1851 3732 2120 3792 tyrannus.
2150 3716 2319 3769 Guon.
2352 3714 2418 3767 Et

1414 3820 1510 3852 cur
1533 3820 1642 3852 non
1668 3818 1885 3874 reqresso
1909 3813 2090 3871 patre,
2113 3798 2204 3867 qui
2226 3794 2413 3849 absens

1412 3880 1586 3933 fuerat
1611 3918 1628 3945 ,
1683 3897 1849 3949 quum
1900 3892 2155 3950 tyrannus
2214 3886 2414 3944 peteret

1413 3960 1577 4015 filium
1591 3961 1616 4011 ?
1634 3961 1802 4013 Bou.
1824 3960 2026 4011 Forsan
2047 3973 2257 4029 reqresso
2277 3952 2384 4006 filio
2397 3992 2415 4021 ,

1413 4050 1694 4109 postquam
1715 4038 1889 4089 ivisset
1910 4033 1981 4087 ad
1999 4048 2297 4107 tyrannum.
2316 4034 2410 4085 En.

1439 4174 1444 4181 ⁶
1484 4116 1536 4167 3.
1559 4116 1678 4167 Hoc
1702 4133 1809 4166 non
1831 4123 1969 4179 erat,
1994 4131 2153 4185 quum
2177 4110 2409 4163 dabatur.

1412 4194 1596 4261 Forte,
1620 4192 1904 4246 ‹le-debatur.
1930 4190 2095 4243 Gnos.
