3200 5117
772 537 895 613 402
1274 527 1368 594 Μ.
1416 513 2350 611 FABu'QmNTtLtAM

765 683 910 728 non
942 654 1413 743 transtulisset,
1438 651 1813 751 exigendi¹3
1835 651 1930 725 sic
1960 677 2241 753 quoque
2267 653 2417 727 sine
2441 652 2659 726 dubio
2683 677 2862 729 esset

766 771 995 842 ndstra
1039 794 1243 841 causa
1287 767 1577 839 melior:
1619 765 1740 839 sed
1784 787 2020 839 tamen
2064 767 2410 841 videretur
2457 767 2545 840 de
2587 794 2662 840 re
2708 768 2862 868 ipsa

762 911 907 957 esse
944 882 1315 956 contentio'.
1355 884 1563 955 Nunc
1606 882 1716 953 lex
1754 880 1887 953 hoc
1925 882 2268 973 continet,
2308 905 2389 955 ut
2425 910 2572 955 rem
2612 903 2859 957 tenea-

764 1027 957 1087 mu5‚
991 1025 1143 1098 quae
1188 998 1515 1072 translata
1549 1019 1683 1088 eet,
1721 1025 1876 1095 quae
1914 1000 2218 1098 professa
2260 1025 2406 1071 non
2449 1013 2638 1073 eet²z
2685 1002 2860 1097 quid

762 1118 1070 1207 interest,
1090 1115 1248 1215 quis
1267 1115 1613 1215 professus
1638 1140 1780 1187 non
1804 1113 1928 1186 sit?
1950 1114 2153 1188 nobis
2173 1141 2277 1189 res
2300 1115 2530 1189 dedita
2549 1137 2689 1204 θεῖς
2711 1115 2858 1190 hoec

759 1233 848 1303 de
867 1234 1051 1333 jure.
1088 1231 1224 1303 Sed
1239 1232 1358 1331 jus
1386 1230 1619 1329 ipsum
1655 1230 1986 1329 iniquum
2017 1250 2153 1302 est:
2191 1231 2330 1303 alio
2358 1257 2474 1304 me
2502 1257 2734 1323 vocas,
2763 1232 2855 1306 de

756 1346 896 1419 alio
921 1344 1263 1446 quereris:
1299 1344 1414 1417 dic
1436 1344 1621 1416 istud
1646 1343 2077 1441 reipublicae,
2103 1343 2218 1416 dic
2242 1345 2545 1436 senatui,
2572 1345 2684 1418 dic
2707 1372 2854 1419 ma·

758 1461 1105 1562 gistratui:
1149 1459 1468 1532 aerarium
1500 1461 1574 1529 P.
1607 1459 1689 1528 R.
1717 1457 2169 1557 vectigalibus
2210 1459 2467 1560 iniquis
2508 1460 2854 1560 repletur-3

758 1597 826 1648 et
850 1574 1242 1675 spoliantur
1274 1572 1675 1672 provinciae,
1701 1593 1770 1644 et
1793 1572 2146 1646 sublatum
2183 1575 2686 1648 commercium
2715 1597 2852 1649 est:

758 1717 887 1763 nos
933 1689 1399 1761 conduximus
1450 1687 1525 1759 id
1546 1744 1565 1777 ‚
1620 1687 1812 1786 quod
1856 1687 2228 1760 iocabatur.
2275 1690 2412 1761 Sed
2457 1690 2854 1789 respublica

757 1831 1036 1904 quoque
1054 1861 1073 1891 ,
1094 1831 1259 1876 cum
1282 1829 1423 1903 qua
1442 1803 1639 1901 queri
1666 1803 1947 1903 poteris»,
1967 1802 2176 1876 habet
2193 1805 2383 1902 quod
2409 1806 2852 1904 respondean

757 1922 1071 2021 primum
1106 1918 1283 1991 illud
1303 1975 1322 2009 ‚
1361 1918 1742 1991 necessaria
1775 1944 1916 1990 esse
1947 1917 2315 2019 vectigalia
2338 1919 2632 2010 eivitati;
2661 1946 2857 1993 exer*-

756 2038 932 2110 citus
956 2035 1385 2134 stipendium
1414 2034 1802 2134 accipiunt3
1832 2034 2017 2106 bella
2041 2036 2352 2134 quotidie
2374 2057 2713 2135 geruntur
2732 2037 2856 2109 ad-

752 2175 986 2224 versus
1024 2150 1347 2222 barbaras
1384 2169 1452 2221 et
1490 2147 2044 2221 bellicosissimas
2085 2170 2360 2248 gente53
2404 2149 2852 2222 defendimus

757 2269 977 2366 ripaS,
1007 2288 1075 2339 et
1101 2265 1428 2356 flumina,
1455 2285 1522 2337 et
1549 2265 1811 2338 littora:
1848 2265 1987 2337 huc
2015 2265 2234 2366 adjice
2260 2287 2330 2338 et
2351 2266 2523 2338 illud
2539 2296 2557 2356 3
2589 2265 2854 2367 templa

758 2402 1237 2453 exstruuntur:
1272 2380 1579 2452 multum
1612 2378 2133 2478 impendiorum
2165 2406 2353 2452 sacra
2384 2379 2687 2469 ducunt;
2716 2379 2851 2452 ali-

757 2496 975 2597 quid-²³
1010 2518 1077 2570 et
1103 2496 1532 2598 spectacula:
1565 2522 1739 2596 opus
1772 2516 1870 2568 est
1900 2496 2377 2597 vectigalibus,
2415 2499 2603 2569 Inter
2633 2496 2852 2569 vecti-

757 2669 941 2720 Justus
957 2705 974 2729 ,
1004 2690 1026 2713 «ι
1046 2668 1101 2718 in
1126 2663 1468 2735 vectigalibus
1490 2666 1607 2737 ipsa
1630 2682 1762 2736 prae-
1843 2684 1950 2717 non
1973 2677 2061 2719 est.
2091 2667 2272 2720 Scribe
2295 2689 2306 2717 :
2337 2683 2446 2738 quoe
2468 2663 2712 2717 translata
2735 2677 2840 2732 est,

764 2769 785 2792 a
805 2744 922 2812 dia,
947 2763 1054 2796 non
1078 2761 1330 2815 personas
1350 2744 1637 2794 conveniri.
1661 2741 1764 2794 Sed
1843 2762 1960 2818 quoe
1987 2744 2213 2817 professa
2243 2763 2346 2798 non
2370 2755 2451 2796 est.
2473 2742 2568 2794 Vel
2595 2755 2684 2794 aut
2707 2761 2843 2815 pro-

764 2848 786 2870 n
807 2827 861 2876 in
891 2842 1064 2876 rerum
1092 2819 1367 2873 mobilium
1402 2822 1763 2890 merciumque
1831 2823 1990 2895 fessa.
2013 2826 2178 2890 Nam,
2196 2836 2256 2874 ut
2278 2823 2521 2887 diximus,
2541 2821 2680 2873 idem
2703 2836 2850 2873 uter-

764 2930 787 2956 a
806 2907 1166 2981 professione,
1190 2904 1387 2954 factum
1413 2903 1571 2956 etiam
1593 2900 1763 2955 delin·
1845 2919 1948 2972 que
1973 2919 2143 2953 sermo
2168 2902 2455 2972 significat,
2471 2897 2563 2951 sed
2580 2899 2850 2971 posterior

766 3014 787 3035 ι
810 2989 1015 3060 quentis
1064 2982 1385 3048 attenditur,
1433 2995 1487 3035 et
1531 3001 1678 3035 error
1715 2996 1767 3035 et
1847 2977 2135 3050 simplicius
2170 2994 2220 3030 et
2257 2979 2469 3032 clarius.
2502 2979 2742 3031 Gnonov.
2776 2979 2850 3030 Et

765 3066 1125 3140 «ignorantia.
1150 3088 1172 3111 ι»
1208 3065 1387 3116 AEnon.

838 3164 855 3196 ι
868 3184 881 3197 .
898 3145 999 3215 Qui
1014 3163 1119 3196 non
1134 3137 1492 3207 transtulisset,
1507 3139 1763 3213 exigendi.

758 3222 1072 3276 Particulam
1089 3234 1369 3294 negantem
1378 3217 1609 3270 Pithoeus
1626 3216 1768 3269 addi·

759 3302 973 3355 dit.Vid.
988 3321 1053 3353 an
1068 3302 1241 3353 fuerit:
1252 3300 1401 3370 Siius
1409 3298 1766 3368 accepissemus

759 3381 964 3454 aliquid
976 3384 1041 3434 ab
1051 3402 1130 3448 eo,
1142 3380 1285 3453 quod
1292 3397 1397 3431 non
1409 3375 1764 3443 transtulisset,

757 3462 1012 3536 exigendi.
1028 3461 1124 3513 Gn.
1148 3460 1252 3529 Qui
1268 3457 1620 3523 transtulisset,
1632 3458 1760 3511 Obr.

758 3573 831 3584 —
846 3540 935 3595 Sic
957 3559 1163 3613 quoque
1183 3541 1292 3593 sine
1315 3538 1483 3590 dubio.
1510 3539 1627 3588 Hoc
1652 3550 1763 3603 est,

759 3621 811 3675 Si
837 3625 926 3693 jus
961 3621 1343 3690 accepissemus
1375 3635 1484 3668 non
1522 3629 1628 3667 tam
1668 3615 1764 3667 ad-

758 3717 939 3754 versus
963 3716 1102 3762 rem,
1127 3715 1284 3769 qnam
1309 3695 1555 3747 adversus
1579 3713 1763 3764 perso-

759 3798 909 3846 nam,
933 3775 1173 3847 exigendi
1192 3774 1437 3828 videlicet
1462 3772 1528 3825 ab
1552 3791 1646 3836 eo,
1673 3774 1764 3841 qui

761 3856 1141 3920 transtulisset,
1169 3872 1280 3905 non
1309 3854 1462 3904 etiarn
1493 3853 1569 3903 rei
1595 3853 1761 3922 ipsius

753 3943 871 4009 jure
895 3937 1161 3991 commissi
1185 3933 1496 3987 retinendae:
1524 3934 1598 3984 sic
1624 3949 1761 4005 quo-

760 4036 864 4090 que
884 4056 900 4085 ,
946 4031 1048 4070 etc.
1097 4018 1277 4069 AEnou.
1314 4043 1387 4055 —-
1426 4011 1525 4066 Sed
1567 4022 1758 4063 tamen.

763 4095 940 4168 Quod,
959 4097 1041 4149 vel
1056 4135 1073 4162 ,
1097 4096 1167 4149 sic
1191 4105 1382 4145 tamen.
1410 4093 1628 4143 Scunt‘r.
1660 4090 1763 4141 Ta·-

758 4195 877 4227 men
902 4194 1001 4247 pro
1026 4187 1231 4226 tantum
1257 4173 1402 4244 capit
1425 4169 1686 4222 AErodius.

834 4274 881 4308 π.
916 4255 1043 4327 Quoe
1064 4254 1315 4307 translata
1332 4264 1433 4318 est,
1456 4261 1515 4301 ut
1530 4249 1762 4322 professa

1829 3059 2070 3131 professa
2091 3078 2197 3112 non
2215 3071 2315 3127 est,
2336 3059 2513 3112 AErod.
2539 3060 2774 3112 Latinius
2797 3071 2851 3110 et

1846 3136 2047 3190 Schult.

1914 3218 1965 3271 3.
2003 3218 2162 3270 Sacra
2196 3219 2396 3271 ducunt
2432 3215 2654 3292 aliquid.
2692 3219 2851 3271 Sacra

1843 3296 2090 3348 indicunt
2109 3334 2126 3362 ,
2178 3294 2383 3368 aliquid
2435 3308 2487 3348 et
2538 3294 2847 3370 spectacula.

1849 3375 1992 3448 Opus
2033 3377 2100 3427 sit
2139 3395 2186 3427 v.
2234 3375 2462 3427 Senum:
2503 3373 2741 3448 Aliquod
2780 3373 2855 3424 ad

1842 3455 2132 3529 spectacula
2160 3478 2174 3505 .-
2219 3457 2361 3530 Opus
2396 3467 2468 3509 est
2497 3453 2847 3528 vectiqalibns.

1842 3538 2095 3590 Latinius.
2107 3536 2326 3611 Aliquid
2339 3550 2390 3590 et
2400 3557 2473 3610 sp.
2488 3537 2616 3590 Obr.
2630 3534 2853 3608 Aliquid

1842 3616 1914 3667 ad
1935 3614 2226 3688 spectacula
2255 3634 2382 3686 opus
2408 3627 2481 3667 est
2499 3611 2845 3687 vectigalibus.

1841 3691 2020 3744 AErod.
2036 3693 2256 3744 Ducunt
2267 3712 2374 3745 non
2391 3711 2681 3745 moverem:
2700 3689 2848 3766 quod

1841 3771 2059 3823 verbum
2072 3773 2336 3824 rationum
2349 3790 2463 3824 esse
2477 3769 2850 3823 ostenditGro·

1840 3869 1962 3902 nov.
1979 3849 2108 3902 obs.
2126 3851 2192 3916 11,
2218 3867 2306 3916 ro,
2321 3849 2401 3901 vel
2424 3852 2544 3920 capi
2563 3862 2739 3922 potest
2757 3847 2847 3899 hic

1838 3948 1940 4001 pro
1958 3946 2101 3980 sacra
2117 3947 2297 3982 secum
2310 3929 2511 3981 ducunt
2524 3966 2541 3992 ,
2562 3927 2614 3980 id
2632 3942 2735 3993 est,
2755 3945 2851 3978 ne-

1843 4010 2072 4061 cessario
2089 4012 2303 4078 exigunt
2318 4007 2540 4060 multum
2556 4005 2852 4079 impendio-

1842 4110 1975 4142 rum.
2017 4092 2182 4144 Ruunt.
2218 4091 2435 4162 —Opus
2468 4101 2543 4142 est
2578 4087 2852 4165 vectigali-

1842 4170 1944 4221 bus.
1985 4171 2309 4221 Posti-emam
2335 4186 2519 4221 vocem
2543 4183 2642 4237 pro
2667 4167 2851 4237 spuria

1835 4246 2036 4318 judico.
2063 4245 2231 4298 Giton.
