3200 5117
1243 523 1337 586 M.
1386 521 1638 585 FABII
1685 517 2322 603 QUINTILIA‘NI

743 548 816 589 12

738 791 1025 812 mmm
1036 788 1898 812 mmmmmwssflwmm
1907 787 2386 808 mmmm&
2399 789 2484 808 m
2493 789 2514 806 ἱ
2527 787 2808 807 ἏἏΑἋΛΊ

1509 993 2052 1068 CCXLVII.

741 1226 1041 1285 Ram-oms
1074 1240 1304 1282 mvi-ns
1332 1239 1494 1281 nom
1519 1239 1738 1279 uiam
1765 1239 1929 1279 uxon
1956 1241 2253 1281 Accium.
2291 1218 2651 1281 Adolescens
2671 1219 2841 1279 locu-

830 1320 960 1403 ples
980 1320 1215 1402 rapuit,
1240 1313 1606 1399 priusquam
1630 1327 1871 1397 optaret
1888 1318 2096 1399 puella
2109 1362 2127 1393 ‚
2147 1318 2315 1377 misit
2333 1317 2410 1376 ad
2430 1339 2564 1378 eam
2590 1318 2841 1399 propin-

831 1438 990 1498 quos
1027 1427 1350 1496 rogatum,
1389 1427 1460 1474 ut
1499 1414 1750 1495 nuptias
1786 1411 2057 1476 haberet.
2101 1415 2343 1475 Auditis
2377 1414 2484 1473 illa
2520 1414 2838 1496 precibus,

832 1516 1031 1575 tacuit
1047 1527 1108 1574 et
1127 1515 1313 1574 flevit.
1341 1513 1654 1572 Percussit
1676 1533 1737 1571 se
1761 1512 2139 1574 adolescens:
2166 1515 2337 1595 prius
2362 1531 2552 1594 quam
2581 1510 2842 1593 exspira-

835 1625 952 1689 ret,
979 1613 1217 1694 optavit
1241 1609 1349 1670 illa
1372 1612 1624 1691 nuptias
1641 1653 1658 1685 ‚
1682 1622 1904 1691 petunt
1929 1610 2097 1671 bona
2124 1610 2462 1693 propinqui
2486 1622 2549 1669 et
2570 1629 2745 1668 uxor.

1599 1781 1966 1847 SERMO.

834 1936 1359 2001 Demonstranda
1390 1937 1578 2003 vobis
1607 1956 1712 2004 est
1745 1942 1869 2005 via.
1901 1927 2141 2004 Videte
2176 1937 2336 2030 quid
2371 1956 2648 2027 utraque
2682 1958 2831 2024 pars

746 2041 936 2120 velit,
969 2040 1129 2130 quid
1168 2059 1447 2131 utraque
1481 2065 1633 2130 pars
1664 2042 1870 2124 dicat,
1909 2047 1986 2108 et'
2004 2041 2169 2108 illud
2206 2067 2404 2133 quam
2437 2042 2581 2108 fieri
2615 2057 2833 2131 potest

747 2146 1132 2211 brevissime
1149 2163 1216 2212 et
1229 2148 1822 2237 significantissime
1838 2149 2402 2236 comprehendite.
2419 2152 2508 2213 Ut
2523 2164 2687 2239 puto
2701 2197 2718 2227 ‚
2736 2147 2835 2211 di-

748 2253 838 2317 cit
868 2251 1009 2318 haec
1040 2254 1294 2341 puella,
1330 2278 1497 2321 uxor
1524 2279 1708 2321 sum:
1743 2256 2008 2344 nuptias
2038 2256 2213 2319 enim
2245 2256 2502 2344 optavi:
2539 2253 2831 2344 optando

748 2358 967 2423 statim
994 2361 1303 2424 maritum
1324 2360 1571 2428 hahere
1610 2361 1798 2425 illum
1826 2361 2037 2449 coepi:
2064 2384 2344 2444 necesse·
2365 2364 2539 2427 enim
2569 2376 2708 2425 erat
2739 2358 2839 2423 illi

748 2466 983 2531 marito
1005 2490 1171 2546 esse,
1195 2470 1246 2531 si
1268 2469 1554 2532 viveret:
1581 2491 1706 2533 nec
1729 2484 2032 2556 tempore
2056 2484 2149 2533 ut¹
2178 2470 2693 2548 matrimonium,
2716 2464 2833 2531 sed

740 2571 912 2660 jure.
951 2574 1109 2637 Haec
1142 2588 1325 2638 certo
1346 2572 1984 2662 comprehendenda
2008 2591 2162 2640 sunt
2194 2574 2624 2641 finitionibus.
2661 2575 2843 2638 Dicit

747 2701 897 2766 pars
923 2677 1209 2760 diversa,
1236 2683 1385 2746 Non
1410 2681 1591 2747 fuisti
1627 2705 1821 2748 uxor:
1857 2707 1992 2749 non
2020 2685 2300 2774 nupsisti
2325 2707 2474 2749 cum
2498 2683 2646 2747 illo:
2680 2689 2836 2769 ὀρ-

770 2879 775 2884 ,
827 2848 997 2900 1.Nec
1016 2858 1251 2919 tempore
1274 2859 1349 2900 ut.
1382 2850 1480 2900 Hic
1504 2848 1654 2901 locus
1679 2852 1754 2903 sic

750 2923 975 2973 fortasse
1001 2923 1353 2977 restituendus
1381 2938 1490 2978 est:
1519 2945 1612 2978 nec
1634 2940 1756 2979 tem·

744 3019 872 3073 pore
894 3015 955 3054 ut
971 3005 1345 3075 patrimonium
1359 3046 1376 3073 ,
1389 3003 1463 3079 fit
1486 3009 1758 3059 matrimo-

751 3087 897 3137 nium
911 3125 928 3153 ,
951 3086 1039 3139 sed
1054 3088 1206 3157 jum.-
1234 3085 1341 3139 hoec
1364 3099 1509 3157 certo>
1526 3105 1760 3158 compre-

753 3165 1020 3218 hendenda
1063 3180 1187 3219 sunt
1218 3166 1564 3239 finitionibus.
1613 3169 1761 3221 Dicit

747 3263 866 3314 pars
884 3246 1106 3308 diversa,
1144 3267 1249 3299 non
1262 3249 1424 3320 fuisti
1445 3267 1594 3316 uxor,
1621 3269 1758 3320 nup-

751 3325 857 3375 sisti
887 3343 1002 3375 cum
1038 3324 1166 3388 iuo;
1197 3341 1249 3380 et
1283 3329 1446 3399 paulo
1472 3344 1634 3399 post:
1679 3330 1760 3381 Tu

754 3423 857 3455 non
911 3424 961 3457 es
1008 3407 1214 3459 tradita.
1272 3411 1652 3464 Patrimonium
1701 3409 1760 3461 fit

753 3500 989 3558 tempore
1003 3524 1020 3550 ‚
1046 3486 1195 3558 quod
1216 3508 1315 3542 usu
1335 3492 1560 3562 capitur.
1581 3492 1759 3561 Atque

754 3578 806 3616 et
829 3583 926 3638 usu
953 3565 1011 3618 fit
1034 3584 1197 3617 uxor:
1234 3567 1379 3636 quod
1410 3567 1536 3619 alibi
1564 3582 1617 3620 et
1643 3567 1759 3640 plu-

757 3642 901 3695 ribus
926 3644 1287 3696 tractavimus.
1322 3643 1425 3697 Sed
1447 3644 1559 3698 haec
1585 3644 1758 3697 rheto-

755 3728 861 3777 rice
885 3725 1156 3792 dicuntur,
1195 3743 1305 3777 non
1327 3725 1573 3796 juridice.
1609 3729 1755 3779 Pt‘ru.

756 3806 987 3860 Pithoeus
1022 3826 1325 3878 perperam:
1369 3826 1461 3858 nec
1504 3818 1759 3878 tempore,

756 3897 813 3936 ut
832 3885 1236 3955 patrimonium,
1246 3883 1321 3957 fit
1352 3885 1761 3947 matrimonium.

756 3966 1133 4016 Patrimonium
1192 3980 1429 4036 tempore
1485 3965 1593 4017 fieri
1655 3967 1759 4033 ait,

760 4043 907 4115 quod
920 4063 1019 4097 usu
1036 4043 1263 4116 capitur.
1274 4047 1370 4096 Hic
1384 4044 1616 4115 objectat
1634 4044 1731 4096 sibi
1747 4065 1758 4092 ι

761 4127 909 4196 atqui
944 4140 997 4177 et
1036 4143 1134 4178 usu
1168 4128 1226 4178 fit
1261 4145 1412 4179 uxor.
1456 4125 1764 4199 Respondet

760 4206 869 4258 haec
902 4205 1162 4260 rhetorice
1191 4206 1325 4272 dici,
1370 4225 1476 4258 non
1518 4207 1759 4277 juridice.

1833 2853 1997 2904 Immo
2034 2853 2412 2923 patrimonium
2443 2869 2564 2902 non·
2588 2850 2842 2920 usucapi-

1833 2943 1937 2997 tur,
1956 2928 2050 2982 sed
2073 2932 2246 2982 statim
2276 2945 2354 2983 est
2377 2928 2468 2981 filii
2483 2965 2500 2990 ‚
2522 2927 2839 2998 simulatque

1836 3010 2055 3064 decessit
2077 3024 2245 3083 pater.
2268 3012 2350 3063 Sic
2369 3011 2582 3064 Curioni
2601 3021 2725 3081 post
2743 3026 2836 3079 pa-

1838 3091 1929 3143 tris
1971 3103 2194 3141 mortem
2235 3091 2420 3142 Cicero
2462 3087 2839 3159 patrimonium

1837 3166 2147 3238 gratulatur.
2195 3169 2444 3219 Praeterea
2502 3164 2701 3218 inutilis
2751 3163 2840 3215 hic

1839 3249 2038 3298 mentio
2059 3245 2394 3317 patrimonii,
2419 3256 2473 3295 et
2504 3243 2735 3295 insolens
2759 3242 2840 3295 in-

1840 3324 2050 3376 culcare
2070 3321 2332 3375 vocabula
2353 3335 2545 3394 praeter
2568 3322 2840 3374 necessita·

1839 3415 1961 3454 tem.
1988 3402 2198 3456 Scribe:
2225 3420 2319 3453 nec
2339 3412 2566 3472 tempore
2573 3399 2652 3472 fit
2664 3401 2840 3451 matri-

1841 3486 2079 3537 monium
2093 3521 2113 3548 ,
2148 3484 2385 3555 sedjuoe.
2421 3484 2512 3534 His
2533 3481 2707 3534 verbis
2730 3499 2840 3532 non

1842 3562 2018 3614 obstat
2036 3563 2428 3615 matrimonium
2447 3569 2562 3613 usu.
2582 3560 2842 3631 Loquitur

1843 3643 1982 3692 enim
2013 3640 2080 3693 de
2115 3639 2206 3691 illo
2247 3657 2440 3710 genere
2480 3638 2843 3690 matrimonio-

1841 3739 1986 3788 rum,
2005 3724 2060 3773 in
2074 3721 2265 3794 quibus
2288 3740 2414 3774 usus
2436 3734 2490 3773 et
2507 3734 2712 3792 tempus
2732 3713 2846 3771 non

1843 3803 2004 3857 habet
2024 3803 2217 3856 locum.
2234 3805 2468 3856 Gnouov.
2488 3803 2740 3873 Tempore
2744 3798 2841 3874 fit,

1847 3886 2001 3935 etiam
2024 3884 2258 3935 Latinius
2274 3895 2326 3933 et
2345 3879 2728 3952 Schultingius‚
2749 3881 2845 3951 qui

1840 3964 1998 4014 etiam
2028 3963 2215 4012 nititur
2247 3958 2590 4030 conjiciebat:
2620 3971 2844 4030 tempore

1840 4044 1960 4096 coit.
1986 4044 2116 4096 Obr.

1914 4143 1959 4176 2.
2000 4125 2222 4197 Optione
2262 4123 2467 4176 tradita.
2512 4123 2842 4194 conjicerem

1842 4204 1981 4275 optio
2007 4222 2078 4259 ne
2095 4202 2296 4255 tradita.
2325 4203 2416 4253 Eu.
