3200 5117
702 543 793 611 60
1210 548 1304 612 M.
1350 543 1604 612 FABII
1646 544 2283 630 QUINTILIANI

674 680 678 686 '
702 671 1043 746 laetissimo
1063 671 1329 771 alioqui
1351 671 1603 744 domus
1627 692 1874 744 nostrae
1895 694 2229 772 proventu
2252 729 2271 762 ,
2307 670 2788 772 gravissimum

704 788 919 861 funus
951 810 1022 861 et
1048 790 1313 862 crimen
1347 789 1771 861 inurebatur.
1801 792 1960 862 Jam
1993 788 2184 862 vides
2218 816 2430 886 quare
2459 817 2602 861 non
2638 815 2792 862 ces-

706 903 906 976 seris:
938 903 1070 976 hoc
1091 904 1221 977 tibi
1245 905 1533 1003 praemio
1554 905 1798 1006 'majus
1829 905 2221 996 videbatur,
2257 907 2595 978 committi
2631 933 2792 979 cum

705 1040 934 1118 patre,
975 1043 1043 1094 et
1074 1022 1522 1120 parricidium
1567 1025 1794 1096 facere
1834 1023 2034 1124 jure:
2081 1023 2213 1096 hoc
2245 1024 2551 1123 profecto
2582 1023 2791 1095 etiam

710 1134 784 1207 in
835 1135 983 1208 acie
1036 1138 1265 1208 facere
1313 1138 1667 1236 cogitasti:
1717 1159 1784 1211 et
1815 1165 2039 1238 quum
2071 1137 2431 1210 imitareris
2466 1138 2793 1210 virtutem

710 1276 977 1338 meam,
1022 1277 1166 1323 non
1198 1252 1485 1352 optandi
1520 1253 1671 1352 jus,
1701 1252 1821 1326 sed
1853 1253 2214 1353 pugnandi
2247 1253 2549 1352 quaerere
2593 1251 2794 1323 vide-

707 1364 915 1438 baris.
960 1369 1142 1466 Ego,
1188 1388 1533 1466 quantum
1577 1389 1679 1440 est
1713 1367 1790 1441 in
1819 1390 1923 1459 te,
1967 1369 2042 1440 in
2078 1368 2308 1440 medio
2337 1370 2524 1458 foro,
2562 1389 2630 1441 et
2651 1366 2799 1439 uni-

707 1506 905 1552 versa
931 1503 1281 1581 spectante
1315 1484 1580 1557 civitate
1598 1540 1617 1573 ,
1646 1483 1773 1555 filii
1799 1509 2012 1558 manu
2039 1482 2415 1556 trucidatus
2440 1509 2633 1555 sum:
2661 1482 2795 1570 vel,

709 1595 898 1694 quod
946 1618 1048 1669 est
1090 1598 1402 1697 gravius,
1447 1597 1709 1670 occidi:
1761 1619 1838 1671 tu
1888 1599 2362 1697 perseverasti,
2413 1624 2634 1696 quum
2680 1621 2797 1667 me

710 1735 963 1809 cupere
996 1712 1092 1784 sic
1128 1713 1416 1786 videres,
1460 1714 1874 1786 Etiamnum
1909 1714 2256 1812 interrogo
2283 1771 2302 1803 ‚
2356 1729 2374 1758 ¹
2406 1733 2797 1785 staturusne

711 1845 948 1898 contra
985 1828 1201 1899 fueris
1234 1827 1635 1900 dicturum?
1667 1854 1832 1912 nam
1869 1828 1928 1898 si
1970 1828 2163 1902 fuisti
2211 1845 2796 1925 perseveraturus,

715 1940 870 2014 vide
903 1968 996 2014 an
1039 1943 1308 2041 gravius
1350 1944 1562 2015 etiam
1596 1942 1864 2014 crimen
1894 1942 1978 2014 sit
1998 1998 2017 2031 ,
2055 1941 2233 2040 patri
2264 1967 2582 2038 negasse,
2609 1939 2800 2038 quod

713 2075 1027 2152 praestare
1055 2076 1341 2154 poteras.
1369 2054 1574 2127 Habe
1597 2080 1759 2153 ergo
1788 2054 2160 2153 praemium
2189 2052 2403 2144 istud,
2433 2073 2804 2151 quantum-

714 2197 994 2269 cunque
1026 2171 1099 2244 in
1130 2199 1210 2245 eo
1239 2171 1526 2245 honoris
1551 2192 1687 2243 est:
1723 2170 1843 2242 sed
1869 2190 2229 2241 contentus
2252 2189 2394 2241 esto
2427 2166 2799 2269 appellasse

714 2284 1223 2384 rempublicam
1238 2316 1256 2375 ;
1305 2285 1580 2358 discede
1627 2283 1714 2356 de
1756 2283 1968 2355 domo
2001 2297 2244 2355 mea²z
2301 2310 2447 2356 non
2495 2282 2648 2383 jam
2692 2283 2803 2355 ul-

713 2399 923 2472 tionis
952 2401 1169 2500 gratia
1200 2401 1411 2491 facio,
1442 2399 1561 2473 sed
1597 2399 1806 2472 etiam
1833 2398 2247 2471 securitatis:
2280 2399 2631 2472 insomnes
2654 2425 2804 2470 noc-

712 2538 817 2592 tes
838 2542 997 2617 ago,
1025 2538 1091 2589 et
1111 2515 1198 2588 ad
1216 2543 1459 2589 omnes
1474 2536 1731 2587 terreor
1754 2515 2071 2616 strepitus
2095 2543 2111 2587 ε
2139 2515 2337 2589 nulla
2355 2514 2532 2588 mihi
2558 2541 2801 2588 secura

715 2660 851 2706 nox
883 2654 1014 2705 est:
1064 2633 1287 2704 habeo
1314 2633 1388 2704 in
1409 2633 1624 2705 domo
1646 2631 1910 2722 filium,
1934 2633 2059 2729 qui
2081 2660 2195 2705 me
2215 2634 2447 2734 potuit
2468 2631 2797 2706 occidere.

712 2752 894 2821 Nam
944 2748 1209 2848 praemii
1263 2748 1548 2846 quidem
1592 2749 1808 2848 gratia
1854 2749 2229 2822 strinxisses
2259 2751 2523 2823 ferrum
2571 2768 2802 2821 contra

715 2883 981 2962 patrem
1001 2922 1019 2953 ,
1049 2865 1210 2938 etin
1242 2887 1615 2967 conspectu
1641 2865 1925 2938 civitatis
1944 2867 2331 2967 populique
2352 2866 2802 2966 parricidium

716 2979 1035 3070 fecisses3
1082 3003 1159 3054 ut
1208 2982 1407 3056 heres
1455 2982 1655 3055 citius
1703 2982 1866 3073 fias,
1909 3003 1987 3056 ut
2031 2983 2217 3056 bona
2260 3009 2418 3055 mea
2464 3007 2800 3081 occupeS,

1875 3173 1922 3206 2.
1944 3154 2155 3208 Discede
2170 3152 2234 3203 de
2251 3151 2404 3203 domo
2424 3168 2556 3202 mea.
2583 3150 2705 3200 Haec
2724 3161 2805 3200 est

718 3249 799 3283 ne.
824 3230 966 3285 Alias
992 3245 1285 3286 statumme
1314 3246 1495 3288 contra
1515 3234 1723 3304 fueris?
1800 3251 1978 3304 graecae
2009 3231 2358 3285 abdicationis
2389 3228 2652 3295 formula,
2684 3245 2805 3277 mu-

794 3165 837 3200 ι.
859 3151 1167 3203 Etiamnum
1185 3150 1459 3225 intermqo,
1474 3163 1720 3205 staturus-

716 3330 786 3362 an
810 3324 991 3364 contra
1003 3314 1176 3385 ficei-is
1197 3314 1465 3367 dicturus?
1484 3315 1565 3368 vel
1580 3353 1597 3380 ‚
1621 3325 1721 3366 sta-

718 3388 942 3442 merisne
962 3401 1010 3441 te
1026 3391 1162 3443 mihi
1178 3392 1635 3445 contradicturum.
1652 3395 1725 3446 Ut

718 3486 777 3524 ut
822 3473 888 3524 sit
903 3510 920 3539 ,
960 3489 1149 3524 sensus
1196 3486 1307 3526 est:
1349 3474 1566 3526 Etiamsi
1612 3491 1724 3524 uon

719 3548 928 3615 duello,
952 3548 1047 3602 sed
1069 3552 1123 3601 in
1145 3549 1350 3622 judicio
1371 3555 1491 3622 jure
1515 3566 1567 3605 et
1590 3549 1724 3623 legi-

717 3631 818 3683 bus
843 3630 909 3683 de
933 3644 1113 3684 nostra
1135 3634 1328 3685 virtute
1351 3646 1403 3684 et
1426 3635 1638 3704 praemio
1661 3632 1726 3684 li-

718 3709 994 3781 tigandum
1035 3722 1203 3777 esset,
1240 3728 1306 3763 an
1344 3725 1403 3764 tu
1443 3714 1566 3765 item
1581 3750 1597 3777 ‚
1633 3714 1724 3783 qui

721 3787 970 3843 adversus
1001 3809 1084 3842 me
1115 3792 1171 3842 in
1203 3789 1406 3861 judicio
1445 3805 1581 3843 stare
1615 3808 1723 3841 non

720 3882 905 3939 potes,
938 3868 1039 3921 nisi
1065 3870 1220 3921 venia
1248 3888 1279 3922 a
1305 3882 1525 3940 praetore
1555 3870 1727 3940 impe-

722 3960 888 4013 trata,
912 3950 1155 4000 statueris
1181 3960 1232 4000 te
1254 3947 1382 4000 mihi
1404 3948 1602 4000 dicenti
1625 3966 1725 4018 op-

722 4044 920 4096 ponere
937 4063 955 4091 ,
978 4040 1031 4078 et
1052 4045 1232 4079 verum
1257 4046 1445 4099 parare
1473 4025 1724 4079 adversa-

722 4109 899 4159 rium?
936 4106 992 4158 id
1034 4122 1242 4174 autem,
1274 4109 1480 4179 inquit,
1515 4109 1726 4178 gravius

723 4190 923 4240 crimen
952 4190 1052 4255 sit,
1079 4203 1182 4242 etc.
1214 4190 1395 4242 AEnoo.
1424 4190 1729 4242 statur-ame

724 4278 905 4321 contra
916 4266 1115 4340 fuer-is,-
1138 4267 1224 4320 dic
1245 4268 1455 4321 utrum?
1471 4265 1725 4321 Obrecht.

1804 3325 1949 3364 tuata
1995 3330 2059 3365 ex
2103 3327 2319 3363 romana
2365 3305 2577 3379 repudii
2610 3328 2623 3357 ε
2667 3306 2806 3358 infra

1803 3390 2036 3443 Declam.
2060 3389 2299 3444 oeLxll.
2325 3387 2423 3440 Cui
2450 3405 2559 3438 non
2590 3386 2805 3437 omniuo

1804 3472 2052 3527 absimilis
2075 3486 2125 3524 et
2143 3471 2262 3536 ina,'
2281 3489 2385 3543 qua
2404 3469 2643 3521 amicitioe
2662 3485 2808 3518 more

1804 3554 2060 3622 majorum
2075 3548 2479 3613 dirimebantur,
2493 3560 2552 3599 ut
2568 3558 2644 3598 est
2663 3543 2807 3614 apud

1803 3631 1972 3681 Tacit.
1996 3626 2185 3679 Annal.
2212 3626 2305 3679 lib.
2326 3630 2396 3680 vl
2411 3664 2429 3693 ,
2455 3626 2605 3694 cujus
2629 3639 2807 3674 exem-

1803 3707 1891 3781 pla
1917 3708 1960 3760 si
1984 3708 2101 3779 quis
2126 3708 2389 3777 requirat,
2412 3702 2638 3775 reperiet
2660 3698 2807 3772 apud

1806 3788 2115 3840 Suetonium
2137 3786 2194 3837 in
2216 3788 2453 3855 Augusto
2473 3780 2572 3845 66,
2594 3781 2724 3831 Caio
2743 3778 2777 3831 3
2791 3816 2808 3845 ,

1806 3880 1860 3918 et
1882 3864 1948 3918 de
1972 3864 2267 3918 Illustribus
2292 3864 2581 3915 Grammat.
2607 3860 2665 3909 in
2682 3859 2812 3911 Cur-

1805 3946 1909 4010 tio,
1928 3944 2077 3996 Nicia
2090 3980 2108 4009 ‚
2127 3941 2297 3995 Valet.
2318 3941 2461 3991 Max.
2481 3936 2574 3989 lib.
2590 3938 2657 4001 V,
2677 3954 2724 3988 c.
2746 3937 2811 4001 8,

1804 4023 1897 4076 ubi
1915 4022 2144 4076 formula
2167 4020 2302 4073 baec:
2330 4041 2352 4066 α
2367 4018 2613 4069 Protinus
2632 4035 2661 4068 e
2680 4034 2812 4068 con-

1811 4130 1834 4152 «
1857 4118 2042 4177 speetu
2054 4122 2176 4156 meo
2190 4102 2353 4182 ffliPm
2368 4096 2736 4168 abirejubes‚·
2757 4107 2811 4146 et

1809 4187 1938 4241 alios
1953 4199 2214 4249 auctores,
2229 4198 2454 4254 quorum
2470 4179 2556 4232 hic
2571 4178 2719 4229 locos
2734 4193 2812 4227 as·

1806 4264 2008 4319 cribet-e
2022 4263 2153 4317 nihil
2168 4279 2304 4334 opus
2319 4279 2435 4314 esse
2448 4258 2647 4331 putavi.
2663 4257 2807 4307 Pm.
