3200 5117
784 571 867 650 44
1283 567 1376 653 M.
1424 565 1674 630 FABII
1719 564 2349 647 QU1NT1L1AN1

781 687 899 759 sed
937 686 1219 787 publica
1259 683 1731 758 humanitate:
1778 710 1930 784 quae
1963 684 2249 782 quidem
2289 684 2437 781 ipsa
2470 709 2582 753 me
2612 681 2688 755 in
2730 683 2861 756 hoe

781 804 1123 874 exhortata
1165 822 1300 890 est,
1340 823 1417 871 ut
1462 799 1888 897 rogationem
1925 798 2013 869 ad
2044 824 2159 869 vos
2197 797 2282 868 de
2322 797 2684 869 retinendo
2719 798 2861 870 cive

779 918 1032 988 ferrem
1069 919 1139 987 in
1175 916 1431 987 civitate
1467 936 1610 985 tam
1647 913 2110 984 misericorde.
2137 915 2413 1010 Negant
2437 913 2862 1010 rogationem

783 1058 924 1101 esse
950 1029 1417 1129 recipiendam
1433 1086 1451 1117 ,
1488 1053 1639 1124 quae
1659 1027 1745 1098 ad
1769 1025 2079 1124 singulos
2103 1026 2428 1098 homines
2458 1042 2475 1072 ¹
2498 1029 2857 1126 pertineat.

780 1136 927 1240 Ego
962 1171 1161 1242 porro
1192 1143 1321 1214 hoc
1352 1143 1424 1212 in
1460 1169 1541 1214 eo
1570 1142 1761 1242 jure,
1798 1140 1988 1237 quod
2020 1161 2466 1243 perpetuum,
2498 1161 2565 1213 et
2591 1142 2669 1213 in
2703 1169 2870 1213 om-

782 1259 896 1328 nia
924 1280 1239 1357 tempora
1264 1257 1618 1347 scribitur,
1650 1255 1966 1329 existimo
1996 1284 2140 1329 esso
2170 1257 2607 1329 servandum.
2639 1261 2865 1332 Potest

782 1372 974 1444 enim
1012 1372 1149 1442 dici
1187 1373 1366 1443 mihi
1391 1429 1410 1461 ,
1444 1372 1520 1443 in
1551 1373 1890 1444 honorem
1931 1371 2242 1444 hominis
2276 1372 2484 1445 unius
2524 1371 2864 1472 obligabis

780 1504 1096 1584 tempora
1132 1487 1403 1576 futura,
1451 1507 1517 1558 et
1548 1513 1793 1558 omnes
1829 1486 2072 1559 eadem
2107 1487 2502 1559 necessitate
2536 1487 2865 1559 constrin-

782 1626 917 1698 ges.
975 1603 1217 1700 Itaque
1269 1602 1538 1699 quoties
1583 1602 1672 1675 ad
1719 1628 2013 1700 praesens
2059 1603 2546 1674 tantummodo
2591 1623 2866 1702 tempus

782 1715 1042 1812 rogatio
1084 1716 1329 1805 fertur,
1375 1742 1466 1787 ne
1505 1716 1668 1788 ferri
1714 1715 2035 1813 quidem,
2071 1715 2210 1786 nisi'
2248 1716 2332 1788 de
2375 1715 2698 1815 singulis,
2733 1741 2867 1814 po-

782 1847 927 1899 test.
972 1830 1182 1919 Quod
1218 1831 1271 1902 si
1299 1830 1483 1903 hane
1520 1830 1835 1909 tollimus
1866 1830 2472 1920 consuetudinem,
2503 1858 2630 1902 nec
2659 1831 2868 1903 duces

783 1942 870 2013 ad
891 1945 1217 2017 exercitus
1238 1945 1575 2018 «lucemus
1593 1961 1646 2035 ²,
1672 1972 1799 2018 nec
1817 1945 2202 2046 provincias
2224 1946 2676 2019 decernemus
2691 2001 2711 2035 ‚
2736 1972 2866 2018 nec

783 2057 1076 2158 imperia
1109 2063 1673 2162 prorogabimus:
1712 2050 1952 2134 omnia
1995 2063 2187 2134 enim
2231 2062 2358 2136 ista
2399 2061 2867 2162 rogationibus

785 2174 874 2245 ad
928 2176 1237 2273 singulos
1295 2178 1803 2278 pertinentibus
1854 2198 2453 2250 consummantur.
2517 2179 2610 2250 At
2675 2178 2865 2251 enim

785 2312 1019 2363 contra
1055 2292 1277 2391 legem
1312 2296 1574 2393 rogatio
1609 2315 1745 2368 est:
1779 2294 1835 2365 si
1865 2295 2266 2385 confiterer,
2300 2295 2603 2366 dicerem
2633 2280 2865 2369 tamen

785 2433 927 2478 non
957 2409 1252 2482 ferendae
1284 2412 1656 2511 rogationis
1689 2438 1832 2484 esse
1863 2439 2142 2485 causam
2162 2470 2181 2503 ‚
2211 2412 2337 2484 ubi
2367 2414 2476 2486 lex
2506 2433 2623 2485 est.
2672 2412 2866 2502 Quid

785 2524 977 2595 enim
1015 2553 1286 2600 necesse
1316 2550 1413 2599 est
1442 2529 1797 2601 convocari
1831 2528 2086 2620 tribus,
2124 2525 2437 2601 contrahi
2477 2529 2819 2629 populum
2847 2586 2866 2618 ‚

785 2639 837 2710 si
871 2640 1059 2711 idem
1090 2643 1270 2715 effici
1290 2645 1449 2744 jure
1476 2667 1724 2736 vetere,
1749 2668 1816 2719 et
1839 2647 1988 2747 jam
2017 2646 2188 2719 olim
2214 2647 2590 2720 constituto
2611 2643 2869 2746 potest?

785 2753 1001 2850 Igitur
1022 2754 1075 2825 si
1104 2757 1364 2857 rogatio
1392 2786 1840 2867 supervacua,
1873 2758 1996 2832 uhi
2028 2759 2175 2833 lex³
2205 2788 2349 2834 non
2379 2782 2516 2868 est,
2555 2786 2699 2832 non
2727 2760 2867 2832 fere

861 2919 905 2954 ι.
936 2904 1060 2973 Quae
1080 2907 1152 2958 ad
1167 2907 1395 2982 sinyulos
1420 2909 1653 2963 homines
1665 2928 1784 2984 per-
1866 2910 2043 2963 adbue
2072 2912 2328 2965 obscurus
2351 2932 2366 2965 =
2397 2930 2581 2965 sensus
2610 2924 2718 2976 est,
2750 2928 2868 2962 meo

787 2979 964 3034 tinent.
990 2986 1113 3036 Fuit
1136 2988 1273 3038 enim
1294 2987 1375 3038 lex
1393 2989 1517 3055 ΧΠ,
1536 3008 1603 3040 ne
1620 2983 1789 3060 privt‘·
1868 2993 2083 3065 quidem
2100 2994 2335 3064 judicio:
2362 2997 2467 3047 Lex
2490 3006 2568 3045 est
2592 3011 2705 3065 quae
2727 3003 2870 3043 vetat

787 3058 975 3131 leyium
991 3063 1530 3138 irroqator.Caetet-um
1542 3068 1788 3136 interver-
1863 3075 2195 3144 rogationem
2228 3070 2615 3145 recipiendam,
2649 3088 2765 3140 quae
2799 3066 2868 3120 ad

785 3158 901 3192 sum
926 3140 1168 3195 ordinem
1196 3147 1252 3197 in
1280 3146 1386 3199 hoc
1414 3148 1533 3199 loco
1562 3166 1678 3201 esse
1702 3166 1787 3199 ar-
1867 3151 2104 3221 singulos
2139 3150 2380 3203 homines
2418 3151 2697 3221 pertineat.
2735 3149 2869 3198 Item

783 3219 980 3289 bitror,
1008 3236 1067 3275 ut
1100 3225 1227 3278 alins
1259 3228 1590 3300 plerumque.
1624 3229 1787 3299 Igitur

785 3299 1079 3372 subjungo:
1108 3305 1282 3359 Potest
1312 3308 1453 3358 enim
1484 3307 1589 3359 dici
1615 3306 1751 3357 milii
1765 3344 1783 3371 ‚

785 3380 850 3430 In
880 3380 963 3433 ho.
992 3382 1074 3434 ho.
1098 3403 1144 3434 v.
1171 3386 1292 3438 obli.
1320 3398 1383 3438 te.
1397 3387 1450 3458 f.
1477 3397 1528 3436 et
1549 3405 1596 3438 ο.
1622 3405 1699 3439 ea.
1722 3405 1788 3436 ne

786 3461 1108 3532 constrinqes.
1132 3463 1247 3535 qu
1271 3481 1424 3534 porro
1453 3461 1549 3514 hoc
1577 3463 1632 3515 in
1659 3482 1717 3517 eo
1731 3467 1784 3536 j.

788 3557 839 3610 q.
853 3558 908 3611 p.
925 3541 1047 3592 etin
1062 3559 1107 3593 ο.
1132 3553 1167 3594 t.
1192 3560 1283 3595 ser.
1300 3563 1378 3597 ex.
1398 3562 1443 3596 e.
1461 3544 1785 3598 servandm.

789 3617 859 3669 Ac
882 3620 1106 3690 quoties,
1132 3633 1233 3672 etc.
1257 3623 1369 3674 AEn.

862 3715 910 3749 2.
932 3698 1020 3749 Ad
1035 3700 1279 3754 exercitus
1296 3701 1551 3755 ducetnus.
1573 3703 1654 3753 An
1667 3741 1685 3769 ,
1704 3704 1791 3756 de·

788 3778 1027 3854 leyemus.
1054 3781 1276 3833 Senum.
1306 3784 1422 3848 An,
1444 3783 1700 3848 dicemus,
1731 3795 1792 3835 ut

788 3858 1017 3914 dictator
1044 3862 1147 3914 dici
1169 3863 1392 3915 solebat.
1422 3864 1587 3916 Duces
1616 3875 1791 3916 autem

788 3942 858 3993 ad
885 3943 1133 3996 exercitus
1158 3941 1391 4011 dietum,
1419 3957 1478 3996 ut
1506 3943 1698 3996 milites
1723 3945 1796 3996 ad

790 4040 945 4074 naves
959 4060 977 4087 ‚
1003 4038 1054 4074 et
1079 4025 1295 4078 similia:
1320 4023 1424 4077 vid.
1456 4025 1692 4078 Gronov.
1723 4024 1791 4078 ad

788 4101 902 4154 Liv.
929 4103 1101 4171 xxn,
1128 4107 1210 4173 ¹4·

862 4182 912 4234 3.
936 4184 1294 4256 Supervacua,
1320 4186 1408 4239 uba·
1431 4185 1531 4239 lex.
1556 4189 1792 4259 Corrup-

791 4263 1017 4319 tissimus
1050 4280 1162 4319 erat
1191 4266 1280 4320 hie
1312 4267 1496 4333 locus,
1528 4281 1583 4322 et
1614 4282 1792 4323 tamen

1865 3228 1946 3281 lex
1964 3229 2066 3282 alia
2079 3268 2095 3295 ,
2111 3248 2225 3301 quse
2241 3228 2494 3300 permittit
2513 3226 2745 3279 exsulem
2760 3244 2870 3277 ma-

1865 3327 1994 3360 nere
2020 3310 2076 3360 in
2103 3308 2339 3373 civitate,
2370 3308 2445 3358 ita
2472 3307 2518 3358 si
2544 3303 2869 3357 indicaverit.

1866 3387 2070 3438 Dicitur
2092 3384 2202 3437 baec
2226 3386 2429 3455 rogatio
2454 3397 2643 3435 contra
2667 3383 2835 3453 legem
2849 3418 2868 3448 ‚

1867 3478 1980 3518 tum
2009 3467 2132 3537 quia
2159 3484 2307 3518 reum
2336 3485 2445 3518 non
2478 3463 2870 3517 condemnave-

1868 3549 1960 3613 rit,
1984 3561 2037 3599 et
2058 3559 2118 3598 ut
2139 3565 2290 3617 aequa
2312 3547 2495 3600 tulerit
2518 3546 2794 3614 suffragia,
2823 3545 2873 3596 si

1866 3624 1987 3678 ideo
2025 3643 2236 3676 manere
2273 3644 2395 3678 eum
2433 3636 2671 3697 oportet,
2709 3621 2778 3676 ad
2813 3621 2870 3674 id

1870 3716 2054 3755 contra
2091 3701 2257 3775 legem
2294 3703 2563 3775 privilegio
2600 3717 2738 3770 opus
2769 3711 2867 3750 est.

1869 3784 2173 3857 Respondet
2192 3799 2448 3856 patronus
2469 3780 2689 3845 exsulis,
2709 3794 2869 3852 atque

1868 3867 1943 3918 ita
1964 3866 2142 3918 refert.
2168 3867 2220 3918 Si
2243 3863 2541 3927 confiterer,
2564 3860 2754 3915 in-hoe
2777 3880 2872 3932 ge·

1871 3963 2018 4010 nere,
2041 3963 2207 4015 quum
2229 3961 2348 3994 rens
2364 3940 2583 4013 paribus
2597 3940 2871 3993 sententiis

1872 4025 2182 4089 absolvitur,
2204 4022 2433 4088 egsulem
2468 4021 2727 4075 indicasse
2759 4038 2870 4072 non

1870 4105 2056 4173 videri,
2067 4119 2224 4177 atque
2239 4103 2373 4158 adeo
2388 4105 2720 4176 rogationem
2732 4100 2868 4157 hane

1872 4203 2063 4242 contra
2105 4188 2271 4259 legem
2315 4203 2430 4238 esse
2449 4208 2463 4249 ;
2501 4184 2672 4245 omnis
2713 4183 2872 4253 igitur

1873 4281 1964 4323 aut
1989 4284 2315 4340 supervacua
2335 4266 2403 4320 sit
2420 4281 2634 4319 necesse
2653 4274 2759 4328 est,
2778 4272 2872 4313 aut
