3200 5117
701 560 1539 628 DECLAMATIONES.
1587 559 1986 626 CCCLXV.
2262 567 2385 644 465

288 687 497 775 licet,
526 711 653 757 cur
684 685 813 757 hos
853 705 985 756 tres
1014 681 1337 781 separas?
1369 684 1751 773 Quomodo
1790 684 1982 754 enim
2017 684 2090 755 hi
2128 687 2218 757 ab
2256 687 2392 758 illis

292 824 602 901 quatuor
635 801 1061 899 discrepant,
1093 798 1192 871 sic
1225 798 1327 870 illi
1356 798 1633 871 interse
1662 819 2020 898 pugnant:
2054 827 2215 898 ergo
2245 797 2390 875 non

294 918 497 990 idem
540 917 913 989 sentientes
960 940 1105 985 non
1149 934 1342 1013 potes
1378 913 1728 1014 jungere:
1781 914 1971 986 idem
2018 918 2395 991 sentientes

293 1059 652 1134 compara.
694 1035 877 1130 Ego,
914 1030 1035 1130 qui
1069 1050 1368 1102 mortem
1403 1030 1908 1130 pronuncient,
1950 1051 2082 1103 tres
2126 1031 2393 1107 habeo:

290 1148 572 1250 produc
600 1147 791 1235 illos,
826 1146 947 1244 qui
976 1145 1291 1219 exsilium
1320 1145 1826 1242 pronunciant3
1855 1144 2094 1236 vinco;
2128 1144 2397 1246 produc

292 1265 427 1364 qui
472 1263 981 1364 ignominiam3
1031 1285 1223 1361 aeque
1254 1261 1496 1333 vinco:
1546 1261 1853 1334 dubitari
1902 1283 2121 1361 potest
2159 1265 2403 1337 valen-

293 1378 552 1452 tiorem
584 1404 731 1450 esse
762 1397 1067 1476 partem,
1104 1400 1259 1472 quae
1293 1375 1678 1473 composita
1710 1378 1940 1448 neut'ri
1975 1379 2401 1468 succumbit,

296 1514 679 1591 utramque
721 1489 1037 1590 superat?
1067 1488 1264 1578 Quid
1303 1489 1366 1561 si
1411 1489 1607 1561 enim
1642 1511 1941 1586 quatuor
1983 1492 2085 1564 illi
2132 1493 2202 1565 in
2243 1494 2406 1566 toti-

299 1608 475 1681 dem
521 1606 949 1703 disputarent
984 1603 1437 1692 sententias¹;
1487 1604 1841 1702 numquid
1892 1605 2049 1676 illos
2097 1633 2220 1705 pro
2264 1636 2406 1680 una

304 1744 505 1825 parte
551 1718 983 1821 opponeres?
1024 1722 1252 1791 Nemo
1298 1718 1450 1791 sine
1498 1719 1715 1791 dubio
1764 1747 1927 1792 cum
1969 1723 2185 1794 tribus
2233 1726 2408 1797 meis

303 1856 557 1923 staret,
606 1833 727 1905 sed
774 1859 985 1905 nemo
1031 1831 1225 1903 alteri
1270 1852 1442 1904 esset
1482 1832 1903 1933 adjunctus:
1942 1839 2292 1934 numquid
2328 1865 2410 1909 ex

309 1969 614 2048 quatuor
638 1948 996 2019 sententiis
1030 1972 1256 2018 unum
1284 1972 1541 2046 corpus
1574 1949 1924 2022 efficeres?
1965 1952 2284 2025 minime.
2322 1960 2412 2024 At

309 2062 492 2164 quid
512 2063 824 2152 interest,
848 2061 998 2132 bini
1023 2087 1113 2132 an
1145 2060 1404 2159 singuli
1441 2060 1893 2136 dissentiant?
1926 2091 2118 2165 aeque
2153 2094 2412 2140 nume-

314 2176 452 2249 rari
498 2203 655 2275 pars
697 2202 841 2247 non
886 2195 1140 2275 potest,
1188 2175 1244 2246 si
1288 2175 1362 2246 iu
1408 2198 1630 2276 partes
1655 2178 2039 2252 scinditur?
2078 2181 2322 2271 Quid?
2352 2183 2408 2254 si

312 2295 464 2368 duo
514 2292 977 2392 ignominiam
1031 2291 1606 2390 pronunciarent,
1660 2293 1801 2366 duo
1854 2296 2172 2368 exsilium
2198 2354 2216 2386 ,
2270 2298 2409 2370 duo

314 2429 620 2481 mortem
640 2463 658 2494 ,
693 2433 909 2495 unus,
941 2425 1017 2477 ut
1047 2405 1461 2504 plerumque
1491 2408 1748 2497 evenit,
1786 2409 2076 2481 taceret?
2106 2410 2255 2483 sine
2286 2411 2417 2484 du-

309 2523 443 2595 bio
475 2547 671 2621 pares
704 2541 930 2592 essent
960 2520 1337 2591 sententiae.
1372 2519 1444 2594 Si
1476 2546 1637 2620 ergo
1672 2519 1972 2594 detracto
2004 2550 2182 2614 uno,
2218 2551 2415 2623 pares

317 2657 584 2727 essent,
619 2635 918 2737 adjecto,
954 2662 1097 2707 non
1127 2656 1289 2706 sunt
1310 2634 1744 2733 superiores?
1767 2641 1858 2709 At
1884 2638 2105 2728 enim,
2140 2661 2219 2711 ut
2245 2640 2416 2712 scias

318 2781 469 2826 non
514 2753 758 2850 utique
804 2753 977 2825 duas
1024 2771 1242 2851 partes
1284 2750 1512 2849 legem
1545 2753 1850 2851 exigere,
1878 2754 2086 2828 verba
2120 2754 2412 2854 inspice,

317 2888 532 2956 Quon
569 2886 999 2956 summm,
1038 2865 1303 2964 inquit,
1338 2891 1478 2936 non
1514 2887 1751 2937 utrum
1789 2870 2156 2940 statuet-iv.
2192 2870 2419 2942 Deni-

319 3008 504 3082 que,
541 2979 848 3081 judices,
892 2980 1187 3053 breviter
1217 2980 1572 3078 agendum
1618 3002 1761 3052 est:
1812 3009 1966 3054 reus
2007 2982 2416 3074 damnatuS,

322 3124 547 3198 quam
574 3097 858 3169 tandem
881 3123 1162 3196 poenam
1187 3096 1325 3195 pati
1359 3096 1596 3184 debet,
1629 3097 1682 3167 si
1704 3098 1947 3168 mortis
1964 3096 1992 3142 3
2017 3124 2293 3196 poenam
2322 3126 2418 3170 re-

321 3211 633 3313 linquit?
656 3212 915 3313 quam?
935 3212 1192 3286 scilicet
1209 3209 1463 3283 exsilii:
1487 3237 1648 3308 ergo
1669 3238 1890 3308 quum
1911 3212 2129 3283 tribus
2149 3235 2419 3286 senten-

407 3419 452 3453 t.
480 3402 548 3454 In
572 3400 782 3454 totidem
807 3401 1123 3471 disputarent
1143 3408 1339 3452 senten·
1414 3399 1498 3448 An
1524 3409 1754 3468 quatuor
1780 3397 2144 3450 dissentientes
2178 3417 2419 3472 oppone-

328 3479 448 3533 πίας.
468 3480 634 3549 Lege,
653 3479 1014 3550 discreparent.
1032 3480 1208 3530 AEuou.
1226 3479 1335 3542 An,
1418 3493 1529 3540 res,
1547 3489 1814 3546 tamquam
1837 3494 1996 3527 unam
2016 3480 2326 3529 sententiam
2347 3481 2420 3529 es·

328 3560 739 3631 dispertirentur,
756 3559 811 3612 id
832 3572 938 3623 est,
958 3557 1339 3623 dividerentur,
1418 3557 1636 3609 licerent
1652 3593 1669 3622 ,
1699 3559 1836 3627 parti
1860 3556 2011 3608 aliter
2033 3560 2309 3625 sentienti,
2336 3560 2419 3609 ni-

330 3663 403 3695 an
446 3641 805 3715 fflhpammt?
846 3642 919 3693 ita
952 3638 1086 3693 Gen.
1112 3640 1213 3703 xl,
1258 3655 1276 3689 t
1294 3654 1336 3689 ι.
1420 3640 1608 3689 mirum
1631 3637 1833 3689 tribus?
1855 3638 2023 3690 Bmm.
2425 3677 2432 3682 ,

330 3723 554 3775 senum.
574 3719 852 3790 vulgatam
880 3720 1069 3771 retinet
1094 3715 1338 3771 Obrech-
1490 3738 1536 3771 2.
1554 3721 1679 3772 Non
1693 3729 1864 3770 utmm
1879 3720 2129 3771 statuerit.
2147 3717 2419 3783 AErodius,

332 3816 460 3867 tus,
504 3812 557 3850 et
595 3812 739 3850 certe
777 3799 961 3850 Cicero
1001 3814 1136 3866 soepe
1178 3794 1335 3858 dicit,
1414 3817 1522 3851 non
1546 3811 1764 3872 utraque
1790 3818 1912 3872 pars
1938 3801 2182 3852 statuerit.
2217 3802 2418 3850 Immo:

338 3905 361 3928 a
382 3878 661 3951 disputare
679 3879 733 3928 in
760 3875 901 3928 illam
927 3887 1162 3947 partem,
1189 3876 1245 3924 in
1270 3872 1336 3925 il-
1420 3880 1573 3951 Quod
1589 3882 1849 3945 ςταῐιιενίε,
1878 3881 2072 3953 inquit,
2111 3898 2218 3931 non
2244 3891 2419 3931 utrum

339 3983 362 4006 a
383 3957 493 4009 lam
520 3956 859 4020 sententiam,
879 3978 901 4002 ι
931 3952 1025 4006 sed
1053 3971 1121 4004 an
1143 3950 1338 4022 judici-
1414 3960 1665 4011 statuerit.
1706 3959 1868 4012 Geor«.
1913 3961 1979 4011 131
2015 3961 2085 4010 ita
2129 3957 2326 4012 Schult.
2371 3971 2422 4011 et

333 4041 438 4093 bus
466 4038 745 4093 conveniat
768 4053 867 4089 vox
884 4074 902 4102 ,
927 4034 1132 4087 dubito.
1166 4036 1331 4085 ant.
1415 4039 1548 4092 ΟΜ,

334 4124 522 4175 —Pro
544 4139 650 4173 una
670 4130 819 4192 parte
831 4135 1125 4192 opponeres.
1144 4115 1226 4169 ΑΙ.
1243 4134 1335 4187 ap-
1489 4117 1538 4168 3.
1581 4118 1642 4170 Si
1685 4119 1861 4171 mortis
1900 4136 2109 4191 poenam
2155 4115 2411 4189 relinquit.

332 4197 1190 4272 poneres.AErod30ppones.Mat-g.
1208 4197 1339 4249 seri·
1415 4197 1605 4262 Forte,
1633 4213 1788 4267 poena
1812 4199 2104 4251 remittitur.
2132 4197 2296 4250 Giton.
2325 4198 2420 4248 Re-

336 4280 445 4350 psit
462 4281 627 4345 forte,
642 4297 740 4353 pro
758 4296 864 4331 una
880 4289 1334 4351 parteapponem.
1419 4276 1677 4349 Ιίητμιίείς,
1704 4278 1836 4333 Obr.

551 4370 603 4422 6.
2070 4368 2141 4421 3⁰
