3200 5117
768 569 885 655 ¹94
1260 565 1353 628 M.
1401 563 1655 628 FABII
1698 562 2340 647 QUINTILIANI

754 829 1234 854 mmm
1240 829 1627 852 mm

1917 830 2108 852 m

2403 831 2848 854 mmmmm

1482 1033 2088 1111 CCXCVIII.

1455 1264 1763 1335 Rusticus
1783 1267 2140 1363 paru-situs.

1120 1467 1400 1528 Rusticus
1423 1466 1764 1548 parasitum
1788 1462 1994 1526 filium
2015 1464 2281 1527 abdicat.
2306 1468 2373 1528 C.
2398 1467 2476 1528 D.

1446 1655 2148 1722 DECLAMATIO.

848 1822 1007 1892 Non
1042 1818 1322 1917 ignoro,
1346 1815 1658 1918 judices,
1689 1841 2125 1915 quamquam
2153 1843 2298 1889 non
2329 1844 2371 1889 a
2396 1816 2656 1889 forensi
2685 1843 2844 1890 con·

750 1937 1063 2009 tentione
1085 1935 1316 2009 solum
1333 1992 1353 2024 ‚
1380 1933 1616 2007 sedab
1642 1933 1963 2006 universa
1990 1932 2275 2007 civitatis
2301 1935 2842 2025 conversatione,

752 2051 961 2151 longe
993 2070 1334 2140 remotus,
1364 2049 1499 2122 boc
1524 2048 1870 2149 praecipue
1903 2048 2050 2121 fieri
2084 2049 2507 2121 miserabiles
2539 2077 2686 2141 eos,
2721 2050 2842 2147 qui

750 2188 1056 2266 paternae
1078 2164 1696 2239 animadversionis
1730 2185 1972 2237 notam
2003 2163 2485 2264 deprecantur,
2514 2165 2703 2266 quod
2735 2193 2847 2265 pe-

752 2281 1026 2355 riclitari
1067 2282 1153 2354 de
1193 2281 1529 2381 praeterita
1569 2280 1909 2380 dignitate
1936 2279 2322 2371 videantur,
2367 2280 2453 2353 de
2491 2308 2632 2379 qua
2662 2300 2847 2352 certe

750 2395 1131 2469 sollicitum
1151 2422 1295 2469 esse
1315 2396 1548 2468 filium
1570 2422 1811 2468 meum
1834 2394 2242 2468 incredibile
2261 2415 2364 2467 est
2381 2422 2398 2466 ε
2419 2394 2845 2493 quantulum

752 2534 856 2585 est
883 2512 1110 2600 enim,
1144 2513 1334 2609 quod
1367 2510 1730 2583 abdicatus
1760 2512 1925 2601 erit,
1957 2510 2079 2610 qui
2104 2510 2255 2612 jam
2291 2509 2625 2610 parasitus
2645 2524 2662 2556 ¹
2701 2509 2848 2583 est?

750 2628 988 2718 Quem
1019 2652 1169 2726 ego,
1189 2625 1489 2726 judices,
1511 2648 1656 2699 tam
1685 2627 2025 2700 obstinate
2055 2653 2200 2699 non
2234 2627 2584 2727 praeceptis
2612 2625 2839 2698 solum

751 2741 964 2831 meis,
999 2741 1118 2814 sed
1161 2742 1370 2814 etiam
1408 2742 1731 2842 precibus
1766 2743 2231 2832 resistentem,
2272 2743 2541 2815 utinam
2585 2741 2840 2841 possim

751 2857 977 2929 dicere
1001 2879 1481 2930 contumacem
1508 2857 1523 2929 !
1560 2885 1751 2930 nunc
1777 2857 1958 2930 hanc
1983 2858 2332 2932 licentiam
2358 2857 2675 2958 concepit
2696 2857 2844 2929 ani-

752 2997 872 3044 mo
890 2970 1230 3044 servitutis
1253 2999 1267 3043 :
1297 2973 1604 3044 multum
1626 2973 1815 3045 enim
1839 2972 1978 3064 illi,
2004 2995 2082 3046 ut
2106 3002 2210 3047 res
2230 2995 2329 3048 est
2344 3031 2364 3065 ,
2391 2972 2661 3047 fiduciae
2683 2972 2846 3045 facit

751 3087 972 3186 gratia
997 3087 1444 3161 adolescentis
1472 3087 1839 3186 locupletis
1864 3111 1932 3162 et
1956 3088 2270 3189 prodigi,
2299 3091 2423 3189 qui
2455 3117 2600 3163 non
2629 3088 2843 3179 aliter,

752 3228 964 3298 quam
990 3201 1048 3273 si
1079 3201 1163 3273 de
1188 3197 1466 3302 proprio
1492 3202 1848 3302 mancipio
1869 3226 2211 3302 ageretur,
2241 3206 2315 3276 in
2342 3205 2475 3277 hoc
2499 3206 2670 3277 vires
2692 3231 2845 3277 suas

755 3316 1071 3387 ostendit.
1094 3316 1341 3388 Infelix
1370 3338 1437 3389 et
1466 3313 1583 3390 ille
1611 3346 1623 3389 :
1649 3340 1793 3390 tam
1816 3338 2094 3418 turpem
2124 3317 2314 3391 enim
2342 3317 2570 3390 filium
2596 3318 2843 3409 habeo,

755 3448 836 3498 ut
874 3428 1082 3500 etiam
1126 3430 1258 3529 ipsi
1300 3431 1689 3532 objiciatur.
1733 3434 1876 3504 Nec
1926 3459 2041 3505 me
2083 3432 2417 3532 praeterit,
2467 3432 2657 3506 unde
2704 3431 2848 3504 haec

753 3542 1182 3641 frequentia:
1227 3568 1729 3620 concurrerunt
1755 3547 1842 3622 ad
1881 3549 2290 3646 spectandos
2325 3548 2499 3620 duos
2529 3547 2847 3634 rusticos,

754 3678 824 3730 et
849 3657 922 3730 hi
955 3661 1243 3732 forsitan
1277 3660 1422 3733 haec
1450 3662 1598 3760 ipso
1629 3662 2047 3734 indicante2.
2083 3664 2374 3751 Merito,
2407 3663 2464 3735 si
2501 3659 2627 3734 iste
2664 3660 2851 3737 ride-

752 3793 888 3865 tur,
921 3774 1117 3877 cujus
1157 3802 1415 3849 nomen
1447 3777 1777 3876 equidem
1813 3803 1942 3850 nec
1976 3777 2316 3878 intellig0‚
2354 3803 2481 3849 nec
2514 3776 2849 3878 interpre-

752 3891 879 3963 tari
928 3920 1248 3992 possum3
1294 3892 1486 3993 quod
1531 3893 1884 3986 vocatur-²³,
1928 3923 2157 3969 unum
2201 3894 2431 3969 nescio
2484 3894 2657 3993 quid
2703 3909 2844 3967 esse

832 4059 874 4093 ι.
898 4045 1178 4097 Parasitus.
1192 4045 1306 4097 Cat.
1324 4044 1391 4097 de
1409 4044 1469 4097 R.
1486 4047 1547 4098 R.
1566 4064 1686 4118 cap.
1705 4043 1758 4112 5,
1836 4057 2002 4099 cante.
2037 4047 2219 4100 Scribe
2236 4085 2252 4114 ,
2289 4043 2384 4097 hoc
2416 4045 2541 4117 ipso.
2575 4042 2737 4097 Grion.
2771 4043 2847 4096 Ee

749 4123 1037 4190 parasitum
1063 4141 1127 4173 ne
1148 4141 1303 4197 quem
1329 4122 1541 4186 habeam
1561 4123 1758 4177 nedum
1839 4125 1897 4177 1ιί
1903 4126 2134 4197 forsitan
2156 4126 2257 4178 huc
2271 4125 2335 4176 ab
2351 4124 2457 4196 ipso
2474 4122 2711 4183 invitatu}
2732 4121 2843 4187 vel,

757 4198 852 4257 sit;
879 4217 1068 4271 nempe
1088 4199 1311 4253 villicus.
1335 4201 1557 4254 Scnnvr.
1839 4202 1939 4255 huc
1961 4205 2027 4256 ab
2052 4205 2161 4278 ipso
2186 4205 2458 4256 invitante.
2483 4202 2696 4255 Senum.

830 4295 880 4329 a.
911 4279 984 4329 Et
1010 4279 1067 4330 1ιί
1080 4281 1313 4351 forsitan
1338 4281 1447 4334 hoec
1480 4283 1589 4355 ipso
1622 4283 1759 4335 indi·
1907 4284 1958 4336 3.
1980 4283 2091 4335 Nec
2110 4283 2434 4354 inter-pieta&
2450 4296 2684 4354 possum,
2705 4279 2848 4350 quod
