3200 5117
764 539 1602 606 DECLAMATIONES.
1649 540 2065 608 CCXCVII.
2337 551 2456 636 193

364 665 554 766 quod
589 689 856 736 recusas
884 691 900 734 z
938 662 1218 734 fortasse
1248 680 1527 760 propter
1559 661 1694 732 hoc
1721 661 1952 762 ipsum
1986 666 2131 764 pati
2161 664 2451 742 debeas:

366 781 602 855 oculos
631 778 868 852 eruisti
896 776 1326 850 mulierculae
1360 776 1508 848 sine
1542 775 1785 867 dubio,
1822 800 1889 850 et
1920 780 2202 881 adjice¹,
2235 783 2292 854 si
2322 784 2456 875 vis,

365 895 711 970 meretrici
729 925 748 984 ;
769 915 1004 967 tamen
1021 919 1194 991 quos
1211 919 1446 995 eruere
1464 919 1608 964 non
1624 891 1876 966 licebat
1894 922 1909 964 z
1933 922 2077 967 non
2094 923 2165 969 es
2180 898 2457 998 dignus,

366 1013 490 1112 qui
522 1010 803 1113 patiaris
820 1065 840 1099 ,
871 1008 1062 1108 quod
1089 1008 1210 1080 vis.
1241 1009 1408 1079 Haec
1434 1007 1742 1079 dicerem
1760 1063 1781 1098 ,
1808 1008 1865 1080 si
1895 1029 2129 1082 tecum
2157 1014 2460 1112 asperius

366 1128 901 1201 contenderem:
935 1151 1128 1197 nunc
1156 1144 1316 1196 ante
1347 1125 1590 1195 omnia
1618 1124 2016 1223 reipublicae
2048 1153 2328 1201 causam
2363 1154 2463 1204 te-

368 1273 535 1318 cum
568 1271 720 1342 ago.
752 1247 1063 1340 AEquum
1098 1262 1203 1315 est
1229 1240 1449 1314 salvos
1476 1267 1622 1312 esse
1655 1240 1783 1313 bos
1823 1241 2061 1315 oculos
2096 1265 2163 1316 et
2191 1245 2462 1319 incolu-

370 1387 554 1452 mes,
589 1358 809 1432 multa
839 1358 1144 1430 afferunt
1170 1381 1403 1429 casus:
1439 1357 1768 1454 frequens
1797 1356 2065 1429 bellum
2101 1381 2221 1432 est.
2256 1362 2463 1435 Dete—

314 1502 319 1508 ·
369 1504 615 1576 gemus
664 1475 795 1548 tibi
841 1474 1054 1547 etiam
1098 1471 1310 1573 hujus
1353 1472 1885 1545 misericordiae²
1941 1475 2265 1567 affectus,
2318 1505 2460 1575 quo

368 1591 593 1691 magis
626 1612 691 1664 te
722 1615 879 1663 rem
917 1610 1059 1659 tam
1089 1613 1368 1687 gravem
1397 1585 1637 1658 fecisse
1670 1585 2014 1685 poeniteat.
2045 1591 2213 1663 Haec
2241 1617 2460 1663 excae-

369 1735 522 1780 care
558 1729 623 1780 te
661 1732 808 1779 non
852 1704 1082 1804 potuit
1117 1731 1132 1775 :
1182 1701 1507 1774 meminit
1545 1723 1947 1805 temporum
1980 1706 2458 1804 superiorum,

367 1821 702 1894 meminit
745 1818 1066 1908 illarum,
1109 1843 1283 1915 quas
1320 1815 1699 1915 aliquando
1733 1845 2145 1892 communes
2174 1822 2459 1915 babuit,

366 1937 847 2036 voluptatum:
891 1932 1218 2005 meminit
1253 1933 1509 2006 amoris
1548 1934 1699 2006 tui:
1738 1934 1950 2035 digna
1982 1956 2117 2027 est,
2154 1938 2265 2010 cui
2299 1965 2460 2010 ma-

366 2080 547 2124 num
577 2049 978 2123 commodes
1006 2077 1021 2120 :
1060 2076 1229 2122 nam
1259 2050 1333 2122 id
1360 2077 1644 2149 quoque
1673 2052 1779 2124 lex
1796 2052 2179 2153 justissime
2208 2054 2462 2128 consti-

366 2167 539 2254 tuit,
570 2185 842 2265 praestet
867 2164 1102 2238 oculos
1120 2223 1139 2256 ,
1174 2165 1298 2264 qui
1329 2166 1618 2258 eruerit,
1648 2187 1716 2239 et
1745 2167 1818 2238 in
1847 2168 2072 2241 vicem
2101 2189 2457 2242 erutorum

365 2280 727 2352 luminum
755 2280 900 2379 ipse
922 2280 1269 2353 succedat.
1290 2281 1381 2351 At
1403 2280 1595 2353 enim
1623 2281 1782 2354 forti
1809 2281 1955 2355 viro
1981 2304 2181 2381 turpe
2211 2303 2309 2355 est
2329 2285 2459 2357 hoc

364 2396 679 2468 officium
699 2395 956 2469 subire.
974 2395 1242 2468 Scilicet
1262 2396 1382 2469 illa
1399 2397 1827 2490 honestiora,
1845 2399 2266 2471 debilitatem
2285 2402 2422 2500 pati
2435 2459 2456 2492 ,

367 2533 435 2584 et
468 2513 644 2584 ferre
677 2512 957 2584 infestos
994 2511 1409 2585 numinibus
1444 2511 1763 2585 oculos3:
1806 2538 1952 2586 non
1981 2518 2108 2586 erit
2143 2514 2295 2586 talis
2333 2515 2461 2588 ista

367 2626 690 2699 debilitas
707 2684 726 2717 ,
758 2626 986 2725 qualis
1011 2647 1219 2717 esset,
1245 2625 1301 2697 si
1329 2625 1522 2698 illam
1550 2627 1628 2698 in
1650 2627 1794 2699 acie
1822 2655 2060 2727 passus
2090 2654 2286 2700 esseS.
2309 2631 2455 2721 Tu,

369 2743 490 2839 qui
522 2768 792 2814 recusas
831 2740 969 2813 dux
1003 2768 1146 2814 esse
1177 2741 1589 2830 meretricis,
1620 2768 1765 2814 non
1801 2743 2415 2842 cogitasfuturum
2435 2801 2455 2835 ,

370 2877 449 2927 ut
474 2855 599 2926 tibi
630 2854 813 2928 oculi
849 2876 1126 2956 propter
1153 2854 1590 2927 meretricem
1622 2855 1992 2929 eruantur?
2024 2883 2266 2930 verum
2307 2882 2459 2927 me-

368 2991 557 3042 retur
607 2971 719 3044 hic
773 2972 919 3071 ipse
972 2971 1198 3071 pudor
1243 2993 1405 3045 tuus
1424 3027 1445 3062 ,
1498 2994 1778 3073 propter
1827 2999 2040 3071 quem
2094 2999 2457 3072 parcamus

373 3084 584 3156 oculis
612 3087 745 3157 tuis
757 3084 812 3156 ⁴⁶.

449 3305 492 3340 t.
514 3289 637 3342 Sine
658 3290 808 3342 dubio
836 3302 888 3343 et
913 3290 1091 3359 adjice.
1121 3291 1246 3344 Sine
1272 3290 1369 3343 du-

370 3371 454 3423 bio
475 3372 687 3436 amicoe,
712 3384 759 3424 et
781 3372 973 3442 adjice,
1000 3372 1179 3424 AErod.

1450 3290 1599 3342 nibus
1613 3288 1814 3343 oculos?
1822 3287 1923 3356 vel,
1939 3288 2149 3361 infestos
2165 3288 2457 3345 hominibus

1450 3371 1625 3424 oculos
1636 3372 1662 3420 Ρ
1682 3371 1903 3423 Senum.

441 3469 489 3504 2.
501 3452 672 3525 Hujus
688 3454 1059 3505 misericordia
1075 3453 1245 3526 Hujus
1259 3470 1371 3503 mu-

365 3530 631 3598 lierculoe‚
668 3534 792 3588 edit.
832 3535 945 3586 nliae
977 3548 1120 3587 recte
1140 3572 1158 3600 ‚
1189 3535 1368 3605 judice

365 3614 712 3686 Schultingio.
731 3647 803 3658 —
830 3616 935 3687 Qui
961 3618 1162 3669 emerit.
1187 3616 1367 3670 AErod.

363 3696 565 3747 mavult
579 3735 595 3758 .,
616 3697 712 3770 qut'
730 3699 883 3750 eruit.

437 3774 488 3826 3.
513 3774 661 3826 Ferre
691 3776 901 3847 infestos
921 3774 1218 3828 numinibus
1240 3791 1368 3827 ocu-

363 3849 458 3903 los.
484 3853 648 3922 Lege,
669 3854 906 3906 omnibus
915 3877 934 3916 ;
955 3852 1148 3925 quibus
1169 3854 1258 3923 qui
1277 3872 1369 3905 oc-

361 3930 755 3993 currat‚malam
767 3953 983 3986 scaevam
995 3933 1095 3985 sibi
1106 3932 1369 4004 obJectam

358 4024 535 4081 putet.
560 4010 644 4061 Sic
667 4016 1001 4084 superiorum
1026 4013 1207 4083 primae
1235 4012 1370 4062 omi-

358 4106 542 4140 nosam
576 4089 931 4143 calamitatem
965 4089 1193 4162 corporis
1221 4091 1369 4141 resti-

358 4169 574 4221 tuimus.
610 4169 842 4223 GnonoV.
884 4173 1000 4236 An,
1031 4169 1255 4240 defectos
1288 4166 1370 4220 lu-

354 4247 619 4301 minibus?
641 4267 708 4301 nn
721 4287 739 4318 ‚
758 4249 974 4322 perdere
993 4246 1190 4321 infestis
1208 4250 1372 4300 numi·

572 4337 628 4391 6.

1519 3451 1540 3472 ’
1563 3448 1726 3500 Nulla
1748 3447 1879 3514 alia,
1903 3461 1964 3500 ut
1986 3447 2163 3502 videre
2187 3464 2293 3516 est,
2314 3470 2455 3503 men·

1451 3525 1634 3579 dosior
1656 3541 1709 3579 et
1733 3528 1897 3598 magis
1921 3526 2205 3600 depravata
2230 3531 2330 3581 fuit
2353 3530 2456 3581 De-

1449 3607 1713 3660 clamatio.
1738 3610 1794 3659 ln
1814 3610 1965 3678 cujus
1985 3607 2379 3669 emendatione,
2396 3622 2456 3660 ut

1450 3686 1578 3738 alias
1616 3686 1962 3758 plerumque,
1997 3689 2040 3739 si
2074 3687 2327 3738 audacius
2361 3685 2457 3736 ali·

1452 3781 1653 3839 quanto
1692 3767 1759 3818 ab
1798 3770 1923 3840 ipsis
1958 3767 2245 3820 verborum
2283 3768 2422 3819 uotis
2439 3803 2456 3832 ‚

1452 3866 1566 3919 quae
1600 3862 1891 3919 apparent,
1919 3846 2139 3900 videbor
2172 3845 2451 3899 recedere:

1450 3930 1637 3981 subeat
1651 3928 1936 3981 identidem
1954 3927 2064 3980 baec
2073 3928 2344 3995 cogitatio,
2356 3945 2454 3979 nos

1448 4011 1598 4063 nullo
1626 4030 1845 4083 prorsus
1870 4024 2041 4062 vetere
2064 4006 2348 4079 exemplari
2369 4007 2455 4060 ad·

1440 4091 1589 4160 jutos
1602 4127 1619 4154 ‚
1639 4089 1733 4142 sed
1752 4088 1864 4141 sola
1885 4089 2080 4159 ingenii
2102 4090 2292 4151 nostri,
2309 4086 2454 4159 quod

1449 4168 1622 4221 sentio
1653 4186 1808 4241 quam
1839 4170 1904 4220 sit
1936 4167 2214 4238 exiguum,
2239 4169 2453 4238 conjec-

1450 4260 1569 4302 tura
1594 4261 1648 4302 et
1671 4248 2012 4302 divinatione.
2038 4247 2218 4302 AEnon.

2147 4334 2206 4386 13
