3200 5117
775 540 1614 635 DECLAM'ATmNEs.
1663 570 2109 636 chxxw.
2348 569 2465 640 1‘33

372 671 737 790 -provisum
779 719 921 766 esse
963 693 1102 765 fato
1143 721 1184 766 a
1228 693 1361 765 diis
1390 692 1899 770 immortalibus
1929 674 2231 787 videtur,
2259 698 2470 797 quod

390 808 490 881 illi
550 808 702 881 loco
749 809 1132 883 destinatus
1184 807 1333 881 est!
1385 836 1595 881 nemo
1649 809 1825 882 inire
1873 811 2103 883 forum
2156 834 2471 887 nostrum

386 907 647 1023 potest,
694 926 866 1024 quin
908 910 1134 997 videat
1178 924 1356 997 illud
1401 925 1804 1024 sepulcrum
1850 953 1865 996 ε
1921 928 2232 1026 protinus
2280 932 2470 1003 enim

385 1061 715 1138 sequatur
762 1040 1083 1139 cogitatio
1128 1067 1405 1114 necesse
1452 1060 1591 1130 est,
1642 1061 1978 1139 tyrannus
2022 1042 2356 1135 suitille,
2405 1065 2476 1117 et

382 1153 685 1228 fulmine
727 1156 904 1229 ictus
946 1178 1081 1248 est,
1124 1177 1192 1228 et
1224 1156 1315 1229 ob
1358 1155 1491 1229 hoc
1528 1181 1762 1255 poenas
1803 1155 1931 1229 diis
1967 1157 2472 1231 immortalibus

389 1267 597 1341 dedit.
633 1271 928 1361 Quoties
961 1270 1205 1344 noxios
1243 1271 1434 1343 cruci
1470 1271 1822 1368 figimus1,
1856 1269 2315 1344 celeberrimae
2351 1272 2478 1344 eli-

385 1404 644 1480 guntur
677 1386 839 1478 viae,
888 1386 1010 1458 ubi
1051 1384 1341 1485 plurimi
1382 1384 1677 1473 intueri,
1719 1384 2004 1483 plurimi
2050 1388 2471 1459 commoveri

385 1498 517 1572 hoc
546 1523 736 1574 metu
766 1503 1077 1603 possint:
1115 1501 1347 1575 omnis
1377 1500 1568 1574 enim
1603 1526 1839 1599 poena,
1873 1527 2018 1573 non
2051 1522 2193 1573 tam
2225 1502 2314 1574 ad
2349 1502 2473 1573 de·-

385 1612 631 1688 lictum
664 1618 1001 1715 pertinet,
1033 1643 1250 1718 quam
1283 1615 1376 1688 ad
1409 1615 1833 1713 exemplum.

383 1883 528 1906 vm

918 1884 2465 1907 mmmmm

1163 2081 1693 2159 CCLXXV.

887 2314 1100 2383 Heres
1126 2309 1213 2382 ob
1243 2309 1960 2409 adulterumfiatrem.

382 2514 507 2590 Qm
552 2533 629 2574 on
675 2532 1076 2576 Anum-xmus!
1118 2533 1430 2600 pneumpm
1460 2532 1834 2590 „Aconum-r,
1878 2532 2314 2574 tonommosus
2354 2534 2469 2574 srr.

457 2611 656 2694 Major
674 2610 865 2671 frater
887 2612 1194 2671 minorem
1217 2610 1285 2679 in
1316 2610 1621 2670 adulterio
1653 2608 2088 2693 deprehendit:
2123 2631 2239 2692 pro
2268 2630 2340 2671 eo
2372 2631 2470 2671 ro·

461 2722 647 2789 gante
693 2722 898 2791 patre,
949 2723 1008 2769 et
1055 2707 1512 2768 abdicationem
1560 2706 1689 2789 ejus
1730 2710 2161 2790 promittente,
2203 2707 2466 2768 dimisit:

460 2805 779 2867 abdicatus
820 2822 910 2866 est
948 2805 1207 2867 adulter.
1250 2804 1503 2865 Mortuo
1546 2819 1719 2887 patre
1732 2851 1750 2882 ‚
1789 2807 2076 2866 inventus
2112 2802 2286 2864 heres
2302 2849 2320 2881 ,
2361 2805 2468 2887 qui

460 2901 976 2985 deprehenderat,
999 2902 1450 2985 ignominiosus
1472 2901 1717 2963 dicitur.

1068 3089 1770 3155 DECLAMATIO.

485 3246 628 3335 Qm
665 3267 1032 3321 Psscumffl
1071 3267 1164 3321 on
1198 3265 1674 3319 misrrumum
1704 3264 2126 3342 Acceptum,
2165 3265 2469 3324 maom-

387 3380 641 3435 Ntosns
664 3385 794 3437 sl'r.
821 3367 1023 3438 Hanc
1052 3365 1281 3464 legem
1310 3363 1631 3437 adversus
1659 3387 1774 3434 eos
1803 3361 2113 3460 primum
2142 3362 2468 3437 constitu-

382 3501 527 3552 tam
547 3507 689 3553 esse
709 3481 857 3554 dico
875 3541 893 3573 ,
917 3483 1038 3581 qui
1063 3481 1434 3583 pecuniam
1459 3500 1875 3577 acceperunt
1890 3535 1909 3567 ‚
1945 3498 2024 3551 ut
2047 3479 2466 3552 adulterium

320 3601 327 3610 “
380 3596 961 3690 committeretur-3
997 3599 1288 3700 ideoque
1317 3594 1780 3696 ignominiam
1810 3594 2208 3696 adjunctam
2229 3650 2248 3681 ‚
2274 3591 2465 3691 quod

382 3711 781 3786 viderentur
808 3741 956 3786 rem
985 3715 1222 3788 fecisse
1251 3711 1541 3785 lenonis,
1561 3713 1833 3782 Verum
1863 3711 2072 3781 etiam
2104 3709 2160 3779 si
2192 3707 2268 3777 hi
2300 3732 2467 3805 quo-

385 3852 521 3924 que
549 3848 897 3920 tenentur,
933 3830 1056 3929 qui
1092 3830 1165 3900 in
1198 3854 1477 3928 poenam
1514 3824 1870 3928 commissi
1903 3819 2230 3894 adulterii
2257 3845 2468 3917 pecu·

382 3940 573 4012 niam
607 3944 1037 4043 acceperint,
1079 3942 1133 4015 is
1164 3961 1456 4030 tenetur,
1499 3938 1622 4039 qui
1656 3935 2026 4036 pecuniam
2061 3931 2349 4033 accepit.
2379 3936 2468 4006 In

378 4081 538 4128 mea
577 4083 784 4130 causa
818 4079 1054 4130 utrum
1088 4053 1488 4128 contendis?
1529 4050 1902 4154 pecuniam
1935 4074 2051 4120 me
2084 4047 2460 4148 accepisse,

452 4228 497 4262 t·
528 4210 902 4286 Cmctssqt‘mus.
927 4210 1106 4266 Scribe
1129 4210 1382 4280 separatis
1460 4208 1611 4261 Orat.
1635 4205 1846 4271 litum,
1860 4222 1976 4276 cap.
1997 4220 2043 4268 t,
2060 4198 2105 4275 ς.
2123 4202 2220 4271 3ο,
2244 4202 2338 4256 ubi
2353 4193 2459 4256 vid.

375 4288 621 4358 vocibus,
641 4288 1155 4364 crucifiqimusNid.
1175 4287 1380 4342 adlust.
1460 4301 1573 4341 not.
1595 4285 1702 4340 vol.
1726 4286 1825 4351 111,
1851 4302 1975 4358 pag.
2002 4284 2068 4338 25
2093 4297 2232 4338 nost.
2257 4282 2345 4337 ed.
2364 4285 2460 4335 En.
