3200 5117
756 545 883 612 290
1262 521 1355 584 M.
1404 519 1652 583 FABII
1697 517 2324 601 QUINTILIANI

750 774 842 794 m
852 772 1033 792 mm
1046 767 1917 789 mmffimmmwm
2301 768 2841 793 mmmm*

1565 950 2014 1031 CCCXX.

1515 1179 1800 1254 Multati
1830 1186 2066 1254 socius.

740 1389 1054 1449 sommum
1096 1403 1427 1446 commonui
1462 1403 1599 1444 suu·
1636 1401 1851 1443 namu
1888 1403 1963 1442 m·
2001 1402 2215 1443 mom.
2260 1384 2346 1443 Ex
2379 1381 2623 1445 duobus
2656 1388 2834 1449 sociis

818 1485 971 1544 aiter
1003 1485 1068 1544 in
1101 1484 1346 1544 civitate
1377 1495 1543 1558 erat,
1577 1481 1730 1541 alter
1768 1501 2033 1563 peregre.
2074 1481 2287 1559 Quum
2320 1480 2485 1543 bello
2523 1483 2833 1545 laboraret

821 1583 1064 1656 civitas,
1096 1579 1396 1655 decrevit,
1427 1593 1497 1639 ut
1533 1579 1699 1638 intra
1735 1592 1970 1638 certum
2009 1576 2178 1638 diem
2212 1592 2688 1655 reverterentur,
2721 1582 2832 1661 qui

822 1679 1128 1740 abessent:
1157 1679 1267 1758 qui
1302 1698 1429 1740 non
1459 1677 1750 1751 venisset,
1783 1675 2151 1748 multaretur
2184 1672 2601 1757 publicatione
2630 1677 2826 1738 bono-

822 1799 982 1838 rum.
1010 1779 1231 1838 Exacta
1254 1789 1341 1837 est
1364 1797 1504 1858 pars
1529 1796 1563 1836 a
1589 1788 1886 1857 praesente
1910 1776 2289 1856 negotiatore
2311 1774 2595 1836 absentis.
2619 1777 2831 1840 Rever-

823 1897 922 1935 sus
953 1874 1054 1935 ille
1086 1889 1325 1957 partem
1357 1874 1507 1957 petit
1540 1872 1924 1954 reliquorum
1953 1872 2291 1932 bonorum.

1596 2038 1962 2106 SERMO.

829 2199 1015 2287 Saepe
1042 2195 1234 2264 vobis
1257 2196 1447 2278 dixi·,
1478 2195 1819 2289 quomodo
1852 2195 1939 2262 ad
1968 2197 2447 2264 inveniendum
2472 2216 2714 2265 statum
2738 2200 2827 2265 fa-

741 2304 984 2370 cillime
1033 2304 1497 2393 perveniretis:
1547 2304 1664 2392 qui
1710 2304 1872 2383 sint,
1918 2325 2150 2368 omnes
2193 2305 2487 2370 novistis.
2539 2308 2828 2370 Primum

743 2412 1036 2503 singulos
1061 2414 1376 2500 repetite:
1404 2409 1676 2475 sublatis
1700 2408 1834 2490 his,
1862 2431 2031 2498 quos
2058 2426 2314 2475 certum
2339 2413 2465 2475 erit
2490 2435 2625 2477 non
2655 2435 2826 2490 esse,

741 2520 913 2584 inter
952 2516 1252 2586 residuos
1290 2538 1697 2607 quaeremus:
1735 2513 2075 2604 quaerendi
2118 2533 2341 2581 autem
2376 2519 2476 2583 via
2510 2518 2650 2584 haec
2683 2520 2823 2584 erit.

739 2621 1100 2689 Videamus
1125 2622 1289 2712 quid
1314 2638 1641 2711 proponat
1667 2623 1931 2710 petitor,
1958 2619 2121 2710 quid
2146 2622 2239 2686 illi
2265 2622 2654 2713 respondeat
2673 2646 2821 2710 pos-

743 2753 978 2809 sessor,
1005 2731 1110 2793 vel
1134 2751 1320 2793 reus:
1357 2751 1436 2792 ex
1468 2751 1549 2792 eo
1584 2728 1862 2816 quaestio
1887 2727 2205 2793 nascitur:
2238 2751 2310 2793 ea
2339 2726 2524 2793 nobis
2548 2727 2824 2795 demone

740 2836 989 2904 eti-abit.
1015 2837 1248 2924 Neque
1274 2833 1403 2899 hoc
1425 2832 1606 2912 dico,
1643 2832 1805 2921 quid
1837 2834 2124 2922 primum
2162 2831 2335 2900 dicat
2364 2834 2624 2923 petitor,
2654 2834 2819 2925 quid

739 2943 851 3006 ille
883 2937 1317 3030 respondeat3
1352 2961 1488 3005 non
1522 2939 1702 3004 enim
1736 2961 1814 3003 ex
1845 2940 2058 3029 prima
2082 2941 2446 3030 quaeatione
2477 2939 2825 3007 ducendus

744 3063 844 3113 est
879 3063 1117 3126 statuS,
1153 3043 1272 3111 sed
1310 3068 1390 3110 ex
1430 3045 1904 3134 potentissima.
1937 3042 2323 3111 Videndum
2354 3047 2514 3128 erit,
2554 3069 2640 3112 an
2678 3063 2826 3139 post

742 3152 1138 3222 divisionem
1159 3153 1323 3220 socii
1350 3152 1498 3219 siut.

1430 3347 2132 3414 DECLAMATIO.

839 3492 1223 3564 Socionum
1246 3513 1503 3565 DAMNA
1526 3512 1618 3563 ET
1645 3513 1880 3564 Lucaa
1899 3513 2295 3566 commum
2313 3511 2498 3565 smT.
2523 3495 2822 3566 Fortasse

739 3604 953 3678 videri
999 3626 1216 3704 potest
1259 3632 1805 3706 supervacuum,
1862 3606 2147 3678 laudare
2193 3606 2422 3705 legem
2470 3633 2486 3676 τ
2546 3633 2708 3678 nam
2758 3626 2825 3678 et

820 3776 864 3809 1.
886 3758 1034 3827 Soepe
1063 3755 1198 3809 vobis
1222 3756 1347 3808 dixi.
1369 3754 1487 3808 Vid.
1517 3756 1741 3824 Quintil.
1822 3757 1979 3807 etiam
2003 3756 2123 3821 Vll,
2153 3772 2196 3821 ι,
2224 3756 2289 3809 58
2307 3776 2322 3817 ;
2343 3756 2466 3819 Vll,
2491 3755 2552 3821 4,
2580 3755 2672 3816 25;
2697 3755 2824 3820 vn,

739 3839 830 3891 lib.
854 3841 958 3904 111,
983 3854 1100 3906 cap.
1126 3835 1161 3887 6
1178 3874 1194 3900 ‚
1218 3837 1268 3903 S.
1300 3852 1321 3887 ι
1338 3874 1355 3902 ,
1384 3854 1593 3887 necnon
1617 3838 1742 3902 vll,
1820 3835 1855 3887 6
1881 3849 2013 3888 extr.
2044 3848 2096 3887 et
2129 3853 2272 3907 seqq.
2293 3872 2311 3900 ‚
2341 3833 2435 3886 ubi
2468 3848 2728 3905 praecepta
2760 3833 2825 3887 dc

746 3936 765 3969 1
787 3958 805 3986 ‚
837 3938 904 3989 9,
936 3917 1029 3969 ubi
1058 3916 1198 3968 haec:
1241 3937 1263 3963 α
1282 3918 1477 3967 Verum
1513 3934 1575 3967 ex
1613 3934 1742 3968 con·
1823 3914 2198 3985 quaestionibus
2222 3913 2513 3966 statuendis
2540 3914 2708 3970 fusius
2733 3932 2824 3965 ex·

744 4001 967 4069 «juncta
999 3995 1363 4067 propositione
1395 3994 1570 4066 plui-ee
1597 4013 1742 4065 quoe-
1821 3994 2103 4064 plicantur.
2127 3996 2221 4045 En.
2244 4022 2317 4032 -
2339 3994 2420 4044 Ea
2445 3994 2587 4046 nobis
2608 3994 2822 4046 deunan-

745 4099 767 4122 ι
788 4078 985 4128 stiones
1009 4088 1059 4127 et
1084 4087 1249 4126 status
1273 4091 1387 4127 osse
1412 4086 1668 4143 possunt,
1697 4074 1740 4123 si
1819 4074 2008 4125 stt-abit.
2034 4076 2147 4138 An,
2169 4089 2287 4145 quoe
2313 4082 2497 4124 coetera
2514 4070 2822 4123 demonstra-

745 4177 767 4199 ιι
786 4154 929 4206 aliud
952 4168 1107 4224 negat
1130 4173 1278 4218 rena,
1303 4151 1449 4205 aliud
1470 4153 1708 4206 defendit
1721 4190 1739 4218 ‚
1822 4153 1927 4203 bit?
1943 4169 2097 4218 an,ea
2115 4162 2294 4205 ecetera
2309 4149 2418 4220 (vel
2430 4149 2650 4220 omnia),
2662 4148 2824 4200 dem?

745 4255 767 4275 α
787 4230 931 4284 aliud
937 4233 1056 4301 jure
1071 4233 1295 4285 actionis
1309 4230 1556 4285 excludit.
1574 4256 1596 4280 ι
1617 4229 1736 4283 vid.
1817 4232 2037 4286 Senum.
2065 4232 2226 4286 Nobis
2251 4241 2445 4285 statum
2468 4230 2604 4284 dem.
2641 4226 2820 4280 AErod.
