3200 5117
806 515 1637 580 DECLAMATIONES.
1683 517 1941 585 CCLV.
2337 524 2419 607 49

320 782 819 803 mmmm
826 782 2424 811 'mmmmmmmmmwv

1207 986 1551 1064 CCLV.

956 1234 1353 1333 Transfuqoe
1390 1205 1816 1305 excludendi.

328 1440 507 1501 Inter
538 1438 692 1500 duas
723 1439 995 1500 civitates
1021 1438 1259 1501 bellum
1290 1452 1449 1499 erat:
1491 1438 1559 1497 in
1590 1435 1849 1497 alteram
1885 1437 2066 1498 multi
2099 1437 2432 1521 trssansfugae

600 1536 959 1598 veniebant:
989 1536 1112 1597 fert
1135 1535 1392 1619 quidam
1421 1534 1617 1616 legem
1633 1580 1651 1610 ,
1676 1556 1754 1595 ne
1778 1535 2165 1619 recipiantur.

1206 1722 1567 1788 SERMO.

424 1885 729 1960 Proxime
767 1879 852 1946 ad
887 1879 1212 1945 suasorias
1248 1874 1500 1942 accedit
1540 1875 1667 1964 hoc
1703 1902 1948 1968 genus:
1988 1905 2139 1947 nam
2180 1900 2249 1949 et
2280 1908 2428 1951 sua-

331 1989 700 2067 soriarum,
737 2000 804 2049 et
832 1983 998 2071 legis
1032 1982 1244 2047 suasio
1282 1998 1348 2046 et
1382 1980 1698 2049 dissuasio
1741 2005 1857 2051 est.
1903 1989 2079 2078 Ergo
2110 1989 2288 2056 dicet
2333 1991 2426 2068 is,

329 2096 451 2186 qui
483 2094 705 2182 legem
735 2090 939 2170 feret,
971 2113 1101 2153 non
1134 2110 1275 2153 esse
1302 2087 1658 2156 honestum
1691 2095 1983 2183 recipere
2021 2098 2422 2187 transfugaS,

328 2200 509 2266 nihil
546 2197 897 2289 prodesse:
937 2196 1207 2288 forsitan
1236 2195 1321 2261 ad
1346 2197 1553 2261 finem
1581 2199 1740 2263 belli
1764 2210 1805 2265 ¹.
1845 2204 2186 2268 Summum
2220 2203 2422 2286 illud,

329 2323 619 2397 propter
644 2305 825 2397 quod
858 2305 962 2370 lex
996 2305 1223 2384 fertur,
1256 2305 1706 2395 periculosum
1741 2330 1903 2375 esse.

1040 2503 1729 2570 DECLAMATIO.

434 2660 718 2735 Etiamsi
752 2686 898 2732 non
931 2680 1105 2732 esset
1138 2659 1209 2730 in
1242 2686 1322 2731 eo
1355 2682 1531 2733 statu
1566 2661 1867 2753 bellum,
1894 2685 1972 2735 ut
1995 2662 2281 2737 honesta
2310 2692 2429 2738 co-

337 2779 554 2878 gitare
584 2797 893 2852 vacaret:
938 2774 1046 2847 vel
1084 2802 1244 2847 cum
1286 2776 1593 2875 periculo
1631 2799 1898 2869 tamen,
1936 2781 2202 2878 optima
2235 2803 2301 2853 et
2332 2780 2426 2855 ad

338 2896 603 2966 famam
632 2892 811 2966 itura
833 2891 1072 2963 fecisse
1092 2948 1110 2980 ‚
1152 2891 1433 2962 fortasse
1467 2892 1821 2996 honestius
1848 2893 2021 2968 foret
2044 2952 2063 2984 ,
2108 2923 2317 2993 quam
2336 2917 2427 2996 'ut

337 3007 605 3080 obstare
647 3006 906 3081 utilitas
947 3003 1335 3078 videretur:
1384 3032 1570 3076 nunc
1633 3006 1870 3100 minus
1905 3007 2162 3099 laudis,
2198 3009 2426 3082 immo

341 3122 499 3220 plus
535 3143 763 3194 tamen
792 3118 1173 3194 securitatis
1202 3140 1335 3209 est,
1365 3118 1654 3191 honesta
1686 3122 1929 3193 facere.
1959 3125 2185 3193 Nemo
2217 3124 2428 3220 igitur

348 3233 754 3308 dubitaverit
786 3235 1216 3335 turpissimos
1248 3239 1430 3322 esse,
1466 3234 1586 3332 qui
1622 3235 2131 3331 transfugerint.
2169 3237 2428 3337 Specte-

346 3376 512 3421 mus
537 3350 721 3421 enim
749 3378 895 3423 rem
921 3353 1144 3451 ipsam
1159 3407 1178 3437 ‚
1201 3376 1430 3448 neque
1451 3376 1532 3421 eo
1554 3348 2016 3450 decipiamur,
2042 3351 2229 3449 quod
2252 3352 2428 3425 utile

338 3462 655 3538 videtur:
684 3464 889 3536 hostis
912 3486 1040 3558 est,
1059 3463 1179 3566 qui
1198 3464 1397 3536 facit:
1427 3464 1627 3537 aliter
1653 3464 2151 3540 constituamus
2167 3526 2187 3555 ,
2207 3494 2425 3567 quam

342 3580 939 3680 utintelligamus²¹
953 3582 1253 3681 potuisse
1267 3580 1401 3652 hoc
1418 3601 1488 3652 et
1502 3580 2425 3680 nostrosfacere.Nunquam

342 3698 622 3799 prodest
638 3698 906 3771 malum
921 3698 1319 3798 exemplum
1336 3726 1350 3769 :
1366 3697 1638 3771 etiamsi
1654 3697 1725 3767 in
1745 3699 2054 3795 praesenti
2072 3699 2430 3770 occasione

344 3813 654 3912 quadam
676 3813 971 3886 delectat
987 3871 1006 3904 ,
1033 3814 1105 3885 in
1131 3815 1450 3886 futurum
1481 3833 1713 3884 tamen
1736 3811 1941 3882 altius
1965 3831 2185 3883 nocet.
2206 3811 2432 3882 Proxi-

340 3955 501 4001 mos
548 3929 864 4002 existimo
900 3956 1041 4002 esse
1089 3957 1201 4001 eos
1252 3928 1631 4027 tranfugis,
1674 3953 1715 3997 a
1761 3925 2016 4024 quibus
2065 3925 2429 4026 transfugae

420 4098 464 4133 1.
494 4078 760 4154 Adfinem
787 4082 926 4135 belli.
956 4081 1045 4134 Ad
1059 4081 1112 4152 f.
1144 4081 1188 4133 b.
1220 4083 1350 4134 reci-
1434 4091 1890 4142 ὴιαηιιιεσαωαηι,
1915 4085 2040 4126 utet
2056 4074 2425 4148 intelligamus.

336 4160 573 4232 piendos.
602 4161 784 4215 AEnoo.
1433 4149 2008 4204 Senum—occasione
2019 4148 2436 4221 quadam.1·'ran-

413 4260 461 4296 2.
487 4243 664 4314 Quam
684 4255 744 4297 ut
761 4241 1134 4317 intelligamus.
1150 4240 1355 4296 consta·-
1433 4235 1544 4288 ciue
1564 4230 1795 4288 malebat
1811 4229 2078 4304 quiddam.

555 4331 606 4388 6.
2152 4326 2188 4393 4
