3200 5117
712 546 847 612 218'
1208 548 1302 613 M.
1350 547 1606 612 FABII
1650 547 2292 631 QUINTILIANI

709 670 889 743 inter
933 698 1003 744 se
1047 698 1449 745 concurrere
1490 672 1712 769 coegit
1751 699 1766 744 :
1818 698 1992 771 quos
2037 672 2243 744 etiam
2290 671 2364 742 in
2409 668 2795 742 calamitate

706 788 988 861 fortuna
1021 788 1503 892 conjunxerat,
1544 788 1781 890 jussit,
1817 810 1895 860 ut
1931 788 2230 861 invicem
2261 813 2332 858 se
2367 785 2795 875 occiderent,

707 903 899 999 quod
928 903 1409 1002 gravissimum
1440 903 1575 976 illis
1605 903 1772 993 fuit,
1816 904 2104 976 scientes
2136 930 2151 974 z
2197 902 2562 991 aestimate,
2594 899 2797 1002 judi-

706 1042 815 1089 ces
832 1073 852 1105 ‚
877 1018 1049 1116 quid
1070 1018 1463 1109 timuerint,
1494 1018 1618 1116 qui
1643 1018 1776 1090 hoe
1801 1020 2139 1091 fecerunt.
2164 1018 2502 1108 Quamvis
2523 1038 2757 1088 autem
2774 1072 2794 1104 ‚

685 1129 1003 1232 judices,
1047 1132 1344 1234 adjicere
1389 1133 1728 1206 invidiam
1771 1131 2138 1205 sceleribus
2179 1158 2514 1203 numerus
2546 1130 2795 1219 soleat,

708 1273 835 1320 nos
856 1268 1091 1336 tamen
1120 1249 1635 1337 confitebimur,
1668 1249 1846 1324 inter
1872 1249 2112 1321 solatia
2140 1248 2396 1320 doloris
2421 1246 2631 1319 nostri
2655 1273 2798 1318 esse

707 1365 1228 1438 numerandum
1247 1422 1267 1455 ‚
1296 1366 1487 1466 quod
1516 1366 1727 1438 ambo
1752 1365 2127 1466 perierunt.
2159 1366 2269 1437 Sic
2299 1364 2584 1436 miseros
2613 1389 2799 1434 com·

708 1477 931 1569 misit,
977 1501 1058 1552 ut
1095 1479 1149 1552 si
1194 1507 1375 1556 unus
1420 1479 1724 1572 vicisset,
1772 1501 1922 1581 post
1964 1477 2532 1580 quinquennium
2578 1476 2797 1548 redire

707 1622 853 1672 non
895 1618 1141 1694 posset.
1182 1596 1337 1672 Sive
1372 1596 1581 1695 igitur
1623 1617 1931 1674 constare
1969 1596 2197 1686 vobis,
2232 1593 2542 1695 judices,
2590 1592 2798 1666 debet

708 1711 921 1788 ultio:
956 1712 1153 1788 nulla
1180 1740 1498 1811 unquam
1530 1741 1633 1788 res
1655 1714 1756 1788 sic
1787 1735 2027 1788 contra
2053 1714 2240 1812 leges
2267 1711 2642 1809 excogitata
2666 1730 2796 1793 est,

707 1849 787 1899 ut
828 1829 1006 1902 intra
1051 1831 1223 1904 fines
1270 1831 1786 1931 deprehensum
1829 1832 2019 1905 exsul
2063 1831 2370 1904 exsulem
2402 1827 2794 1900 occideret:

709 1943 847 2015 sive
883 1945 1304 2018 crudelitatis
1347 1946 1616 2046 exigere
1660 1946 1908 2022 debeat
1951 1971 2229 2048 poenam
2255 1965 2475 2017 vestra
2494 1941 2795 2045 justitia,

706 2084 851 2130 non
880 2059 1039 2131 satis
1073 2060 1351 2151 habuit,
1382 2062 1571 2159 quod
1615 2061 1938 2133 adversus
1967 2060 2250 2132 miseros
2281 2058 2390 2130 lex
2427 2057 2598 2128 irata
2630 2081 2801 2127 con—

706 2173 1079 2273 scripserat.
1119 2175 1406 2266 Quanto
1446 2176 1640 2248 enim
1688 2174 1962 2274 gravius
2003 2172 2291 2246 tulerint
2330 2165 2798 2271 supplicium,

706 2315 920 2384 quam
942 2312 1374 2380 meruerant,
1393 2289 1500 2364 vel
1527 2291 1626 2363 sic
1651 2290 1981 2362 oestimate
2005 2314 2021 2360 τ
2053 2288 2185 2360 hoc
2208 2286 2537 2360 inimicus
2560 2284 2799 2384 elegit,

706 2422 777 2473 et
804 2404 1139 2477 inimicus
1163 2406 1587 2505 pauperibus
1617 2406 1827 2477 iratus
1852 2431 1866 2475 ε
1897 2404 2040 2475 haec
2064 2403 2258 2475 enim
2287 2401 2446 2498 odia
2470 2401 2799 2473 altissime

704 2518 983 2609 sedent,
1030 2546 1252 2616 quum
1294 2518 1551 2617 aliquis
1593 2519 1718 2609 iis,
1762 2546 1936 2616 quos
1977 2518 2423 2617 contempsit,
2466 2515 2796 2589 irascitur.

706 2634 1129 2706 Innocentiae
1182 2635 1437 2706 fiducia
1480 2654 1726 2705 contra
1771 2661 1937 2734 opes
1987 2633 2182 2706 istius
2227 2650 2585 2718 steterant3
2647 2652 2793 2699 non

704 2768 939 2819 tamen
982 2749 1197 2820 futuri
1234 2774 1468 2846 pares,
1502 2748 1638 2820 nisi
1680 2748 1822 2820 duo
1859 2748 2195 2821 fuissent:
2231 2766 2465 2819 contra
2500 2743 2792 2843 gratiam

703 2886 1144 2937 armaverunt
1176 2864 1722 2937 misericordiam
1758 2865 1867 2936 sui
1890 2879 1938 2955 ¹,
1981 2863 2205 2938 donec
2245 2862 2454 2938 ambo
2491 2862 2566 2932 in
2603 2857 2793 2959 peri-

706 2980 947 3053 culum
996 2981 1236 3080 capitis
1282 2981 1562 3056 adducti
1603 3008 1619 3054 :
1682 3002 1882 3055 testes
1930 2982 2123 3053 enirn
2170 3006 2312 3053 non
2364 2980 2735 3052 defuerunt
2775 3002 2791 3046 ε

704 3117 1049 3194 quantum
1075 3096 1269 3174 enim
1292 3097 1509 3174 valuit
1538 3097 1933 3174 innocentia
1951 3152 1970 3188 ‚
2007 3095 2316 3170 constitit
2351 3095 2529 3170 inter
2554 3118 2796 3166 omnes

705 3237 849 3282 non
880 3211 1177 3311 potuisse
1212 3212 1424 3302 illud,
1461 3212 1593 3284 nisi
1627 3211 1717 3283 ab
1747 3210 2314 3313 imprudentibus
2348 3209 2522 3282 fieri.
2558 3211 2797 3279 Incre-

706 3321 920 3399 dibile
955 3348 1086 3418 est,
1124 3325 1435 3429 judice5‚
1480 3346 1746 3426 quanto
1788 3323 2149 3400 difficilius
2186 3321 2444 3396 finibus
2488 3339 2795 3409 careant,

707 3440 829 3539 qui
847 3442 1164 3514 exsilium
1186 3471 1328 3516 non
1350 3463 1758 3517 meruerunt
1781 3470 1796 3514 :
1824 3439 2412 3541 amplectebantur
2429 3435 2660 3509 miseri
2677 3434 2798 3533 pio

705 3636 981 3709 Quatenus
1026 3640 1166 3691 enim
1204 3640 1450 3693 voluntas
1495 3638 1711 3708 abfuit,

705 3731 855 3769 erant
883 3718 1209 3773 innocentes.
1242 3718 1343 3771 Sed
1372 3739 1456 3772 me
1485 3717 1713 3771 offendit

701 3794 757 3847 τὸ
771 3797 1057 3872 confestim.
1076 3801 1190 3851 Hoc
1206 3799 1344 3851 enim
1360 3798 1546 3851 acerbe
1561 3811 1711 3870 post·

706 3897 766 3930 ea
786 3879 1150 3951 exprobratur,
1168 3880 1315 3954 quod
1334 3879 1591 3956 quidquid
1606 3881 1713 3932 fac-

707 3971 817 4009 tum
840 3973 913 4012 est
929 3999 945 4025 ,
960 3981 1069 4014 non
1090 3974 1169 4013 est
1186 3962 1385 4013 factum
1407 3959 1707 4012 confestim.

705 4042 875 4092 Infra:
919 4043 1066 4112 Quod
1102 4042 1303 4095 vultum
1337 4054 1483 4096 tuum
1519 4043 1713 4094 diutius

709 4122 898 4173 vident.
932 4123 1023 4188 Et,
1058 4142 1163 4175 non
1197 4123 1317 4176 licet
1348 4123 1443 4175 tibi
1468 4122 1709 4198 qladium

707 4219 862 4273 supra
891 4206 1101 4258 cervices
1130 4204 1221 4258 dtu
1255 4217 1441 4256 tenere.
1475 4207 1709 4258 For-sanz

709 4284 961 4339 Homines
980 4286 1297 4354 innocentes,
1317 4305 1483 4358 quum
1500 4288 1715 4350 damna·

1791 3648 1985 3704 rentur,
2010 3654 2218 3709 quoque
2237 3633 2448 3707 infestos
2469 3633 2664 3685 inter-se
2676 3647 2798 3682 con-

1789 3738 1989 3773 currere
2005 3719 2187 3794 coeqt't.
2206 3712 2692 3770 Gnon.—-Exstdem
2711 3729 2798 3764 ex·

1789 3798 1883 3853 sul.
1909 3798 1984 3851 Ex
2008 3796 2377 3850 emendatione
2399 3791 2580 3848 AErod.

1867 3898 1886 3932 ι
1900 3920 1911 3931 .
1927 3880 2284 3934 Armanerunt
2299 3874 2714 3928 misericordiam.
2731 3871 2800 3922 Se

1790 3959 2135 4015 misericordia
2166 3957 2277 4021 sui,
2305 3952 2483 4006 AErod.
2509 3955 2623 4014 An,
2651 3968 2796 4002 ama-

1791 4052 1972 4094 verunt
1995 4059 2066 4091 m.
2085 4040 2180 4092 sui.
2207 4038 2427 4090 Senum.
2443 4064 2515 4074 —
2537 4034 2794 4102 Quantum

1789 4122 1928 4174 enim
1976 4121 2159 4174 valuit.
2207 4116 2454 4172 AErodius
2477 4138 2488 4165 ε
2533 4115 2792 4184 Quantum

1788 4214 1980 4256 autem.
2019 4204 2132 4274 Ego
2167 4199 2378 4252 malim:
2417 4197 2674 4270 Quantum
2712 4200 2795 4241 ta-

1790 4303 1912 4337 men
1935 4284 2119 4337 valuit.
2143 4282 2312 4336 Gnou.
