<?xml version="1.0" encoding="UTF-8"?>
<!DOCTYPE html PUBLIC "-//W3C//DTD XHTML 1.0 Transitional//EN"
    "http://www.w3.org/TR/xhtml1/DTD/xhtml1-transitional.dtd">
<html xmlns="http://www.w3.org/1999/xhtml" xml:lang="en" lang="en">
 <head>
  <title>
</title>
<meta http-equiv="Content-Type" content="text/html;charset=utf-8" />
  <meta name='ocr-system' content='tesseract 3.04.00' />
  <meta name='ocr-capabilities' content='ocr_page ocr_carea ocr_par ocr_line ocrx_word'/>
</head>
<body>
  <div class='ocr_page' id='page_1' title='image "./deinstitutioneo00flacgoog_0386.png"; bbox 0 0 3200 5117; ppageno 0'>
   <div class='ocr_carea' id='block_1_1' title="bbox 770 551 2351 643">
    <p class='ocr_par' dir='ltr' id='par_1_1' title="bbox 770 551 2351 643">
     <span class='ocr_line' id='line_1_1' title="bbox 770 551 2351 643; baseline -0.003 -22"><span class='ocrx_word' id='word_1_1' title='bbox 770 555 897 643; x_wconf 83' lang='lat'>378</span> <span class='ocrx_word' id='word_1_2' title='bbox 1271 553 1365 618; x_wconf 85' lang='lat' dir='ltr'>M.</span> <span class='ocrx_word' id='word_1_3' title='bbox 1414 553 1666 618; x_wconf 87' lang='lat' dir='ltr'>FABII</span> <span class='ocrx_word' id='word_1_4' title='bbox 1711 551 2351 636; x_wconf 84' lang='lat' dir='ltr'><strong>QUINTILIANI</strong></span> 
     </span>
    </p>
   </div>
   <div class='ocr_carea' id='block_1_2' title="bbox 712 673 2866 3547">
    <p class='ocr_par' dir='ltr' id='par_1_2' title="bbox 712 673 2866 3547">
     <span class='ocr_line' id='line_1_2' title="bbox 765 673 2864 776; baseline 0 -27"><span class='ocrx_word' id='word_1_5' title='bbox 765 697 902 767; x_wconf 86' lang='lat' dir='ltr'>est,</span> <span class='ocrx_word' id='word_1_6' title='bbox 931 675 1051 773; x_wconf 89' lang='lat' dir='ltr'>qui</span> <span class='ocrx_word' id='word_1_7' title='bbox 1082 674 1468 774; x_wconf 82' lang='lat' dir='ltr'><strong>insepultus</strong></span> <span class='ocrx_word' id='word_1_8' title='bbox 1494 673 1894 774; x_wconf 85' lang='lat' dir='ltr'>abjiciatur:</span> <span class='ocrx_word' id='word_1_9' title='bbox 1921 673 2245 747; x_wconf 81' lang='lat' dir='ltr'>adversus</span> <span class='ocrx_word' id='word_1_10' title='bbox 2268 674 2459 748; x_wconf 88' lang='lat' dir='ltr'>hunc</span> <span class='ocrx_word' id='word_1_11' title='bbox 2485 676 2732 776; x_wconf 80' lang='lat' dir='ltr'>scripta</span> <span class='ocrx_word' id='word_1_12' title='bbox 2754 677 2864 751; x_wconf 81' lang='lat' dir='ltr'>lex</span> 
     </span>
     <span class='ocr_line' id='line_1_3' title="bbox 767 790 2866 892; baseline 0 -26"><span class='ocrx_word' id='word_1_13' title='bbox 767 813 904 866; x_wconf 79' lang='lat' dir='ltr'>est:</span> <span class='ocrx_word' id='word_1_14' title='bbox 938 791 1067 864; x_wconf 83' lang='lat' dir='ltr'>hac</span> <span class='ocrx_word' id='word_1_15' title='bbox 1095 813 1369 864; x_wconf 85' lang='lat' dir='ltr'>cavetur</span> <span class='ocrx_word' id='word_1_16' title='bbox 1391 790 1476 863; x_wconf 90' lang='lat' dir='ltr'>de</span> <span class='ocrx_word' id='word_1_17' title='bbox 1506 790 1661 863; x_wconf 89' lang='lat' dir='ltr'>hoc.</span> <span class='ocrx_word' id='word_1_18' title='bbox 1689 793 2038 864; x_wconf 83' lang='lat' dir='ltr'>Caeterum</span> <span class='ocrx_word' id='word_1_19' title='bbox 2064 791 2349 888; x_wconf 88' lang='lat' dir='ltr'>quidem</span> <span class='ocrx_word' id='word_1_20' title='bbox 2380 813 2456 864; x_wconf 90' lang='lat' dir='ltr'>tu</span> <span class='ocrx_word' id='word_1_21' title='bbox 2483 792 2544 865; x_wconf 89' lang='lat' dir='ltr'>ei</span> <span class='ocrx_word' id='word_1_22' title='bbox 2568 851 2586 883; x_wconf 85' lang='lat'>‚</span> <span class='ocrx_word' id='word_1_23' title='bbox 2616 794 2740 892; x_wconf 90' lang='lat' dir='ltr'>qui</span> <span class='ocrx_word' id='word_1_24' title='bbox 2766 815 2866 867; x_wconf 90' lang='lat' dir='ltr'>tot</span> 
     </span>
     <span class='ocr_line' id='line_1_4' title="bbox 765 906 2861 1007; baseline 0.001 -28"><span class='ocrx_word' id='word_1_25' title='bbox 765 907 1112 979; x_wconf 85' lang='lat' dir='ltr'>lenocinia</span> <span class='ocrx_word' id='word_1_26' title='bbox 1155 906 1301 979; x_wconf 81' lang='lat' dir='ltr'>haec</span> <span class='ocrx_word' id='word_1_27' title='bbox 1347 906 1725 979; x_wconf 83' lang='lat' dir='ltr'>constituta</span> <span class='ocrx_word' id='word_1_28' title='bbox 1764 907 1920 979; x_wconf 79' lang='lat' dir='ltr'>vitae</span> <span class='ocrx_word' id='word_1_29' title='bbox 1966 907 2495 1006; x_wconf 81' lang='lat' dir='ltr'><strong>contempserit,</strong></span> <span class='ocrx_word' id='word_1_30' title='bbox 2543 909 2667 1007; x_wconf 89' lang='lat' dir='ltr'>qui</span> <span class='ocrx_word' id='word_1_31' title='bbox 2713 936 2861 981; x_wconf 91' lang='lat' dir='ltr'>non</span> 
     </span>
     <span class='ocr_line' id='line_1_5' title="bbox 768 1020 2865 1120; baseline 0 -27"><span class='ocrx_word' id='word_1_32' title='bbox 768 1022 1160 1094; x_wconf 86' lang='lat' dir='ltr'>detineatur</span> <span class='ocrx_word' id='word_1_33' title='bbox 1202 1022 1309 1094; x_wconf 84' lang='lat' dir='ltr'>his</span> <span class='ocrx_word' id='word_1_34' title='bbox 1349 1021 1859 1119; x_wconf 80' lang='lat' dir='ltr'>voluptatibus,</span> <span class='ocrx_word' id='word_1_35' title='bbox 1905 1020 2127 1111; x_wconf 85' lang='lat' dir='ltr'>dices;</span> <span class='ocrx_word' id='word_1_36' title='bbox 2178 1023 2337 1092; x_wconf 91' lang='lat' dir='ltr'>Non</span> <span class='ocrx_word' id='word_1_37' title='bbox 2373 1021 2583 1093; x_wconf 87' lang='lat' dir='ltr'>habes</span> <span class='ocrx_word' id='word_1_38' title='bbox 2625 1049 2865 1120; x_wconf 78' lang='lat' dir='ltr'>graves</span> 
     </span>
     <span class='ocr_line' id='line_1_6' title="bbox 769 1135 2862 1236; baseline 0 -27"><span class='ocrx_word' id='word_1_39' title='bbox 769 1163 1009 1209; x_wconf 87' lang='lat' dir='ltr'>causas</span> <span class='ocrx_word' id='word_1_40' title='bbox 1053 1136 1440 1209; x_wconf 86' lang='lat' dir='ltr'>moriendi?</span> <span class='ocrx_word' id='word_1_41' title='bbox 1483 1136 1928 1236; x_wconf 87' lang='lat' dir='ltr'>respondebit</span> <span class='ocrx_word' id='word_1_42' title='bbox 1942 1164 1961 1225; x_wconf 91' lang='lat'>;</span> <span class='ocrx_word' id='word_1_43' title='bbox 1998 1135 2143 1208; x_wconf 87' lang='lat' dir='ltr'>Odi</span> <span class='ocrx_word' id='word_1_44' title='bbox 2178 1136 2425 1227; x_wconf 85' lang='lat' dir='ltr'>vitam,</span> <span class='ocrx_word' id='word_1_45' title='bbox 2470 1136 2862 1235; x_wconf 83' lang='lat' dir='ltr'>relinquere</span> 
     </span>
     <span class='ocr_line' id='line_1_7' title="bbox 768 1252 2865 1353; baseline 0.003 -35"><span class='ocrx_word' id='word_1_46' title='bbox 768 1253 953 1344; x_wconf 85' lang='lat' dir='ltr'>volo;</span> <span class='ocrx_word' id='word_1_47' title='bbox 993 1274 1067 1324; x_wconf 89' lang='lat' dir='ltr'>tu</span> <span class='ocrx_word' id='word_1_48' title='bbox 1111 1279 1225 1324; x_wconf 87' lang='lat' dir='ltr'>me</span> <span class='ocrx_word' id='word_1_49' title='bbox 1264 1274 1633 1324; x_wconf 87' lang='lat' dir='ltr'>nocentem</span> <span class='ocrx_word' id='word_1_50' title='bbox 1677 1252 1925 1351; x_wconf 86' lang='lat' dir='ltr'>probes</span> <span class='ocrx_word' id='word_1_51' title='bbox 1959 1272 2265 1351; x_wconf 84' lang='lat' dir='ltr'>oportet,</span> <span class='ocrx_word' id='word_1_52' title='bbox 2312 1280 2398 1326; x_wconf 94' lang='lat' dir='ltr'>ne</span> <span class='ocrx_word' id='word_1_53' title='bbox 2432 1253 2704 1353; x_wconf 89' lang='lat' dir='ltr'>sepeliri</span> <span class='ocrx_word' id='word_1_54' title='bbox 2735 1254 2865 1324; x_wconf 89' lang='lat' dir='ltr'>de-</span> 
     </span>
     <span class='ocr_line' id='line_1_8' title="bbox 769 1366 2862 1466; baseline 0 -28"><span class='ocrx_word' id='word_1_55' title='bbox 769 1368 992 1438; x_wconf 87' lang='lat' dir='ltr'>beam.</span> <span class='ocrx_word' id='word_1_56' title='bbox 1039 1369 1112 1439; x_wconf 86' lang='lat' dir='ltr'>Si</span> <span class='ocrx_word' id='word_1_57' title='bbox 1161 1389 1399 1440; x_wconf 83' lang='lat' dir='ltr'>tamen</span> <span class='ocrx_word' id='word_1_58' title='bbox 1445 1369 1533 1439; x_wconf 91' lang='lat' dir='ltr'>de</span> <span class='ocrx_word' id='word_1_59' title='bbox 1583 1366 1717 1438; x_wconf 89' lang='lat' dir='ltr'>hoc</span> <span class='ocrx_word' id='word_1_60' title='bbox 1757 1393 2038 1466; x_wconf 89' lang='lat' dir='ltr'>quoque</span> <span class='ocrx_word' id='word_1_61' title='bbox 2087 1367 2544 1463; x_wconf 69' lang='lat' dir='ltr'>quaerendum</span> <span class='ocrx_word' id='word_1_62' title='bbox 2585 1387 2719 1456; x_wconf 84' lang='lat' dir='ltr'>est,</span> <span class='ocrx_word' id='word_1_63' title='bbox 2767 1395 2862 1440; x_wconf 86' lang='lat' dir='ltr'>an</span> 
     </span>
     <span class='ocr_line' id='line_1_9' title="bbox 767 1480 2864 1579; baseline 0 -27"><span class='ocrx_word' id='word_1_64' title='bbox 767 1505 1001 1579; x_wconf 76' lang='lat' dir='ltr'>graves</span> <span class='ocrx_word' id='word_1_65' title='bbox 1035 1508 1254 1553; x_wconf 77' lang='lat' dir='ltr'>causae</span> <span class='ocrx_word' id='word_1_66' title='bbox 1284 1482 1456 1573; x_wconf 87' lang='lat' dir='ltr'>sint,</span> <span class='ocrx_word' id='word_1_67' title='bbox 1486 1481 1869 1554; x_wconf 85' lang='lat' dir='ltr'>videamus.</span> <span class='ocrx_word' id='word_1_68' title='bbox 1901 1481 2183 1553; x_wconf 67' lang='lat' dir='ltr'>Perdidi</span> <span class='ocrx_word' id='word_1_69' title='bbox 2215 1480 2547 1570; x_wconf 77' lang='lat' dir='ltr'>domum,</span> <span class='ocrx_word' id='word_1_70' title='bbox 2580 1482 2864 1554; x_wconf 86' lang='lat' dir='ltr'>fortuito</span> 
     </span>
     <span class='ocr_line' id='line_1_10' title="bbox 768 1598 2858 1697; baseline 0.001 -30"><span class='ocrx_word' id='word_1_71' title='bbox 768 1598 1123 1688; x_wconf 90' lang='lat' dir='ltr'>incendio,</span> <span class='ocrx_word' id='word_1_72' title='bbox 1172 1598 1849 1697; x_wconf 89' lang='lat' dir='ltr'>quomodocunque;</span> <span class='ocrx_word' id='word_1_73' title='bbox 1895 1618 2170 1670; x_wconf 84' lang='lat' dir='ltr'>tantum</span> <span class='ocrx_word' id='word_1_74' title='bbox 2213 1599 2508 1671; x_wconf 86' lang='lat' dir='ltr'>domum</span> <span class='ocrx_word' id='word_1_75' title='bbox 2550 1598 2858 1697; x_wconf 87' lang='lat' dir='ltr'>perdidi;</span> 
     </span>
     <span class='ocr_line' id='line_1_11' title="bbox 769 1714 2864 1818; baseline 0 -33"><span class='ocrx_word' id='word_1_76' title='bbox 769 1714 1020 1811; x_wconf 83' lang='lat' dir='ltr'>ecquid</span> <span class='ocrx_word' id='word_1_77' title='bbox 1066 1741 1349 1812; x_wconf 85' lang='lat' dir='ltr'>possum</span> <span class='ocrx_word' id='word_1_78' title='bbox 1383 1715 1598 1786; x_wconf 84' lang='lat' dir='ltr'>videri</span> <span class='ocrx_word' id='word_1_79' title='bbox 1636 1714 1857 1818; x_wconf 82' lang='lat' dir='ltr'>justas</span> <span class='ocrx_word' id='word_1_80' title='bbox 1899 1716 2155 1788; x_wconf 90' lang='lat' dir='ltr'>habere</span> <span class='ocrx_word' id='word_1_81' title='bbox 2198 1741 2436 1787; x_wconf 82' lang='lat' dir='ltr'><strong>causas</strong></span> <span class='ocrx_word' id='word_1_82' title='bbox 2470 1714 2864 1787; x_wconf 78' lang='lat' dir='ltr'>moriendi?</span> 
     </span>
     <span class='ocr_line' id='line_1_12' title="bbox 769 1830 2863 1931; baseline 0 -30"><span class='ocrx_word' id='word_1_83' title='bbox 769 1850 1053 1928; x_wconf 81' lang='lat' dir='ltr'>penates</span> <span class='ocrx_word' id='word_1_84' title='bbox 1075 1831 1226 1903; x_wconf 89' lang='lat' dir='ltr'>illos</span> <span class='ocrx_word' id='word_1_85' title='bbox 1245 1889 1264 1921; x_wconf 80' lang='lat'>‚</span> <span class='ocrx_word' id='word_1_86' title='bbox 1291 1831 1366 1903; x_wconf 86' lang='lat' dir='ltr'>in</span> <span class='ocrx_word' id='word_1_87' title='bbox 1389 1832 1648 1930; x_wconf 86' lang='lat' dir='ltr'>quibus</span> <span class='ocrx_word' id='word_1_88' title='bbox 1669 1853 1870 1904; x_wconf 87' lang='lat' dir='ltr'>natus</span> <span class='ocrx_word' id='word_1_89' title='bbox 1892 1858 2049 1904; x_wconf 90' lang='lat' dir='ltr'>sum</span> <span class='ocrx_word' id='word_1_90' title='bbox 2065 1889 2083 1919; x_wconf 89' lang='lat'>‚</span> <span class='ocrx_word' id='word_1_91' title='bbox 2106 1830 2229 1931; x_wconf 90' lang='lat' dir='ltr'>qui</span> <span class='ocrx_word' id='word_1_92' title='bbox 2259 1830 2437 1902; x_wconf 87' lang='lat' dir='ltr'>mihi</span> <span class='ocrx_word' id='word_1_93' title='bbox 2458 1830 2863 1930; x_wconf 87' lang='lat' dir='ltr'>quotidiana</span> 
     </span>
     <span class='ocr_line' id='line_1_13' title="bbox 770 1945 2862 2047; baseline 0.001 -31"><span class='ocrx_word' id='word_1_94' title='bbox 770 1945 1073 2044; x_wconf 77' lang='lat' dir='ltr'>imagine</span> <span class='ocrx_word' id='word_1_95' title='bbox 1107 1946 1337 2020; x_wconf 89' lang='lat' dir='ltr'>adhuc</span> <span class='ocrx_word' id='word_1_96' title='bbox 1361 1970 1726 2021; x_wconf 83' lang='lat' dir='ltr'>versantur</span> <span class='ocrx_word' id='word_1_97' title='bbox 1753 1971 1914 2022; x_wconf 88' lang='lat' dir='ltr'>ante</span> <span class='ocrx_word' id='word_1_98' title='bbox 1946 1949 2216 2038; x_wconf 78' lang='lat' dir='ltr'>oculoS,</span> <span class='ocrx_word' id='word_1_99' title='bbox 2253 1947 2405 2019; x_wconf 87' lang='lat' dir='ltr'>illos</span> <span class='ocrx_word' id='word_1_100' title='bbox 2438 1969 2759 2047; x_wconf 83' lang='lat' dir='ltr'>penates,</span> <span class='ocrx_word' id='word_1_101' title='bbox 2789 1948 2862 2018; x_wconf 92' lang='lat' dir='ltr'>in</span> 
     </span>
     <span class='ocr_line' id='line_1_14' title="bbox 767 2059 2861 2162; baseline 0.001 -31"><span class='ocrx_word' id='word_1_102' title='bbox 767 2059 1025 2159; x_wconf 86' lang='lat' dir='ltr'>quibus</span> <span class='ocrx_word' id='word_1_103' title='bbox 1067 2061 1238 2132; x_wconf 87' lang='lat' dir='ltr'>sacri</span> <span class='ocrx_word' id='word_1_104' title='bbox 1274 2061 1541 2160; x_wconf 87' lang='lat' dir='ltr'>aliquid</span> <span class='ocrx_word' id='word_1_105' title='bbox 1589 2087 1731 2134; x_wconf 89' lang='lat' dir='ltr'>esse</span> <span class='ocrx_word' id='word_1_106' title='bbox 1764 2061 2147 2150; x_wconf 87' lang='lat' dir='ltr'>credimus,</span> <span class='ocrx_word' id='word_1_107' title='bbox 2194 2062 2395 2134; x_wconf 88' lang='lat' dir='ltr'>amisi</span> <span class='ocrx_word' id='word_1_108' title='bbox 2439 2089 2454 2133; x_wconf 95' lang='lat'><strong>:</strong></span> <span class='ocrx_word' id='word_1_109' title='bbox 2504 2061 2754 2162; x_wconf 87' lang='lat' dir='ltr'>hospes</span> <span class='ocrx_word' id='word_1_110' title='bbox 2791 2062 2861 2133; x_wconf 93' lang='lat' dir='ltr'>in</span> 
     </span>
     <span class='ocr_line' id='line_1_15' title="bbox 767 2174 2860 2276; baseline 0.002 -31"><span class='ocrx_word' id='word_1_111' title='bbox 767 2174 1035 2248; x_wconf 82' lang='lat' dir='ltr'>civitate</span> <span class='ocrx_word' id='word_1_112' title='bbox 1055 2175 1364 2248; x_wconf 88' lang='lat' dir='ltr'>victurus</span> <span class='ocrx_word' id='word_1_113' title='bbox 1381 2202 1567 2249; x_wconf 86' lang='lat' dir='ltr'>snm.</span> <span class='ocrx_word' id='word_1_114' title='bbox 1587 2175 1867 2249; x_wconf 82' lang='lat' dir='ltr'>Perdidi</span> <span class='ocrx_word' id='word_1_115' title='bbox 1885 2174 2138 2248; x_wconf 89' lang='lat' dir='ltr'>liberos</span> <span class='ocrx_word' id='word_1_116' title='bbox 2151 2233 2170 2266; x_wconf 87' lang='lat'>,</span> <span class='ocrx_word' id='word_1_117' title='bbox 2188 2176 2860 2276; x_wconf 83' lang='lat' dir='ltr'>quomodocunque3</span> 
     </span>
     <span class='ocr_line' id='line_1_16' title="bbox 765 2288 2865 2394; baseline 0.003 -36"><span class='ocrx_word' id='word_1_118' title='bbox 765 2308 1042 2359; x_wconf 82' lang='lat' dir='ltr'>tantum</span> <span class='ocrx_word' id='word_1_119' title='bbox 1081 2288 1333 2362; x_wconf 89' lang='lat' dir='ltr'>liberos</span> <span class='ocrx_word' id='word_1_120' title='bbox 1363 2319 1380 2363; x_wconf 73' lang='grc' dir='ltr'>ε</span> <span class='ocrx_word' id='word_1_121' title='bbox 1421 2290 1671 2390; x_wconf 84' lang='lat' dir='ltr'>ecquid</span> <span class='ocrx_word' id='word_1_122' title='bbox 1702 2290 1894 2394; x_wconf 88' lang='lat' dir='ltr'>justa</span> <span class='ocrx_word' id='word_1_123' title='bbox 1931 2317 2138 2363; x_wconf 86' lang='lat' dir='ltr'>causa</span> <span class='ocrx_word' id='word_1_124' title='bbox 2174 2291 2414 2363; x_wconf 88' lang='lat' dir='ltr'>mortis</span> <span class='ocrx_word' id='word_1_125' title='bbox 2448 2312 2550 2363; x_wconf 90' lang='lat' dir='ltr'>est</span> <span class='ocrx_word' id='word_1_126' title='bbox 2576 2292 2865 2364; x_wconf 86' lang='lat' dir='ltr'>orbitas?</span> 
     </span>
     <span class='ocr_line' id='line_1_17' title="bbox 771 2403 2861 2505; baseline 0.002 -32"><span class='ocrx_word' id='word_1_127' title='bbox 771 2422 838 2473; x_wconf 85' lang='lat' dir='ltr'>et</span> <span class='ocrx_word' id='word_1_128' title='bbox 873 2403 1124 2475; x_wconf 82' lang='lat' dir='ltr'>orbitas</span> <span class='ocrx_word' id='word_1_129' title='bbox 1155 2431 1301 2476; x_wconf 86' lang='lat' dir='ltr'>non</span> <span class='ocrx_word' id='word_1_130' title='bbox 1336 2405 1630 2505; x_wconf 76' lang='lat' dir='ltr'>simplex</span> <span class='ocrx_word' id='word_1_131' title='bbox 1651 2464 1670 2496; x_wconf 88' lang='lat'>,</span> <span class='ocrx_word' id='word_1_132' title='bbox 1712 2432 1844 2478; x_wconf 88' lang='lat' dir='ltr'>nec</span> <span class='ocrx_word' id='word_1_133' title='bbox 1882 2426 2158 2478; x_wconf 87' lang='lat' dir='ltr'>tantum</span> <span class='ocrx_word' id='word_1_134' title='bbox 2197 2406 2586 2504; x_wconf 80' lang='lat' dir='ltr'>geminata3</span> <span class='ocrx_word' id='word_1_135' title='bbox 2618 2432 2861 2478; x_wconf 85' lang='lat' dir='ltr'>verum</span> 
     </span>
     <span class='ocr_line' id='line_1_18' title="bbox 712 2517 2865 2621; baseline 0.001 -33"><span class='ocrx_word' id='word_1_136' title='bbox 712 2537 724 2548; x_wconf 82' lang='grc'><em>·</em></span> <span class='ocrx_word' id='word_1_137' title='bbox 769 2517 989 2589; x_wconf 85' lang='lat' dir='ltr'>etiam</span> <span class='ocrx_word' id='word_1_138' title='bbox 1037 2519 1110 2590; x_wconf 89' lang='lat' dir='ltr'>in</span> <span class='ocrx_word' id='word_1_139' title='bbox 1145 2547 1374 2594; x_wconf 88' lang='lat' dir='ltr'>unum</span> <span class='ocrx_word' id='word_1_140' title='bbox 1409 2542 1687 2621; x_wconf 84' lang='lat' dir='ltr'>tempus</span> <span class='ocrx_word' id='word_1_141' title='bbox 1735 2521 2000 2594; x_wconf 83' lang='lat' dir='ltr'>collata.</span> <span class='ocrx_word' id='word_1_142' title='bbox 2059 2520 2374 2592; x_wconf 86' lang='lat' dir='ltr'>Afferant</span> <span class='ocrx_word' id='word_1_143' title='bbox 2418 2519 2675 2618; x_wconf 84' lang='lat' dir='ltr'>aliquid</span> <span class='ocrx_word' id='word_1_144' title='bbox 2716 2520 2865 2591; x_wconf 88' lang='lat' dir='ltr'>for-</span> 
     </span>
     <span class='ocr_line' id='line_1_19' title="bbox 765 2637 2853 2730; baseline -0.001 -21"><span class='ocrx_word' id='word_1_145' title='bbox 765 2659 943 2710; x_wconf 85' lang='lat' dir='ltr'>tasse</span> <span class='ocrx_word' id='word_1_146' title='bbox 977 2637 1194 2708; x_wconf 85' lang='lat' dir='ltr'>solatii</span> <span class='ocrx_word' id='word_1_147' title='bbox 1230 2639 1414 2711; x_wconf 84' lang='lat' dir='ltr'>mala</span> <span class='ocrx_word' id='word_1_148' title='bbox 1449 2640 1702 2730; x_wconf 85' lang='lat' dir='ltr'>divisa3</span> <span class='ocrx_word' id='word_1_149' title='bbox 1736 2660 1803 2713; x_wconf 88' lang='lat' dir='ltr'>et</span> <span class='ocrx_word' id='word_1_150' title='bbox 1828 2639 2006 2714; x_wconf 86' lang='lat' dir='ltr'>sicut</span> <span class='ocrx_word' id='word_1_151' title='bbox 2037 2667 2251 2712; x_wconf 85' lang='lat' dir='ltr'>onera</span> <span class='ocrx_word' id='word_1_152' title='bbox 2278 2638 2544 2712; x_wconf 81' lang='lat' dir='ltr'>facilius</span> <span class='ocrx_word' id='word_1_153' title='bbox 2571 2637 2853 2725; x_wconf 85' lang='lat' dir='ltr'>subeas,</span> 
     </span>
     <span class='ocr_line' id='line_1_20' title="bbox 769 2753 2855 2856; baseline -0.001 -30"><span class='ocrx_word' id='word_1_154' title='bbox 769 2755 825 2826; x_wconf 86' lang='lat' dir='ltr'>si</span> <span class='ocrx_word' id='word_1_155' title='bbox 869 2753 1218 2852; x_wconf 82' lang='lat' dir='ltr'>partiaris,</span> <span class='ocrx_word' id='word_1_156' title='bbox 1267 2755 1365 2827; x_wconf 87' lang='lat' dir='ltr'>ita</span> <span class='ocrx_word' id='word_1_157' title='bbox 1402 2755 1538 2829; x_wconf 92' lang='lat' dir='ltr'>hoc</span> <span class='ocrx_word' id='word_1_158' title='bbox 1579 2784 1813 2856; x_wconf 75' lang='lat' dir='ltr'>graves</span> <span class='ocrx_word' id='word_1_159' title='bbox 1857 2772 2133 2829; x_wconf 77' lang='lat' dir='ltr'>causas&#39;</span> <span class='ocrx_word' id='word_1_160' title='bbox 2179 2756 2467 2829; x_wconf 84' lang='lat' dir='ltr'>allevare</span> <span class='ocrx_word' id='word_1_161' title='bbox 2509 2753 2757 2855; x_wconf 73' lang='lat' dir='ltr'>possiS‚</span> <span class='ocrx_word' id='word_1_162' title='bbox 2798 2753 2855 2823; x_wconf 85' lang='lat' dir='ltr'>si</span> 
     </span>
     <span class='ocr_line' id='line_1_21' title="bbox 771 2866 2860 2969; baseline -0.001 -30"><span class='ocrx_word' id='word_1_163' title='bbox 771 2895 916 2940; x_wconf 79' lang='lat' dir='ltr'>non</span> <span class='ocrx_word' id='word_1_164' title='bbox 962 2869 1327 2968; x_wconf 76' lang='lat' dir='ltr'>ingruant,</span> <span class='ocrx_word' id='word_1_165' title='bbox 1371 2897 1449 2942; x_wconf 85' lang='lat' dir='ltr'>ac</span> <span class='ocrx_word' id='word_1_166' title='bbox 1492 2871 1706 2944; x_wconf 87' lang='lat' dir='ltr'>semel</span> <span class='ocrx_word' id='word_1_167' title='bbox 1739 2871 2038 2944; x_wconf 87' lang='lat' dir='ltr'>veniant.</span> <span class='ocrx_word' id='word_1_168' title='bbox 2073 2874 2235 2943; x_wconf 89' lang='lat' dir='ltr'>Uno</span> <span class='ocrx_word' id='word_1_169' title='bbox 2278 2892 2584 2969; x_wconf 88' lang='lat' dir='ltr'>tempore</span> <span class='ocrx_word' id='word_1_170' title='bbox 2626 2866 2860 2967; x_wconf 86' lang='lat' dir='ltr'>plures</span> 
     </span>
     <span class='ocr_line' id='line_1_22' title="bbox 771 2981 2860 3086; baseline -0.001 -33"><span class='ocrx_word' id='word_1_171' title='bbox 771 2981 1100 3054; x_wconf 79' lang='lat' dir='ltr'>liberos²l</span> <span class='ocrx_word' id='word_1_172' title='bbox 1129 2983 1301 3082; x_wconf 85' lang='lat' dir='ltr'>quid</span> <span class='ocrx_word' id='word_1_173' title='bbox 1329 2983 1384 3055; x_wconf 90' lang='lat' dir='ltr'>si</span> <span class='ocrx_word' id='word_1_174' title='bbox 1414 3005 1480 3056; x_wconf 91' lang='lat' dir='ltr'>et</span> <span class='ocrx_word' id='word_1_175' title='bbox 1508 2984 1927 3086; x_wconf 76' lang='lat' dir='ltr'>conjugem?</span> <span class='ocrx_word' id='word_1_176' title='bbox 1950 2984 2139 3084; x_wconf 86' lang='lat' dir='ltr'>quod</span> <span class='ocrx_word' id='word_1_177' title='bbox 2165 2984 2219 3058; x_wconf 86' lang='lat' dir='ltr'>si</span> <span class='ocrx_word' id='word_1_178' title='bbox 2251 3010 2376 3083; x_wconf 90' lang='lat' dir='ltr'>per</span> <span class='ocrx_word' id='word_1_179' title='bbox 2407 3011 2476 3055; x_wconf 88' lang='lat' dir='ltr'>se</span> <span class='ocrx_word' id='word_1_180' title='bbox 2501 3008 2698 3082; x_wconf 74' lang='lat' dir='ltr'>grave</span> <span class='ocrx_word' id='word_1_181' title='bbox 2729 3000 2860 3072; x_wconf 88' lang='lat' dir='ltr'>est,</span> 
     </span>
     <span class='ocr_line' id='line_1_23' title="bbox 776 3098 2865 3200; baseline -0.002 -29"><span class='ocrx_word' id='word_1_182' title='bbox 776 3121 841 3171; x_wconf 83' lang='lat' dir='ltr'>et</span> <span class='ocrx_word' id='word_1_183' title='bbox 871 3099 1060 3199; x_wconf 84' lang='lat' dir='ltr'>quod</span> <span class='ocrx_word' id='word_1_184' title='bbox 1098 3099 1348 3172; x_wconf 86' lang='lat' dir='ltr'>liberos</span> <span class='ocrx_word' id='word_1_185' title='bbox 1381 3102 1624 3193; x_wconf 84' lang='lat' dir='ltr'>amisi,</span> <span class='ocrx_word' id='word_1_186' title='bbox 1669 3123 1735 3174; x_wconf 91' lang='lat' dir='ltr'>et</span> <span class='ocrx_word' id='word_1_187' title='bbox 1766 3102 2014 3175; x_wconf 85' lang='lat' dir='ltr'>eodem</span> <span class='ocrx_word' id='word_1_188' title='bbox 2051 3119 2363 3200; x_wconf 86' lang='lat' dir='ltr'>tempore</span> <span class='ocrx_word' id='word_1_189' title='bbox 2399 3098 2639 3186; x_wconf 83' lang='lat' dir='ltr'>amisi,</span> <span class='ocrx_word' id='word_1_190' title='bbox 2676 3116 2865 3169; x_wconf 87' lang='lat' dir='ltr'>erant</span> 
     </span>
     <span class='ocr_line' id='line_1_24' title="bbox 775 3210 2859 3320; baseline -0.002 -34"><span class='ocrx_word' id='word_1_191' title='bbox 775 3214 930 3286; x_wconf 84' lang='lat' dir='ltr'>satis</span> <span class='ocrx_word' id='word_1_192' title='bbox 951 3241 1187 3315; x_wconf 78' lang='lat' dir='ltr'>graves</span> <span class='ocrx_word' id='word_1_193' title='bbox 1205 3242 1459 3289; x_wconf 83' lang='lat' dir='ltr'>causae:</span> <span class='ocrx_word' id='word_1_194' title='bbox 1484 3217 1702 3320; x_wconf 88' lang='lat' dir='ltr'>adjice</span> <span class='ocrx_word' id='word_1_195' title='bbox 1727 3245 1917 3292; x_wconf 91' lang='lat' dir='ltr'>nunc</span> <span class='ocrx_word' id='word_1_196' title='bbox 1931 3275 1951 3309; x_wconf 87' lang='lat'>‚</span> <span class='ocrx_word' id='word_1_197' title='bbox 1976 3216 2121 3289; x_wconf 87' lang='lat' dir='ltr'>haec</span> <span class='ocrx_word' id='word_1_198' title='bbox 2140 3216 2378 3289; x_wconf 86' lang='lat' dir='ltr'>omnia</span> <span class='ocrx_word' id='word_1_199' title='bbox 2398 3211 2610 3288; x_wconf 83' lang='lat' dir='ltr'>simul</span> <span class='ocrx_word' id='word_1_200' title='bbox 2630 3210 2859 3300; x_wconf 83' lang='lat' dir='ltr'>amisi,</span> 
     </span>
     <span class='ocr_line' id='line_1_25' title="bbox 779 3326 2862 3434; baseline -0.001 -36"><span class='ocrx_word' id='word_1_201' title='bbox 779 3348 845 3398; x_wconf 89' lang='lat' dir='ltr'>et</span> <span class='ocrx_word' id='word_1_202' title='bbox 881 3332 1121 3403; x_wconf 85' lang='lat' dir='ltr'>omnia</span> <span class='ocrx_word' id='word_1_203' title='bbox 1157 3331 1304 3405; x_wconf 83' lang='lat' dir='ltr'>haec</span> <span class='ocrx_word' id='word_1_204' title='bbox 1343 3331 1603 3434; x_wconf 87' lang='lat' dir='ltr'>injuria</span> <span class='ocrx_word' id='word_1_205' title='bbox 1632 3334 1873 3406; x_wconf 87' lang='lat' dir='ltr'>amisi:</span> <span class='ocrx_word' id='word_1_206' title='bbox 1911 3333 2240 3407; x_wconf 84' lang='lat' dir='ltr'>exercitus</span> <span class='ocrx_word' id='word_1_207' title='bbox 2269 3357 2384 3402; x_wconf 89' lang='lat' dir='ltr'>me</span> <span class='ocrx_word' id='word_1_208' title='bbox 2415 3326 2862 3427; x_wconf 78' lang='lat' dir='ltr'>expugnavit,</span> 
     </span>
     <span class='ocr_line' id='line_1_26' title="bbox 762 3440 2865 3547; baseline -0.001 -35"><span class='ocrx_word' id='word_1_209' title='bbox 762 3440 954 3514; x_wconf 76' lang='lat' dir='ltr'>‘sicut</span> <span class='ocrx_word' id='word_1_210' title='bbox 993 3445 1241 3518; x_wconf 85' lang='lat' dir='ltr'>urbem</span> <span class='ocrx_word' id='word_1_211' title='bbox 1284 3447 1495 3520; x_wconf 82' lang='lat' dir='ltr'>hostis</span> <span class='ocrx_word' id='word_1_212' title='bbox 1530 3476 1544 3519; x_wconf 94' lang='lat'><strong>:</strong></span> <span class='ocrx_word' id='word_1_213' title='bbox 1585 3469 1660 3520; x_wconf 87' lang='lat' dir='ltr'>et</span> <span class='ocrx_word' id='word_1_214' title='bbox 1697 3450 1845 3520; x_wconf 84' lang='lat' dir='ltr'>haec</span> <span class='ocrx_word' id='word_1_215' title='bbox 1878 3448 2023 3547; x_wconf 78' lang='lat' dir='ltr'>ipsa</span> <span class='ocrx_word' id='word_1_216' title='bbox 2056 3473 2267 3520; x_wconf 81' lang='lat' dir='ltr'>causa</span> <span class='ocrx_word' id='word_1_217' title='bbox 2305 3444 2465 3518; x_wconf 82' lang='lat' dir='ltr'>satis</span> <span class='ocrx_word' id='word_1_218' title='bbox 2490 3443 2687 3544; x_wconf 78' lang='lat' dir='ltr'>justa</span> <span class='ocrx_word' id='word_1_219' title='bbox 2728 3459 2865 3513; x_wconf 86' lang='lat' dir='ltr'>erat</span> 
     </span>
    </p>
   </div>
   <div class='ocr_carea' id='block_1_3' title="bbox 785 3630 2868 4344">
    <p class='ocr_par' dir='ltr' id='par_1_3' title="bbox 785 3630 2868 4344">
     <span class='ocr_line' id='line_1_27' title="bbox 785 3630 2861 3701; baseline 0.001 -21"><span class='ocrx_word' id='word_1_220' title='bbox 785 3649 808 3676; x_wconf 73' lang='grc' dir='ltr'><strong><em>κ</em></strong></span> <span class='ocrx_word' id='word_1_221' title='bbox 827 3630 936 3682; x_wconf 72' lang='lat' dir='ltr'>sive</span> <span class='ocrx_word' id='word_1_222' title='bbox 953 3648 1129 3684; x_wconf 74' lang='lat' dir='ltr'>revera</span> <span class='ocrx_word' id='word_1_223' title='bbox 1151 3650 1377 3701; x_wconf 74' lang='lat' dir='ltr'>nocens,</span> <span class='ocrx_word' id='word_1_224' title='bbox 1397 3636 1505 3686; x_wconf 74' lang='lat' dir='ltr'>sive</span> <span class='ocrx_word' id='word_1_225' title='bbox 1523 3637 1780 3689; x_wconf 69' lang='lat' dir='ltr'>innocens</span> <span class='ocrx_word' id='word_1_226' title='bbox 1938 3651 1983 3686; x_wconf 87' lang='lat'>1.</span> <span class='ocrx_word' id='word_1_227' title='bbox 2020 3635 2213 3688; x_wconf 69' lang='lat' dir='ltr'>Graves</span> <span class='ocrx_word' id='word_1_228' title='bbox 2243 3649 2435 3686; x_wconf 71' lang='lat' dir='ltr'>causas.</span> <span class='ocrx_word' id='word_1_229' title='bbox 2475 3632 2667 3682; x_wconf 70' lang='lat' dir='ltr'>Graves</span> <span class='ocrx_word' id='word_1_230' title='bbox 2696 3647 2861 3693; x_wconf 67' lang='lat' dir='ltr'>cam,</span> 
     </span>
     <span class='ocr_line' id='line_1_28' title="bbox 786 3709 2865 3785; baseline -0.008 -9"><span class='ocrx_word' id='word_1_231' title='bbox 786 3731 808 3755; x_wconf 78' lang='lat'>⁸</span> <span class='ocrx_word' id='word_1_232' title='bbox 831 3722 998 3774; x_wconf 63' lang='lat'>“⁸⁶12</span> <span class='ocrx_word' id='word_1_233' title='bbox 1037 3729 1198 3783; x_wconf 76' lang='lat' dir='ltr'>quare</span> <span class='ocrx_word' id='word_1_234' title='bbox 1234 3728 1286 3766; x_wconf 77' lang='lat' dir='ltr'>et</span> <span class='ocrx_word' id='word_1_235' title='bbox 1323 3715 1435 3784; x_wconf 81' lang='lat' dir='ltr'>ejus</span> <span class='ocrx_word' id='word_1_236' title='bbox 1470 3713 1612 3767; x_wconf 79' lang='lat' dir='ltr'>bona</span> <span class='ocrx_word' id='word_1_237' title='bbox 1646 3716 1780 3768; x_wconf 78' lang='lat' dir='ltr'>fisco</span> <span class='ocrx_word' id='word_1_238' title='bbox 1860 3713 1990 3768; x_wconf 88' lang='lat' dir='ltr'>Obr.</span> <span class='ocrx_word' id='word_1_239' title='bbox 2016 3741 2087 3753; x_wconf 91' lang='lat'>-—</span> <span class='ocrx_word' id='word_1_240' title='bbox 2106 3713 2167 3765; x_wconf 75' lang='lat' dir='ltr'>Si</span> <span class='ocrx_word' id='word_1_241' title='bbox 2184 3730 2291 3765; x_wconf 80' lang='lat' dir='ltr'>non</span> <span class='ocrx_word' id='word_1_242' title='bbox 2310 3712 2580 3785; x_wconf 63' lang='lat' dir='ltr'>ingruant.</span> <span class='ocrx_word' id='word_1_243' title='bbox 2610 3709 2725 3774; x_wconf 77' lang='lat' dir='ltr'>An,</span> <span class='ocrx_word' id='word_1_244' title='bbox 2748 3726 2865 3760; x_wconf 73' lang='lat' dir='ltr'>con·</span> 
     </span>
     <span class='ocr_line' id='line_1_29' title="bbox 786 3786 2862 3869; baseline -0.002 -29"><span class='ocrx_word' id='word_1_245' title='bbox 786 3810 810 3834; x_wconf 67' lang='lat' dir='ltr'>n</span> <span class='ocrx_word' id='word_1_246' title='bbox 830 3789 1179 3857; x_wconf 68' lang='lat' dir='ltr'>vindicamur,</span> <span class='ocrx_word' id='word_1_247' title='bbox 1204 3805 1255 3845; x_wconf 83' lang='lat' dir='ltr'>et</span> <span class='ocrx_word' id='word_1_248' title='bbox 1278 3792 1574 3864; x_wconf 76' lang='lat' dir='ltr'>insepultus</span> <span class='ocrx_word' id='word_1_249' title='bbox 1599 3794 1784 3863; x_wconf 67' lang='lat' dir='ltr'>abjici·</span> <span class='ocrx_word' id='word_1_250' title='bbox 1857 3793 2090 3869; x_wconf 66' lang='lat' dir='ltr'>yruqnt?</span> <span class='ocrx_word' id='word_1_251' title='bbox 2119 3804 2179 3843; x_wconf 84' lang='lat' dir='ltr'>ut</span> <span class='ocrx_word' id='word_1_252' title='bbox 2211 3792 2423 3843; x_wconf 73' lang='lat' dir='ltr'>Terent.</span> <span class='ocrx_word' id='word_1_253' title='bbox 2458 3787 2593 3839; x_wconf 78' lang='lat' dir='ltr'>Eun.</span> <span class='ocrx_word' id='word_1_254' title='bbox 2617 3790 2683 3851; x_wconf 80' lang='lat' dir='ltr'>V,</span> <span class='ocrx_word' id='word_1_255' title='bbox 2716 3803 2783 3855; x_wconf 84' lang='lat'>9,</span> <span class='ocrx_word' id='word_1_256' title='bbox 2814 3786 2862 3836; x_wconf 85' lang='lat'>3.</span> 
     </span>
     <span class='ocr_line' id='line_1_30' title="bbox 786 3864 2863 3944; baseline -0.002 -24"><span class='ocrx_word' id='word_1_257' title='bbox 786 3889 808 3913; x_wconf 76' lang='grc' dir='ltr'>ι</span> <span class='ocrx_word' id='word_1_258' title='bbox 825 3880 932 3921; x_wconf 68' lang='lat' dir='ltr'>ur.</span> <span class='ocrx_word' id='word_1_259' title='bbox 967 3871 1037 3921; x_wconf 81' lang='lat' dir='ltr'>At</span> <span class='ocrx_word' id='word_1_260' title='bbox 1065 3873 1155 3942; x_wconf 83' lang='lat' dir='ltr'>qui</span> <span class='ocrx_word' id='word_1_261' title='bbox 1175 3870 1423 3924; x_wconf 73' lang='lat' dir='ltr'>nondum</span> <span class='ocrx_word' id='word_1_262' title='bbox 1447 3873 1751 3944; x_wconf 71' lang='lat' dir='ltr'>postulatus</span> <span class='ocrx_word' id='word_1_263' title='bbox 1767 3911 1783 3940; x_wconf 89' lang='lat'>‚</span> <span class='ocrx_word' id='word_1_264' title='bbox 1863 3872 2083 3924; x_wconf 72' lang='lat' dir='ltr'>Senum.</span> <span class='ocrx_word' id='word_1_265' title='bbox 2112 3870 2227 3923; x_wconf 77' lang='lat' dir='ltr'>Nee</span> <span class='ocrx_word' id='word_1_266' title='bbox 2246 3867 2406 3921; x_wconf 67' lang='lat' dir='ltr'>semel</span> <span class='ocrx_word' id='word_1_267' title='bbox 2427 3866 2736 3930; x_wconf 68' lang='lat' dir='ltr'>adveniant,</span> <span class='ocrx_word' id='word_1_268' title='bbox 2760 3864 2863 3915; x_wconf 75' lang='lat' dir='ltr'>AEr.</span> 
     </span>
     <span class='ocr_line' id='line_1_31' title="bbox 786 3942 2868 4027; baseline -0 -25"><span class='ocrx_word' id='word_1_269' title='bbox 786 3970 808 3994; x_wconf 68' lang='grc' dir='ltr'>ι</span> <span class='ocrx_word' id='word_1_270' title='bbox 829 3965 1049 4004; x_wconf 72' lang='lat' dir='ltr'>mortem</span> <span class='ocrx_word' id='word_1_271' title='bbox 1065 3953 1506 4021; x_wconf 59' lang='lat' dir='ltr'>nibieonscffverit,</span> <span class='ocrx_word' id='word_1_272' title='bbox 1518 3973 1624 4007; x_wconf 87' lang='lat' dir='ltr'>non</span> <span class='ocrx_word' id='word_1_273' title='bbox 1636 3957 1783 4027; x_wconf 72' lang='lat' dir='ltr'>prim</span> <span class='ocrx_word' id='word_1_274' title='bbox 1938 3969 1985 4003; x_wconf 83' lang='lat'>2.</span> <span class='ocrx_word' id='word_1_275' title='bbox 2022 3950 2209 4003; x_wconf 67' lang='lat' dir='ltr'>Plures</span> <span class='ocrx_word' id='word_1_276' title='bbox 2234 3947 2442 4000; x_wconf 66' lang='lat' dir='ltr'>libame-</span> <span class='ocrx_word' id='word_1_277' title='bbox 2474 3944 2658 3997; x_wconf 65' lang='lat' dir='ltr'>Plures</span> <span class='ocrx_word' id='word_1_278' title='bbox 2690 3942 2868 3995; x_wconf 61' lang='lat' dir='ltr'>libem</span> 
     </span>
     <span class='ocr_line' id='line_1_32' title="bbox 789 4027 2868 4108; baseline 0.006 -26"><span class='ocrx_word' id='word_1_279' title='bbox 789 4053 812 4077; x_wconf 79' lang='grc' dir='ltr'>οι</span> <span class='ocrx_word' id='word_1_280' title='bbox 833 4050 928 4084; x_wconf 79' lang='lat' dir='ltr'>sua</span> <span class='ocrx_word' id='word_1_281' title='bbox 962 4034 1216 4088; x_wconf 63' lang='lat' dir='ltr'>confitear</span> <span class='ocrx_word' id='word_1_282' title='bbox 1249 4035 1388 4087; x_wconf 79' lang='lat' dir='ltr'>bona</span> <span class='ocrx_word' id='word_1_283' title='bbox 1407 4075 1422 4102; x_wconf 87' lang='lat'><strong>‚</strong></span> <span class='ocrx_word' id='word_1_284' title='bbox 1459 4055 1619 4108; x_wconf 78' lang='lat' dir='ltr'>quarn</span> <span class='ocrx_word' id='word_1_285' title='bbox 1653 4055 1784 4089; x_wconf 77' lang='lat' dir='ltr'>oon·</span> <span class='ocrx_word' id='word_1_286' title='bbox 1861 4032 2027 4084; x_wconf 59' lang='lat' dir='ltr'>amid-</span> <span class='ocrx_word' id='word_1_287' title='bbox 2047 4030 2272 4083; x_wconf 65' lang='lat' dir='ltr'>Senm-</span> <span class='ocrx_word' id='word_1_288' title='bbox 2294 4027 2501 4098; x_wconf 49' lang='lat' dir='ltr'>Qud-&#39;²&#39;</span> <span class='ocrx_word' id='word_1_289' title='bbox 2517 4045 2625 4079; x_wconf 54' lang='grc' dir='ltr'>ΕΜ</span> <span class='ocrx_word' id='word_1_290' title='bbox 2642 4038 2868 4096; x_wconf 48' lang='lat' dir='ltr'>mmm</span> 
     </span>
     <span class='ocr_line' id='line_1_33' title="bbox 787 4107 2867 4182; baseline 0.008 -21"><span class='ocrx_word' id='word_1_291' title='bbox 787 4130 810 4154; x_wconf 73' lang='grc' dir='ltr'>σι</span> <span class='ocrx_word' id='word_1_292' title='bbox 832 4111 1049 4165; x_wconf 69' lang='lat' dir='ltr'>scientia</span> <span class='ocrx_word' id='word_1_293' title='bbox 1071 4114 1280 4166; x_wconf 77' lang='lat' dir='ltr'>sceleris</span> <span class='ocrx_word' id='word_1_294' title='bbox 1300 4114 1354 4166; x_wconf 84' lang='lat' dir='ltr'>id</span> <span class='ocrx_word' id='word_1_295' title='bbox 1373 4116 1556 4167; x_wconf 81' lang='lat' dir='ltr'>fecerit</span> <span class='ocrx_word' id='word_1_296' title='bbox 1572 4135 1588 4166; x_wconf 72' lang='grc' dir='ltr'><em>τ</em></span> <span class='ocrx_word' id='word_1_297' title='bbox 1611 4135 1722 4168; x_wconf 83' lang='lat' dir='ltr'>non</span> <span class='ocrx_word' id='word_1_298' title='bbox 1740 4118 1785 4167; x_wconf 75' lang='lat' dir='ltr'>si</span> <span class='ocrx_word' id='word_1_299' title='bbox 1859 4110 2037 4182; x_wconf 67' lang='lat' dir='ltr'>ptum</span> <span class='ocrx_word' id='word_1_300' title='bbox 2056 4109 2265 4173; x_wconf 61' lang='grc' dir='ltr'>ἱὶὗθΐθδ,</span> <span class='ocrx_word' id='word_1_301' title='bbox 2292 4108 2432 4181; x_wconf 61' lang='grc' dir='ltr'>(Ῑῑῑθᾶ</span> <span class='ocrx_word' id='word_1_302' title='bbox 2454 4108 2499 4159; x_wconf 62' lang='lat'>⁸²⁸</span> <span class='ocrx_word' id='word_1_303' title='bbox 2518 4117 2571 4158; x_wconf 57' lang='grc' dir='ltr'>’ἲ</span> <span class='ocrx_word' id='word_1_304' title='bbox 2594 4107 2867 4177; x_wconf 51' lang='grc' dir='ltr'>ωψθη</span> 
     </span>
     <span class='ocr_line' id='line_1_34' title="bbox 789 4185 2865 4265; baseline -0.001 -27"><span class='ocrx_word' id='word_1_305' title='bbox 789 4209 812 4233; x_wconf 73' lang='grc' dir='ltr'>ι</span> <span class='ocrx_word' id='word_1_306' title='bbox 825 4189 970 4256; x_wconf 79' lang='lat' dir='ltr'>justa</span> <span class='ocrx_word' id='word_1_307' title='bbox 981 4210 1142 4246; x_wconf 68' lang='lat' dir='ltr'>caus·</span> <span class='ocrx_word' id='word_1_308' title='bbox 1155 4230 1171 4258; x_wconf 84' lang='lat'>,</span> <span class='ocrx_word' id='word_1_309' title='bbox 1188 4193 1309 4245; x_wconf 83' lang='lat' dir='ltr'>lieet</span> <span class='ocrx_word' id='word_1_310' title='bbox 1327 4192 1528 4246; x_wconf 77' lang='lat' dir='ltr'>videret</span> <span class='ocrx_word' id='word_1_311' title='bbox 1546 4196 1784 4247; x_wconf 68' lang='lat' dir='ltr'>futurum</span> <span class='ocrx_word' id='word_1_312' title='bbox 1863 4190 2004 4263; x_wconf 77' lang='lat' dir='ltr'>quod</span> <span class='ocrx_word' id='word_1_313' title='bbox 2015 4209 2115 4265; x_wconf 79' lang='lat' dir='ltr'>per</span> <span class='ocrx_word' id='word_1_314' title='bbox 2128 4207 2266 4264; x_wconf 68' lang='lat' dir='ltr'>seyr.</span> <span class='ocrx_word' id='word_1_315' title='bbox 2284 4209 2329 4242; x_wconf 82' lang='lat' dir='ltr'>e.</span> <span class='ocrx_word' id='word_1_316' title='bbox 2341 4185 2649 4259; x_wconf 65' lang='lat' dir='ltr'>—thuod</span> <span class='ocrx_word' id='word_1_317' title='bbox 2667 4185 2865 4239; x_wconf 70' lang='lat' dir='ltr'>liberos.</span> 
     </span>
     <span class='ocr_line' id='line_1_35' title="bbox 790 4267 2363 4344; baseline 0.002 -25"><span class='ocrx_word' id='word_1_318' title='bbox 790 4289 812 4313; x_wconf 73' lang='lat' dir='ltr'><em>a</em></span> <span class='ocrx_word' id='word_1_319' title='bbox 830 4267 920 4333; x_wconf 82' lang='lat' dir='ltr'>iri,</span> <span class='ocrx_word' id='word_1_320' title='bbox 942 4282 1003 4321; x_wconf 78' lang='lat' dir='ltr'>nt</span> <span class='ocrx_word' id='word_1_321' title='bbox 1021 4271 1203 4342; x_wconf 85' lang='lat' dir='ltr'>inique</span> <span class='ocrx_word' id='word_1_322' title='bbox 1219 4271 1596 4344; x_wconf 75' lang='lat' dir='ltr'>postularetur.</span> <span class='ocrx_word' id='word_1_323' title='bbox 1622 4296 1644 4321; x_wconf 81' lang='grc' dir='ltr'>ιι</span> <span class='ocrx_word' id='word_1_324' title='bbox 1672 4274 1782 4324; x_wconf 74' lang='lat' dir='ltr'>AEn.</span> <span class='ocrx_word' id='word_1_325' title='bbox 1865 4273 1936 4324; x_wconf 75' lang='lat' dir='ltr'>Et</span> <span class='ocrx_word' id='word_1_326' title='bbox 1961 4271 2156 4326; x_wconf 70' lang='lat' dir='ltr'>liberos.</span> <span class='ocrx_word' id='word_1_327' title='bbox 2183 4269 2363 4325; x_wconf 78' lang='lat' dir='ltr'>AErod.</span> 
     </span>
    </p>
   </div>
  </div>
 </body>
</html>
