3200 5117
742 516 1580 586 DECLAMATIONES.
1629 520 2074 592 CCLXx1V.
2329 529 2440 594 131

364 645 574 718 traria
604 643 715 716 lex
747 642 911 716 huic
943 641 1323 731 videretur,
1373 641 1430 713 si
1472 640 1566 720 ita
1603 642 1851 741 scripta
1891 667 2101 738 essct,
2142 669 2240 721 UT
2273 669 2453 724 FUL-

365 781 549 833 mmss
577 779 724 833 1C‘r1
749 777 1316 832 SEPELIRENTUR·
1350 776 1503 831 tum
1534 756 1727 830 enim
1763 759 1910 857 ipsa
1938 762 2291 861 sepultura
2315 765 2456 838 illis

365 875 696 974 assignari
738 873 1112 962 videretur,
1154 897 1346 946 nunc
1385 891 1664 948 tantum
1707 870 1936 948 locus¹
1972 902 1986 945 ε
2033 904 2209 952 num
2252 907 2455 978 porro

368 991 479 1062 cui
502 988 857 1089 sepultura
880 1014 1025 1062 nou
1048 987 1199 1062 dari
1222 987 1455 1077 debet,
1480 986 1808 1085 assignari
1832 988 2024 1062 locus
2047 990 2293 1065 debet?
2317 994 2452 1068 Sed

368 1128 704 1206 tyrannus
743 1105 1046 1177 fulmine
1079 1104 1251 1177 ictus
1294 1124 1434 1175 est:
1482 1130 1628 1175 non
1673 1103 1867 1192 dico,
1913 1132 2052 1204 quo
2094 1107 2282 1201 loco,
2325 1139 2456 1183 nec

369 1222 597 1295 adhuc
630 1221 717 1292 ad
747 1241 1109 1293 tractatum
1139 1220 1351 1326 hujus
1380 1219 1656 1296 invidiae
1682 1219 1932 1292 accedo
1963 1248 1976 1291 ε
2015 1222 2146 1294 hoc
2175 1224 2274 1294 illi
2305 1253 2459 1323 pro-

371 1337 589 1411 derit?
618 1339 690 1410 Si
721 1338 921 1410 nobis
946 1338 1331 1410 libertatem
1359 1334 1687 1407 humanae
1719 1362 1973 1408 manus
1992 1394 2010 1426 ‚
2041 1360 2107 1410 et
2136 1342 2455 1415 mortalia

370 1453 653 1527 consilia
679 1454 1061 1548 attulissent
1077 1510 1095 1542 ‚
1127 1452 1509 1525 traheretur
1532 1450 1836 1549 publicis
1861 1453 2190 1527 manibus
2212 1483 2458 1556 corpus

372 1592 554 1648 extra
583 1571 793 1660 fines,
828 1592 897 1644 et
926 1568 1406 1670 unusquisque
1436 1566 1791 1642 vexatione
1822 1568 2262 1671 ludibrioque
2296 1600 2460 1672 gau-

270 1686 281 1696 '
373 1685 560 1758 deret
598 1713 613 1757 :
667 1711 874 1760 nemo
922 1710 1065 1760 non
1115 1708 1313 1758 suam
1358 1707 1654 1756 manum
1702 1708 1882 1773 esse,
1932 1711 2083 1782 quae
2124 1685 2455 1786 traheret,

370 1826 526 1876 suas
552 1801 728 1874 vires
762 1818 1077 1898 putaret:
1116 1795 1453 1893 quoniam
1489 1796 1742 1872 scelera
1781 1797 1928 1898 ejus
1965 1821 2167 1900 atque
2203 1801 2458 1902 flagitia

370 1913 461 1986 ab
489 1914 652 2013 ipsis
685 1912 819 1988 diis
853 1909 1366 1988 immortalibus
1397 1909 1863 1988 condemnata
1890 1935 2088 2004 sunt,
2124 1917 2456 2013 quoniam

369 2027 776 2127 patientiam
827 2045 1133 2098 nostram
1177 2048 1257 2096 ac
1299 2022 1699 2098 servitutem
1745 2026 2049 2102 numina
2087 2055 2231 2106 uon
2275 2032 2459 2106 tule-

370 2161 537 2213 runt
548 2138 945 2238 ,continget
972 2137 1076 2210 illi
1100 2135 1366 2209 honor?
1388 2136 1520 2210 hoc
1540 2138 1733 2209 enim
1752 2138 1969 2212 voluit
1998 2139 2146 2230 ille,
2177 2146 2296 2243 qui
2324 2148 2458 2220 ful-

368 2283 537 2329 men
562 2254 898 2332 vibravit?
930 2253 1061 2325 hoc
1090 2253 1446 2353 cogitavit,
1477 2281 1702 2353 quum
1734 2255 1905 2326 illud
1939 2257 2222 2330 noxium
2249 2284 2458 2376 caput

369 2372 575 2445 sacris
605 2370 910 2443 flammis
938 2368 1259 2470 petivit2?
1285 2396 1535 2468 parum
1563 2391 1707 2442 erat
1737 2371 2007 2469 sepeliri
2037 2393 2412 2472 tyrannum
2433 2435 2453 2468 ‚

370 2489 500 2563 nisi
523 2490 599 2561 in
614 2490 765 2560 foro
786 2488 992 2559 etiam
1014 2484 1459 2586 sepeliretur?
1477 2486 1810 2576 Quonam
1831 2488 1974 2560 fato
1997 2516 2122 2588 ego
2144 2513 2451 2564 nostram

370 2604 709 2677 civitatem
725 2660 744 2696 ‚
761 2601 1035 2702 judices
1050 2655 1068 2690 ‚
1093 2599 1433 2671 laborasse
1461 2600 1535 2671 in
1562 2599 1684 2671 illo
1706 2599 1992 2673 homine
2012 2603 2454 2696 crediderim,

371 2718 423 2789 si
464 2738 706 2818 praeter
746 2742 861 2803 ea,
897 2742 1051 2814 quae
1092 2713 1413 2788 adversus
1457 2719 1584 2786 uos
1626 2713 1932 2818 singulos
1967 2719 2457 2818 universosque

369 2835 565 2922 fecit,
597 2853 862 2933 partem
891 2831 1461 2931 speciosissimam
1490 2830 1774 2903 civitatis
1792 2889 1811 2922 ,
1843 2854 1910 2904 et
1935 2833 2453 2907 celeberrimam

370 2946 570 3020 nobis
602 2945 952 3017 ablaturus
987 2941 1150 3015 est³.
1196 2944 1267 3015 Si
1300 2944 1694 3015 mehercule
1729 2946 1980 3045 aliquis
2016 2947 2319 3022 liberalis
2351 2951 2455 3020 ci-

368 3061 501 3150 vis,
532 3061 748 3132 immo
769 3060 824 3132 si
848 3059 1107 3160 optime
1129 3060 1416 3131 meritus
1445 3060 1515 3129 in
1542 3061 1694 3130 foro
1722 3060 2020 3133 fulmine
2050 3084 2222 3135 esset
2249 3063 2453 3155 ictus;

378 3176 671 3250 dicerem
689 3199 923 3249 tamen
943 3175 1343 3278 excipienda
1359 3175 1701 3272 quaedam.
1723 3177 1952 3250 Immo
1968 3203 2196 3274 neque
2213 3206 2456 3252 omnes

376 3317 569 3362 casus
613 3291 966 3390 providere
1017 3289 1501 3392 legumlatores
1549 3311 1921 3390 potuerunt
1961 3318 1975 3360 ε
2027 3293 2456 3398 Πεσῑεῐηρῐει

376 3426 653 3504 excepta
683 3405 918 3482 sunt4:
956 3407 1227 3496 forum,
1273 3403 1464 3504 quod
1504 3402 1679 3475 mihi
1713 3404 2056 3504 templum
2099 3409 2451 3506 quoddam

448 3611 493 3647 ι.
517 3594 680 3646 Nunc
702 3604 906 3649 tanam
932 3596 1087 3670 loeus.
1112 3597 1267 3662 Non,
1284 3612 1374 3646 vo·-
1450 3590 1650 3663 aliquid
1677 3590 1893 3648 dee-m
1918 3592 2125 3648 videtur
2148 3596 2291 3650 enim
2313 3593 2458 3648 dico·-

370 3675 512 3728 lebat
526 3677 794 3729 Francius.
815 3679 988 3742 Num,
1010 3696 1174 3748 marg.
1191 3677 1370 3731 AErod.
1450 3691 1539 3736 τε,
1566 3674 1734 3742 laege,
1761 3692 1865 3744 qua
1893 3675 2090 3746 agitur,
2122 3674 2315 3744 templa
2342 3676 2462 3744 qui-

375 3756 469 3825 qui
488 3757 543 3810 in
567 3769 736 3820 textu,
761 3775 887 3810 non.
1454 3748 1577 3804 den
1592 3752 1901 3804 nominati-
1918 3765 2135 3822 exoepta
2149 3753 2333 3816 fuisse,
2349 3770 2457 3802 non

449 3849 498 3885 τι.
524 3835 730 3886 Pectat.
760 3838 1005 3907 Proprie,
1024 3833 1142 3886 nde
1166 3848 1276 3887 not.
1307 3834 1377 3888 od
1454 3833 1631 3883 forum
1663 3831 1831 3884 aliave
1864 3830 2170 3900 hujusmodi
2201 3831 2319 3883 loen
2356 3851 2461 3902 pu·-

375 3909 533 3962 ovid.
554 3913 732 3966 Amor.
757 3917 855 3980 111,
877 3915 949 3981 3,·
944 3915 1055 3984 ·.37
1311 3949 1319 3956 -
1454 3911 1633 3965 blica:
1674 3925 1728 3964 nt
1767 3913 1826 3966 i·
1860 3914 2013 3976 foro,
2055 3930 2294 3983 pugnero
2335 3912 2464 3982 legis

446 3989 498 4042 3.
522 3989 801 4045 Auamma
826 4005 917 4046 est.
946 3994 1085 4060 Quin
1111 3991 1381 4056 bidental,
1460 3995 1857 4066 exceptionum,
1880 3994 2004 4065 qni·
2024 3992 2206 4063 templi
2226 3991 2345 4045 loco
2370 4008 2466 4048 est.

374 4081 427 4122 et
451 4072 523 4120 ita
547 4071 880 4126 inaccessum
902 4067 1139 4124 futurum
1165 4086 1294 4124 crat.
1459 4078 1577 4127 Jam
1603 4093 1756 4140 vero,
1779 4075 1978 4146 inquit,
2002 4076 2046 4126 si
2068 4073 2144 4125 ibi
2166 4074 2473 4146 sepeliatur,

444 4146 497 4214 4.
521 4150 634 4202 Nec
659 4150 858 4221 templa
885 4162 1096 4222 excepta
1121 4160 1256 4203 stant.
1282 4153 1384 4205 Ve-
1463 4156 1763 4207 amittemus
1799 4153 2010 4220 locum,
2048 4167 2102 4207 et
2132 4154 2269 4225 juris
2305 4155 2474 4209 nostri

376 4226 589 4285 risi-nile
628 4241 711 4282 cot
747 4242 871 4300 post
906 4247 1000 4284 nee
1036 4227 1383 4302 particulam,
1463 4251 1577 4287 esse
1596 4233 1830 4287 desinet:
1856 4252 1978 4287 nam
2001 4252 2063 4287 ex
2085 4231 2305 4306 publico
2334 4251 2474 4308 con}-

2173 4337 2222 4390 9.
