3200 5117
760 551 1600 622 DECLAMATIONES.
1648 551 2026 618 cccxlv.
2315 555 2440 644 267

348 682 509 782 quis
533 705 851 771 securus»,
885 678 1127 778 quieta
1158 697 1392 751 mente
1411 733 1431 768 ,
1464 675 1664 749 nullo
1695 675 2015 775 adigente
2050 676 2232 754 dicat
2251 706 2274 760 ε,
2295 698 2445 753 EGO

348 816 639 869 PATREM
679 813 950 868 occlm.
994 793 1210 894 Atqui
1257 792 1492 893 ipsum
1532 790 1828 864 verbum
1872 792 2145 866 videtur
2188 792 2447 874 habere

345 911 775 1008 vimssoactae
814 909 1162 983 veritatis:
1208 909 1382 1009 quid
1416 935 1577 1007 ergo
1622 907 1817 979 aliud
1860 907 2116 986 intueri
2150 923 2170 954 ¹
2197 910 2445 1002 debes,

350 1055 564 1127 quam
586 1027 867 1103 vocem?
890 1028 947 1098 si
971 1025 1343 1100 semel'hoc
1368 1025 1751 1116 audissem,
1776 1023 1885 1100 lex
1900 1044 2139 1100 tamen
2162 1053 2279 1100 me
2293 1027 2445 1129 jam

350 1143 730 1243 appellaret
760 1170 775 1216 ε
821 1142 1069 1242 saepius
1113 1141 1329 1215 dixit:
1381 1141 1456 1213 in
1490 1141 1739 1215 eadem
1770 1166 1936 1214 voce
1970 1144 2445 1252 perseveravit.

350 1259 793 1351 ViderimuS,
843 1287 935 1332 an
982 1260 1058 1331 in
1104 1257 1258 1331 aliis
1305 1259 1622 1359 partibus
1668 1257 1957 1331 demens
1997 1257 2252 1332 fueritz·
2295 1256 2449 1350 bic,

349 1396 713 1476 tamquam
740 1399 951 1446 sanus
967 1430 988 1464 ,
1014 1372 1509 1472 perseveravit:
1543 1371 1630 1442 de
1656 1371 1969 1446 confesso
1995 1398 2159 1471 ergo
2184 1373 2451 1471 sumpsi

350 1487 813 1588 supplicium:
842 1507 1048 1582 atque
1078 1485 1171 1560 ad
1194 1512 1309 1560 me
1339 1512 1484 1557 non
1516 1486 1855 1584 pertinet,
1887 1513 1979 1558 an
2005 1486 2096 1577 is,
2132 1486 2258 1586 qui
2284 1512 2453 1578 con-

347 1591 569 1678 fessus
602 1625 738 1694 est,
786 1627 1044 1676 nocens
1085 1599 1318 1690 fuerit.
1354 1600 1630 1699 Fingite
1678 1602 1873 1674 enim
1916 1629 2062 1676 esse
2100 1603 2449 1703 aliquem,

352 1720 476 1819 qui
511 1718 749 1819 aliquo
777 1716 990 1789 modo
1018 1714 1371 1787 confessus
1404 1713 1531 1807 sit,
1561 1714 1756 1790 hunc
1783 1743 1824 1789 a
1851 1718 2255 1816 magistratu
2282 1720 2453 1792 occi·

351 1860 509 1906 sum
556 1862 571 1906 :
632 1854 870 1932 postea
927 1830 1329 1932 apparuisse
1380 1830 1618 1931 aliquo
1670 1858 1836 1904 casu
1884 1832 2142 1906 falsum
2191 1836 2407 1922 fuisse
2430 1894 2449 1927 ,

353 1948 547 2047 quod
583 1946 904 2036 dixisset3
940 1972 1118 2018 num
1156 1946 1270 2045 agi
1309 1972 1470 2018 cum
1513 1947 1924 2048 magistratu
1965 1948 2229 2048 potest?
2271 1953 2449 2042 Lex,

353 2090 506 2164 quae
536 2065 930 2138 confessum
956 2061 1195 2162 puniri
1211 2060 1443 2161 jubet,
1470 2065 1888 2138 sententiam
1917 2064 2050 2164 ipsi
2077 2092 2226 2138 non
2250 2065 2453 2142 relin-

352 2177 596 2279 quit²z
639 2177 1141 2254 descendamus
1179 2198 1417 2252 tamen
1457 2205 1579 2271 eo,
1614 2179 1954 2278 quoniam
1988 2181 2177 2254 filius
2205 2201 2338 2273 est,
2372 2204 2455 2258 ut
2519 2273 2526 2278 1

354 2320 787 2393 quaeramuS,
838 2322 930 2370 an
975 2293 1093 2367 ille
1143 2293 1350 2370 etiam
1392 2295 1735 2395 parricida
1776 2296 1993 2370 fuerit
2031 2324 2048 2369 z
2101 2323 2229 2371 nec
2270 2297 2451 2374 mihi

349 2434 633 2516 necesse
675 2428 775 2482 est
815 2409 1043 2504 dicere
1084 2409 1236 2506 illa,
1282 2436 1434 2509 quae
1468 2411 1557 2488 ab
1595 2431 1983 2504 accusatore
2027 2409 2209 2483 dicta
2241 2433 2448 2486 sunt:

350 2525 680 2602 habuerit
724 2526 838 2599 ille
880 2553 1120 2601 causas
1141 2585 1162 2619 ‚
1214 2547 1495 2627 propter
1536 2555 1712 2627 quas
1754 2530 2085 2619 deferret,
2132 2527 2456 2613 habuerit

352 2662 553 2716 testes
595 2669 792 2736 sum,
839 2643 1162 2718 habuerit
1194 2666 1662 2743 argumenta:
1710 2666 1780 2719 et
1823 2645 2130 2748 profecto
2177 2643 2452 2733 creditis

352 2783 498 2829 non
548 2758 699 2830 sine
752 2785 1012 2858 magna
1062 2759 1325 2832 fiducia
1374 2760 1692 2835 delatum
1740 2788 1884 2833 esse
1925 2761 2100 2836 tanti
2146 2758 2454 2844 criminis

355 2897 585 2945 reum:
615 2873 795 2946 mibi
821 2874 894 2946 in
914 2897 1414 2975 argumentum
1437 2877 1696 2968 sufficit
1719 2903 1941 2976 genus
1963 2874 2450 2958 absolutionis:

355 2987 638 3086 paribus
682 2991 1049 3086 sententiis¹
1087 2990 1448 3086 absolutus
1500 3013 1624 3066 est.
1677 2994 1831 3068 Hoc
1882 2993 1957 3065 in
2007 2990 2147 3064 alio
2200 3011 2452 3090 genere

357 3128 577 3178 causae
619 3104 921 3216 dubium
964 3130 1100 3199 est,
1149 3109 1228 3181 in
1268 3109 1640 3209 parricidio
1684 3135 1880 3198 vero,
1926 3108 2116 3207 quod
2159 3105 2453 3206 probare

357 3246 569 3294 nemo
599 3222 822 3296 voluit
841 3281 860 3314 ,
886 3224 1084 3322 quod
1114 3224 1373 3297 falsum
1409 3251 1551 3297 esse
1584 3223 1676 3296 ad
1702 3244 1859 3296 vota
1887 3222 2303 3322 pertinebat,
2339 3220 2451 3292 di-

353 3361 629 3409 versam
668 3336 917 3410 habuit
957 3338 1638 3437 pronunciationem.
1675 3336 2056 3438 Objectum
2098 3355 2196 3414 est
2237 3334 2448 3414 alioui

354 3453 801 3541 mortalium,
849 3455 1041 3554 quod
1088 3475 1356 3554 patrem
1398 3453 1756 3527 occidisset
1792 3480 1806 3524 :
1859 3451 2050 3553 quod
2091 3479 2294 3543 eum,
2334 3451 2450 3526 cui

432 3665 475 3699 1.
501 3646 705 3701 Intueri
728 3650 888 3704 debes.
916 3651 1105 3710 Debeo.
1137 3652 1358 3705 Senum·-
1440 3681 1511 3692 ·--
1546 3649 1799 3706 Habueaeit
1836 3648 1930 3702 ille
1959 3667 2150 3704 causas.
2189 3646 2336 3701 Nihil
2369 3659 2449 3698 est

353 3755 425 3766 -
447 3729 539 3780 Me
554 3733 675 3802 jam
708 3730 1015 3804 appellaret.
1051 3733 1251 3786 Tamen
1279 3752 1362 3785 me
1443 3729 1752 3784 dubitabile.
1784 3730 2073 3784 Affirmavit
2104 3732 2292 3799 igitur:
2330 3727 2450 3778 Ha-

344 3807 803 3885 jubetdeconfesso
815 3832 1014 3866 sumere
1025 3813 1362 3886 supplicium,
1444 3810 1555 3862 buit
1572 3807 1665 3878 ifle
1686 3827 1885 3878 causas,
1905 3820 2119 3882 propter
2136 3823 2265 3879 quas
2287 3804 2452 3874 deferu-

346 3892 463 3961 J'am
480 3902 540 3943 ut
551 3905 793 3965 apparet,
806 3898 993 3969 soepius
1004 3894 1160 3962 dixit,
1178 3889 1359 3947 AErod.
1444 3901 1546 3956 νοις
1568 3889 1752 3942 habuit
1770 3899 1911 3943 testes
1931 3908 2045 3942 suos
2056 3926 2073 3954 ,
2101 3886 2280 3948 habuit
2299 3902 2452 3956 arqu-

352 3998 423 4007 —-
437 3968 544 4039 Qui
554 3968 733 4044 aliquo
748 3974 901 4026 modo
916 3973 1188 4044 confessus.
1204 3970 1365 4024 Haud
1444 3980 1638 4021 menta.
1653 3969 1891 4020 Gnonov.
1906 3996 1978 4008 -
1990 3965 2226 4018 Dubium
2239 3963 2450 4030 estpa-

352 4045 545 4113 dubie‚
567 4047 695 4103 alio.
724 4053 962 4106 Gnouov.
997 4051 1098 4123 Qui
1124 4048 1231 4104 alio
1259 4069 1362 4124 quo
1441 4051 1613 4118 biam,
1641 4051 1698 4102 in
1725 4046 2043 4123 pan-icidio,
2069 4057 2164 4100 etc.
2198 4046 2450 4100 diversam

350 4125 537 4202 modo,
562 4127 819 4183 Obrecht.
1444 4128 1496 4181 h.
1531 4127 2021 4201 pronunciationem
2042 4146 2058 4175 .·
2093 4124 2290 4178 dinem
2320 4141 2445 4178 vero

425 4223 473 4257 2.
497 4207 822 4262 Sententiam
851 4209 949 4282 ipsi
973 4208 1203 4280 reliquit.
1230 4207 1362 4261 Sen-
1438 4205 1528 4258 hic
1547 4220 1656 4275 est,
1673 4219 1836 4260 certa.
1857 4207 2077 4268 Senum.
2091 4205 2343 4266 -ss-Nemo
2363 4222 2448 4256 vo·

357 4288 571 4340 tentiam
605 4289 705 4361 ipsi
742 4308 848 4341 non
882 4287 1145 4360 relinquit.
1179 4289 1359 4340 AEnon.
1442 4286 1559 4337 luit.
1586 4288 1842 4340 Francius
1862 4285 2098 4357 legebat,
2120 4283 2301 4338 valuit.
