3200 5117
710 601 832 669 292
1210 576 1301 639 Μ.
1351 523 1598 637 FAmi
1645 570 2276 656 QUINTILIAM

702 696 890 795 quod
929 695 1045 768 hic
1077 694 1268 767 domi
1311 699 1586 792 semper
1627 712 1693 763 et
1720 712 1943 764 custos
1974 712 2247 764 tantum
2282 693 2596 792 pecuniae
2628 692 2787 765 fuit.

700 813 846 909 Ego
886 837 1043 882 sum
1085 807 1232 899 ille,
1286 807 1407 906 qui
1457 806 1701 905 longas
1745 819 1989 878 terras¹
2044 827 2111 878 et
2159 806 2428 904 ignotas
2472 806 2788 904 regiones

700 924 1089 1026 peragravi,
1121 949 1246 1021 ego
1281 921 1436 1013 ille,
1477 922 1599 1022 qui
1638 943 1782 994 tam
1816 920 2405 1020 longevabieram,
2440 941 2516 991 ut
2550 920 2625 991 in
2665 948 2788 1021 pa-

698 1039 908 1111 triam
945 1037 1164 1110 redire
1202 1064 1348 1111 non
1388 1064 1704 1137 possem:
1747 1063 1829 1109 ex
1870 1037 2000 1109 hac
2042 1036 2248 1135 igitur
2288 1035 2442 1134 lege
2481 1034 2784 1134 postulo,

698 1175 775 1227 ut
801 1152 1209 1226 communia
1242 1152 1418 1242 sint,
1462 1178 1621 1251 quae
1655 1152 1730 1223 in
1762 1151 1966 1225 bonis
1996 1170 2192 1238 sunt;
2234 1172 2314 1223 ut
2349 1150 2740 1222 dividantur
2769 1178 2788 1220 :

700 1269 873 1370 quid
908 1269 1005 1341 ais
1023 1267 1064 1339 Ρ.
1079 1269 1359 1369 periisse
1388 1268 1788 1367 patrimonii
1818 1289 2088 1367 partem
2107 1324 2126 1358 ‚
2161 1288 2232 1340 et
2262 1267 2440 1338 mihi
2468 1267 2787 1366 periisse;

695 1384 938 1486 adjicis
957 1411 1115 1457 mea
1142 1385 1347 1484 culpa
1373 1385 1651 1483 periisse
1678 1413 1694 1457 ε
1728 1384 1970 1457 omnia
1998 1384 2142 1456 haec
2171 1383 2450 1456 interim
2474 1383 2784 1455 confiteri

696 1500 870 1573 libet
906 1528 920 1571 :
972 1526 1355 1572 commune
1396 1520 1631 1571 tamen
1677 1499 2021 1571 damnum
2061 1520 2181 1571 est.
2215 1502 2438 1599 Negat
2474 1499 2607 1571 hoc
2647 1526 2786 1573 esse

698 1615 1044 1688 damnum
1060 1645 1077 1702 ;
1100 1634 1167 1685 et
1178 1640 1396 1711 poenae
1410 1640 1674 1687 nomen
1691 1614 2027 1713 imponit:
2049 1639 2176 1712 ego
2197 1640 2423 1713 porro,
2444 1613 2783 1685 damnum

699 1729 1010 1800 existimo
1035 1753 1177 1800 esse
1206 1727 1656 1800 amissionem
1681 1754 1962 1815 eorum,
1993 1754 2147 1827 quae
2171 1726 2532 1799 habueris:
2559 1753 2786 1824 neque

702 1842 898 1915 enim
925 1841 1158 1914 veniet
1184 1841 1259 1912 in
1289 1840 1799 1914 dubitationem
1816 1899 1835 1932 ,
1863 1841 2038 1939 quin
2063 1840 2500 1913 amiserimus
2524 1840 2789 1940 aliquid

702 1983 781 2029 ex
805 1956 944 2047 his,
966 1982 1122 2053 quae
1148 1955 1609 2029 habebamus.
1633 1958 1770 2028 Hic
1789 1983 2064 2058 poenam
2084 1971 2112 2000 ²
2137 1955 2481 2057 appellat:
2507 1984 2789 2057 possum

700 2097 845 2143 non
874 2096 1157 2169 negare,
1193 2097 1417 2170 quum
1449 2091 1520 2143 et
1547 2072 1692 2170 ipsa
1722 2097 1924 2170 poena
1955 2070 2197 2142 damni
2229 2097 2448 2169 genus
2475 2070 2598 2143 sit:
2624 2099 2792 2144 nam

701 2186 876 2259 mibi
908 2214 991 2258 ex
1024 2186 1192 2276 hoc,
1219 2186 1410 2285 quod
1437 2186 1784 2286 plerisque
1814 2186 2224 2260 criminibus
2254 2189 2570 2286 pecuniae
2591 2214 2794 2287 poena

707 2302 1229 2399 imponebatur,
1275 2301 1623 2401 appellata
1670 2302 1877 2374 etiam
1923 2302 2074 2401 ipsa
2115 2302 2476 2376 damnatio
2502 2302 2791 2376 videtur.
2843 2294 2851 2301 ⁸

705 2414 1036 2488 Ablatum
1073 2436 1173 2488 est
1208 2417 1479 2515 aliquid
1510 2417 1728 2508 mihi,
1760 2444 1926 2490 sane
1958 2418 2175 2490 etiam
2209 2419 2536 2490 confitear
2566 2446 2584 2488 :
2626 2417 2795 2515 quid

710 2532 1019 2620 interest,
1063 2532 1419 2629 quomodo
1457 2532 1771 2606 ablatum
1811 2532 1948 2605 est?
1989 2536 2136 2632 Ego
2173 2534 2490 2632 perdidi3
2529 2559 2696 2605 nam
2732 2554 2797 2604 et

709 2643 764 2716 si
789 2641 963 2715 latro
993 2644 1418 2735 abstulisset,
1455 2645 1629 2716 mihi
1657 2645 2027 2718 abstulerat
2044 2644 2095 2717 3:
2129 2667 2197 2719 et
2219 2647 2274 2718 si
2305 2648 2374 2718 in
2397 2646 2642 2745 piratas
2661 2671 2789 2744 ego

711 2758 1104 2830 incidissem
1128 2780 1486 2847 mercator,
1509 2786 1638 2856 ego
1659 2760 2059 2851 amiseram3
2087 2762 2347 2860 peribat
2363 2762 2490 2832 hoc
2511 2760 2790 2859 utrique

712 2894 1047 2945 nostrum.
1078 2872 1275 2961 Quid
1302 2872 1358 2943 si
1394 2872 1604 2945 etiam
1639 2900 1855 2972 poenae
1882 2875 1954 2946 id
1982 2902 2200 2973 genus
2230 2896 2364 2966 est,
2388 2872 2573 2974 quod
2601 2899 2794 2945 casus

714 2985 1034 3058 attulit4?
1065 3012 1229 3058 sane
1263 2985 1455 3058 enim
1486 2986 1800 3059 feramus
1830 2987 2011 3060 hanc
2043 3010 2236 3062 tuam
2274 2989 2656 3062 finitionem
2675 3046 2692 3078 ‚
2721 3009 2802 3059 ut

719 3101 1063 3172 damnum
1098 3100 1460 3174 credamus
1497 3127 1642 3173 esse
1679 3103 2035 3175 fortuitam
2075 3104 2562 3194 amissionem,
2596 3124 2801 3201 pute-

723 3244 878 3289 mus
903 3243 1044 3288 esse
1062 3217 1425 3288 fortuitam
1449 3244 1686 3289 rerum
1708 3220 2153 3292 amissionem
2173 3276 2193 3309 ,
2225 3220 2570 3292 damnum
2588 3277 2607 3310 ,
2633 3220 2800 3318 quid

720 3350 863 3402 tam
883 3331 1250 3403 fortuitum
1273 3353 1491 3431 potest
1508 3359 1671 3424 esse,
1693 3361 1905 3430 quam
1928 3333 2117 3432 quod
2136 3333 2421 3406 accidit?
2445 3361 2586 3405 non
2612 3334 2800 3405 enim

717 3446 867 3544 lege
913 3465 1170 3537 vetere,
1235 3468 1300 3518 et
1343 3470 1506 3524 ,ante
1559 3449 2059 3547 profectionem
2109 3476 2342 3522 meam
2398 3450 2644 3548 scripta
2665 3504 2685 3537 ,
2738 3469 2804 3519 et

798 3657 841 3691 1.
890 3639 1092 3710 Lonqas
1133 3651 1301 3692 terras.
1344 3643 1425 3693 An
1448 3681 1465 3709 ,
1511 3641 1723 3716 lonqin-
1855 3644 2694 3699 3.Mihiabstu1erat.1·*orte21vm
2705 3644 2803 3695 etsi

720 3720 879 3792 quas?
901 3719 1118 3770 Senum.
1142 3717 1253 3771 sed’
1267 3718 1396 3771 nihil
1421 3739 1556 3792 opus
1581 3740 1723 3788 esse,
1806 3725 1942 3777 latro
1959 3727 2262 3792 abstulisset,
2281 3725 2485 3795 utrique
2507 3723 2801 3776 abstulerat.

720 3798 989 3852 docebunt
1020 3811 1158 3849 notae
1187 3798 1264 3850 Cl.
1300 3798 1722 3852 Drakenborchii
1801 3805 1963 3857 Gnou.
1991 3834 2060 3844 -
2086 3806 2204 3878 qu
2228 3804 2533 3855 incidissem.
2559 3803 2685 3854 Non
2712 3819 2805 3872 eqo

721 3878 791 3930 ad
820 3878 907 3930 Sil.
930 3878 1026 3942 vt,
1059 3876 1614 3931 628.—Amissionem
1643 3899 1725 3933 eo-
1801 3884 2088 3937 incidissem
2111 3923 2130 3950 ,
2170 3884 2258 3936 sed
2299 3893 2358 3934 m
2392 3892 2674 3945 mercator,
2712 3898 2807 3953 eqo

722 3978 857 4012 rum.
876 3955 1051 4010 AErod.
1073 3957 1397 4010 amissionem
1420 3961 1686 4013 bonorum.
1801 3966 2089 4017 amiseram.
2116 3965 2332 4018 Senum.

796 4038 1197 4108 2.Hicpoenam.
1213 4038 1526 4112 Hocp.app.
1540 4040 1719 4093 AErod.
1872 4042 1924 4108 4.
1951 4044 2099 4112 Quod
2115 4061 2256 4097 casus
2273 4039 2467 4094 attulit.
2494 4039 2692 4104 credo,
2714 4039 2801 4089 ab·

724 4115 1089 4186 -Appellaea
1115 4118 1290 4168 etiam.
1312 4117 1606 4190 Schulting.
1633 4141 1724 4194 ap·
1799 4121 1962 4173 stulit.
1989 4125 2152 4177 Gnou.
2181 4152 2246 4163 —
2269 4124 2394 4175 Non
2417 4122 2558 4172 enim
2586 4120 2694 4194 [eye
2721 4135 2803 4168 ve·

721 4191 909 4266 pallori
921 4196 1430 4266 etiam.Appellatio,
1443 4197 1722 4251 alit—Ab·
1801 4211 1919 4250 tere.
1937 4202 2060 4253 Non
2081 4202 2219 4254 enim
2243 4198 2326 4252 lex
2340 4210 2480 4252 vetus
2493 4219 2554 4251 ea
2568 4237 2586 4265 ,
2602 4195 2799 4252 schah.

725 4269 889 4325 latum
917 4284 1005 4325 est.
1032 4275 1169 4326 Esse.
1195 4275 1415 4327 Senuvr.
1799 4280 1922 4333 Non
1954 4281 2094 4332 enim
2116 4280 2233 4352 feci
2260 4280 2373 4353 [σφε
2402 4292 2599 4346 vetere,
2625 4275 2805 4330 AErotl·
