3200 5117
793 554 875 615 50
1293 549 1386 611 M.
1437 547 1687 610 FABII
1733 545 2369 629 QUINTILIANI

788 671 1245 770 recipiantur:
1292 668 1424 741 hoc
1468 689 1720 740 natura
1772 667 2005 740 simile
2061 689 2196 760 est,
2239 671 2464 744 facere
2510 673 2764 762 scelus,
2812 694 2879 746 et

785 785 1096 885 probare.
1133 788 1282 874 An,
1316 783 1372 854 si
1399 782 1557 881 quis
1584 802 1903 855 nostrum
1936 784 2437 883 transfugisset,
2473 813 2614 859 non
2641 787 2874 887 ipsum

787 900 994 973 modo
1012 899 1394 1000 pessimum
1413 898 1631 969 civem
1648 919 1714 970 et
1730 897 2057 970 omnibus
2075 899 2432 998 suppliciis
2452 901 2752 1000 dignum
2761 902 2876 1002 ju·

785 1015 1127 1102 dicaretis;
1148 1013 1267 1088 sed
1288 1013 1582 1084 infamia
1602 1013 1871 1104 etiam¹,
1901 1014 1957 1088 si
1988 1013 2109 1111 qui
2136 1037 2578 1114 receperunt,
2605 1038 2672 1088 et
2690 1017 2879 1089 velut

782 1153 1096 1204 auctores
1119 1128 1493 1215 scelerum,
1513 1127 1705 1198 velut
1739 1128 2097 1226 magistros
2123 1128 2573 1227 turpitudinis
2594 1129 2877 1229 collige·—

783 1247 979 1321 retis:
1003 1245 1191 1316 idem
1212 1270 1356 1316 non
1380 1242 1813 1318 reflectemus
1835 1244 1906 1316 in
1930 1243 2095 1316 nos?
2114 1244 2398 1317 tandem
2419 1245 2714 1319 utilitate
2731 1248 2870 1319 du-

780 1363 892 1452 cti,
913 1362 986 1432 in
1016 1356 1291 1432 auxiliis
1314 1357 1618 1430 habituri
1643 1384 1917 1448 summ,
1943 1385 2117 1457 quos
2141 1358 2596 1458 recipiemus?
2628 1362 2871 1460 Finga-

780 1505 935 1552 mus
976 1504 1134 1550 eam
1169 1475 1453 1549 civitatis
1495 1501 1638 1546 esse
1680 1474 2071 1565 fortunam,
2105 1495 2185 1550 ut
2221 1475 2493 1548 auxiliis
2525 1503 2698 1575 opus
2733 1478 2823 1551 sit
2851 1505 2866 1549 ε

778 1595 904 1666 hos
938 1593 1012 1664 in
1045 1587 1404 1663 auxiliis2?
1433 1588 1692 1661 scilicet
1733 1587 1855 1688 qui
1900 1616 2123 1685 quum
2167 1616 2248 1662 ex
2294 1589 2503 1662 altera
2542 1613 2729 1691 parte
2774 1593 2873 1665 in-

778 1730 1134 1783 tuerentur
1173 1707 1466 1807 patriam
1487 1763 1506 1796 ‚
1540 1728 1607 1777 et
1639 1706 2052 1778 memoriam
2085 1705 2426 1806 pueritiae‚
2462 1728 2529 1779 et
2569 1710 2869 1781 necessi-

776 1826 1056 1899 tudines
1075 1845 1320 1896 omnes
1338 1880 1358 1912 ‚
1380 1822 1467 1893 ad
1487 1822 1842 1893 fortunam
1871 1842 2105 1894 tamen
2136 1822 2674 1913 inclinaverunt,
2703 1809 2904 1921 pro--

776 1941 970 2013 niore
1008 1965 1133 2039 pro
1176 1936 1376 2009 nobis
1423 1955 1891 2027 sacramento,
1940 1934 2224 2008 fortiore
2257 1937 2498 2009 animo
2539 1936 2871 2011 stabunt?

767 2054 1234 2151 (Transfugas
1264 2076 1409 2122 non
1445 2048 1633 2121 esse3
1665 2048 2171 2149 recipiendos.)
2214 2050 2406 2124 Adeo
2452 2052 2727 2128 facilius
2770 2077 2870 2127 est

772 2172 846 2242 in
877 2170 1020 2241 istis
1048 2168 1271 2240 scelus
1301 2165 1862 2265 deprehendere,
1902 2192 2118 2263 quam
2152 2168 2677 2266 poenitentiam:
2717 2171 2867 2242 inu-

773 2284 893 2358 tile
936 2311 1096 2383 ergo
1145 2284 1455 2358 militum
1499 2309 1752 2382 genus,
1793 2281 1995 2355 nobis
2035 2283 2333 2358 minime
2377 2287 2863 2359 necessarium.

773 2401 1056 2500 Quippe
1099 2400 1310 2472 etiam
1344 2399 1457 2491 hi,
1487 2400 1610 2495 qui
1642 2397 2073 2497 recipiendos
2103 2426 2245 2473 esse
2278 2402 2692 2501 transfugae,
2734 2402 2868 2476 hoc

776 2518 1018 2590 dicunt
1039 2573 1058 2606 ,
1104 2516 1178 2587 in
1214 2513 1563 2614 superiore
1598 2539 1739 2585 esse
1783 2512 1932 2585 loco
1967 2534 2274 2590 nostram
2310 2515 2686 2589 civitatem:
2733 2544 2864 2589 ne-

775 2659 913 2732 que
947 2631 1137 2703 enim
1166 2655 1404 2700 amore
1438 2628 1689 2717 nostri,
1723 2628 1843 2699 sed
1879 2649 2067 2703 metu
2099 2628 2534 2702 imminentis
2569 2633 2858 2703 fortunae

777 2744 1272 2843 transfugiunt.
1308 2745 1419 2814 An
1461 2742 1731 2814 facilius
1759 2741 2191 2841 deposituros
2234 2746 2664 2845 propositum
2707 2745 2863 2819 bel-

774 2860 967 2933 landi
992 2860 1217 2932 hostes
1243 2877 1597 2957 putamuS,
1624 2857 1679 2929 si
1709 2857 1939 2957 plures
1962 2859 2500 2959 transfugerint?
2525 2861 2859 2934 minime:

776 3002 943 3049 nam
977 2972 1049 3046 hi
1070 3032 1088 3065 ,
1125 2974 1244 3070 qui
1288 2970 1555 3043 bellum
1580 2999 1824 3070 gerere
1859 2993 2096 3046 contra
2126 3000 2251 3048 nos
2286 3001 2428 3046 non
2449 2975 2731 3047 'audent
2752 3032 2771 3065 ‚
2805 2978 2861 3048 si

777 3094 1011 3168 locum
1060 3092 1134 3163 in
1182 3090 1451 3163 civitate
1504 3113 1734 3162 nostra
1780 3118 1923 3164 non
1969 3090 2382 3181 habuerint,
2421 3118 2595 3192 saepe
2642 3093 2860 3193 depo-

777 3207 991 3280 nendi
1025 3206 1191 3280 belli
1224 3226 1534 3279 auctores
1563 3227 1803 3294 ernnt3
1844 3221 2034 3279 nun’c
2062 3209 2133 3279 in
2168 3208 2515 3308 privatum
2546 3207 2678 3280 sibi
2711 3208 2859 3281 sin-

779 3322 924 3423 guli
959 3323 1336 3395 consulunt
1366 3349 1381 3393 :
1419 3344 1516 3394 est
1550 3349 1888 3423 magnum
1926 3324 1998 3395 in
2034 3324 2323 3425 singulis
2368 3348 2810 3399 momentum
2843 3355 2856 3396 :

856 3476 901 3510 ι.
924 3457 1027 3509 Sed
1047 3457 1271 3529 infamia
1295 3460 1470 3510 etiam.
1496 3456 1665 3527 Lege3
1688 3458 1777 3510 sed
1856 3459 2172 3534 reficeremus
2197 3460 2250 3511 in
2279 3479 2401 3528 nos,
2425 3460 2471 3513 si
2495 3461 2702 3513 tandem
2728 3481 2780 3513 u.
2805 3460 2858 3511 d.

774 3538 999 3611 infames
1027 3539 1202 3589 etiam.
1237 3537 1475 3590 (ἢκουον.
1510 3538 1614 3591 Sed
1648 3538 1774 3610 quid
1855 3540 1891 3591 i.
1907 3560 1957 3591 α.
1977 3540 2028 3591 Ιι.
2046 3558 2085 3592 s.
2102 3559 2153 3612 q.
2173 3540 2461 3613 recipimus.
2483 3541 2660 3593 AErod.
2677 3541 2856 3593 Etiam

773 3631 853 3672 est
876 3615 1100 3686 infames
1115 3613 1378 3688 colligere,
1402 3631 1493 3669 aut
1514 3616 1776 3688 infamia?
1852 3622 1895 3673 si
1924 3621 2016 3691 qui
2047 3634 2347 3692 receperunt
2373 3641 2457 3675 eos
2486 3621 2628 3674 velut
2650 3641 2699 3671 a.
2730 3639 2768 3672 s.
2806 3641 2854 3671 υ.

775 3716 841 3749 an
877 3710 934 3747 ut
967 3695 1284 3767 argumentis
1312 3692 1585 3767 colligere,
1623 3697 1770 3749 Decl.
1851 3716 1922 3749 m.
1951 3710 1986 3750 t.
2012 3696 2341 3771 colligar-etis.
2366 3700 2513 3751 Idem
2540 3700 2702 3750 ne.1n
2720 3716 2858 3750 mar-

774 3777 978 3841 CCLII,
1016 3776 1087 3825 ita
1128 3773 1382 3825 infamia?
1413 3773 1655 3840 mallem,
1687 3776 1774 3828 sed
1850 3780 1970 3849 gine
1992 3778 2147 3829 etiam
2168 3783 2335 3855 quasi.
2363 3782 2529 3830 Bunu.

775 3856 1001 3926 infamia
1033 3855 1219 3920 etiam,
1252 3853 1295 3905 si
1320 3853 1413 3925 qui
1444 3867 1768 3925 receperunt,
1924 3877 1971 3910 2.
2015 3859 2127 3912 Hos
2161 3863 2218 3913 in
2254 3859 2480 3913 auxiliis.
2524 3859 2635 3929 Quo
2674 3857 2764 3912 hos
2799 3861 2860 3913 in

770 3936 914 3989 velut
933 3957 982 3988 α.
1007 3955 1044 3987 s.
1073 3956 1120 3987 v.
1146 3955 1217 3986 m.
1241 3945 1276 3986 t.
1298 3936 1627 4009 corrigeretis.
1648 3937 1770 3990 Non
1849 3939 2095 3994 auxiliis?
2119 3941 2187 3994 de
2211 3960 2314 4013 qua
2339 3939 2599 4012 particula
2620 3960 2726 4014 quo
2749 3940 2850 3994 vid.

772 4018 935 4069 modo
972 4016 1279 4087 judicaretis
1321 4015 1639 4089 pessimum,
1677 4018 1770 4072 sed
1850 4020 2166 4075 Gronov.ad
2180 4022 2852 4076 Senec.controv.Scnutr.

767 4100 1021 4150 notaretis
1046 4096 1286 4162 infamia,
1315 4114 1436 4147 mox
1460 4095 1611 4167 lego,
1635 4097 1769 4150 idem
1920 4101 1972 4154 3.
1999 4102 2315 4177 Tmanuqas
2337 4121 2442 4156 non
2466 4121 2579 4156 esse.
2607 4101 2857 4172 Transfu-

768 4198 874 4231 uon
889 4178 1201 4255 reflecte-mus
1215 4179 1270 4230 in
1286 4196 1401 4242 nos,
1419 4179 1513 4250 qui
1531 4179 1766 4245 tandem,
1845 4198 1938 4252 qus
1968 4181 2079 4233 dico
2113 4199 2214 4233 non
2247 4180 2363 4253 (vel
2400 4181 2564 4256 nego)
2601 4180 2850 4250 recipien-

769 4272 868 4311 εις.
894 4257 972 4312 Cl.
998 4256 1354 4326 Schultingius
1372 4256 1612 4324 volebat,
1636 4258 1768 4312 idem
1849 4262 1953 4317 dos.
1980 4262 2200 4320 Scumtr.
