3200 5117
686 525 693 532 ’
746 558 866 637 140
1238 559 1334 622 M.
1381 557 1629 622 mnu
1675 556 2316 641 Qnm'rlmmr

736 678 966 750 mariti
991 677 1245 752 dolori:
1269 680 1401 752 hoc
1421 679 1539 780 jus
1565 680 1681 753 ille
1708 681 2044 772 conditor,
2066 682 2633 783 conscriptorque
2656 684 2825 784 legis

736 791 984 895 hujus,
1025 793 1244 865 voluit
1284 821 1430 867 esse
1478 795 1843 894 privatum.
1887 799 2046 868 Non
2091 798 2310 896 magis
2352 824 2513 897 ergo
2548 821 2825 900 tempus

735 928 856 979 aut
882 907 1070 979 diem
1099 909 1567 1007 praestituisset
1593 910 1957 1001 adulterae,
1988 937 2201 1010 quam
2233 938 2527 984 manum
2557 914 2827 985 earnifi-

737 1021 872 1116 cis,
906 1048 1119 1122 quam
1148 1026 1562 1098 sententiam
1589 1026 1884 1127 judicis,
1921 1053 2130 1125 quam
2166 1026 2544 1125 imperium
2574 1029 2829 1127 magis-

738 1157 972 1210 tratus.
1004 1139 1244 1229 Quid?
1271 1141 1328 1212 si
1356 1167 1446 1213 ne
1475 1141 1740 1215 differri
1770 1141 2058 1240 quidem
2089 1140 2222 1213 hoc
2248 1142 2674 1242 supplicium
2703 1172 2828 1244 po-

736 1253 906 1327 test?
937 1281 1081 1334 non
1119 1256 1307 1328 enim
1337 1256 1640 1330 dubium
1676 1278 1811 1345 est,
1855 1256 2026 1356 quin
2067 1257 2178 1328 lex
2210 1258 2297 1329 de
2333 1258 2439 1331 his
2468 1258 2824 1358 loquatur,

737 1375 857 1474 qui
888 1374 1313 1474 quandoque
1347 1372 1485 1444 sint
1517 1372 1591 1444 in
1628 1371 2023 1471 reipublicae
2056 1385 2406 1472 potestate.
2438 1375 2826 1446 Damnatus

737 1490 988 1590 aliquis
1029 1488 1338 1562 custodia
1378 1487 1696 1589 publica¹
1733 1487 2147 1579 continetur,
2192 1515 2461 1586 carcere
2504 1487 2825 1562 eontine-

736 1626 850 1677 tur
896 1633 911 1675 t
962 1624 1185 1704 potest
1233 1604 1318 1675 de
1362 1605 1495 1677 hoc
1540 1604 1974 1703 supplicium
2021 1631 2293 1676 sumere
2342 1605 2779 1704 magistratus
2806 1664 2824 1695 ,

739 1747 965 1820 quum
1003 1719 1338 1793 voluerit:
1376 1719 1686 1793 adultera
1716 1719 1999 1794 dimissa
2036 1746 2181 1791 non
2216 1719 2395 1791 redit
2425 1720 2498 1791 in
2533 1746 2824 1791 manum

737 1834 988 1907 mariti.
1018 1838 1164 1906 Nec
1195 1836 1328 1908 hoc
1359 1846 1680 1909 tantum²
1712 1835 1788 1906 in
1823 1835 1973 1935 lege
2009 1855 2107 1907 est
2127 1890 2148 1923 ,
2181 1854 2261 1907 ut
2296 1834 2620 1906 adulterae
2653 1861 2825 1933 sup·
2879 1929 2884 1936 ι

739 1951 1028 2051 plicium
1078 1951 1339 2024 differri
1381 1979 1525 2025 non
1569 1952 1827 2052 possit,
1885 1951 2006 2024 sed
2048 1951 2225 2024 illud
2267 1952 2517 2041 etiam,
2560 1971 2638 2023 ut
2681 1977 2858 2022 non-

739 2089 1013 2141 tantum
1035 2068 1359 2142 adulterae
1380 2091 1662 2170 pereant
1684 2097 1699 2141 t
1728 2096 1898 2141 nam
1920 2069 2056 2160 lex,
2078 2095 2302 2168 quum
2323 2068 2631 2141 occidere
2653 2066 2825 2139 mihi

740 2181 1137 2254 adulterum
1195 2208 1359 2255 cum
1422 2183 1732 2256 adultera
1788 2182 2178 2282 permittat,
2239 2182 2600 2254 manifeste
2657 2180 2830 2253 illud

741 2296 1074 2385 ostendit,
1101 2323 1246 2370 non
1271 2323 1469 2398 posse
1493 2325 1609 2370 eos
1633 2297 1913 2370 diversis
1937 2296 2370 2396 temporibus
2394 2296 2611 2369 occidi
2631 2327 2650 2385 ;
2677 2323 2754 2366 ac
2772 2295 2827 2368 si

741 2411 935 2485 alteri
968 2413 1359 2487 remittatur
1385 2414 1813 2515 supplicium
1833 2413 2372 2513 ,impunitatem
2399 2412 2603 2484 etiam
2634 2410 2829 2482 alteri

739 2527 1045 2601 dandam
1066 2554 1083 2599 :
1106 2555 1268 2628 ergo
1289 2555 1432 2601 non
1456 2528 1685 2601 solum
1706 2526 2117 2628 praegnantis
2136 2527 2590 2627 supplicium,
2618 2526 2826 2597 etiam

742 2661 819 2714 ut
846 2641 940 2713 sic
968 2641 1364 2740 loquamur,
1402 2642 1518 2715 sed
1555 2642 1765 2714 etiam
1804 2641 2137 2732 adulteri,
2178 2667 2319 2712 non
2356 2639 2826 2712 differendum

738 2776 1050 2847 tantum,
1098 2756 1217 2828 sed
1259 2756 1650 2829 tollendum
1693 2757 1987 2830 omnino
2027 2756 2293 2830 fuisset.
2336 2754 2552 2845 Quod
2595 2754 2651 2826 si
2692 2753 2828 2826 hoc

741 2869 1033 2970 quidem
1072 2871 1498 2969 supplicium
1545 2870 1879 2972 appellari
1929 2871 2251 2943 convenit
2292 2869 2592 2965 (habent
2631 2867 2825 2940 enim

743 2984 982 3056 omnia
1012 2985 1157 3058 haec
1190 2985 1481 3059 nomina
1519 3013 1721 3058 suam
1763 2986 2329 3085 proprietatem),
2378 3010 2521 3056 non
2554 3008 2827 3082 semper
2927 3042 2932 3048 .

741 3102 958 3174 homo
1004 3101 1341 3201 supplicio
1387 3103 1673 3174 affectus
1720 3101 1856 3173 dici
1902 3121 2125 3202 potest
2164 3129 2178 3171 ε
2231 3129 2375 3176 non
2423 3100 2826 3198 ubicunque

739 3243 1019 3316 poenam
1048 3216 1307 3289 habent
1321 3215 1376 3306 3,
1407 3217 1617 3289 etiam
1646 3216 2073 3317 supplicium
2097 3236 2237 3287 est:
2276 3242 2538 3287 nomen
2572 3215 2703 3286 hoc
2732 3233 2831 3285 est

740 3331 1041 3430 publicae
1070 3332 1686 3405 animadversionis
1711 3358 1972 3403 nomen
1990 3388 2010 3422 ,
2046 3349 2293 3402 exactae
2321 3356 2446 3429 per
2473 3329 2829 3428 magistra-

742 3466 856 3519 tus
886 3472 1121 3545 poenae.
1148 3448 1529 3546 Indignum
1559 3447 1692 3519 fuit
1715 3446 2024 3519 occidere
2045 3472 2224 3536 eam,
2247 3443 2445 3544 quael}
2467 3470 2827 3545 praegnans

739 3562 921 3636 facta
955 3583 1084 3636 est:
1115 3563 1437 3636 nondum
1468 3564 1647 3654 dico,
1681 3583 1943 3662 quanto
1977 3561 2250 3661 gravius
2276 3560 2686 3660 peccaverit:
2719 3558 2822 3628 in-

743 3715 856 3789 leqe
890 3716 1145 3769 ordinata.
1187 3718 1355 3769 Omne
1390 3717 1485 3772 hoc
1502 3721 1595 3791 jus
1626 3735 1663 3770 s.
1697 3734 1742 3768 e.
1822 3713 2037 3767 Advors.
2055 3713 2231 3781 Sacra,
2246 3734 2292 3768 c.
2319 3729 2499 3783 ¹o9‚p·
2520 3708 2819 3777 24.A1.um,.

743 3801 922 3852 mariti
952 3798 1154 3852 dolori.-
1191 3799 1318 3866 hoc,
1353 3814 1452 3852 etc.
1490 3799 1747 3852 ordinata
1897 3812 1946 3846 2.
1993 3794 2104 3847 Nec
2151 3793 2247 3847 hoc
2297 3803 2519 3844 tantum.
2562 3788 2695 3841 Vide
2746 3790 2826 3842 cl.

742 3880 999 3951 supplicia
1020 3879 1147 3932 dixit
1165 3879 1308 3951 lege,
1327 3894 1385 3933 ut
1405 3880 1646 3933 ordinare
1667 3881 1750 3932 de·-
1825 3872 2114 3946 Schulting.
2135 3873 2204 3926 ad
2223 3872 2339 3925 Seu.
2362 3869 2545 3922 Contr.
2565 3870 2642 3935 11,
2661 3889 2715 3940 p.
2736 3868 2824 3939 94.

741 3957 1183 4022 lationem3Decl.
1206 3959 1278 4022 113
1288 3959 1530 4031 facinus,
1549 3959 1746 4026 xvl¹1‚
1895 3951 1946 4005 3.
1980 3953 2198 4005 Poenam
2231 3948 2433 4001 habent.
2467 3949 2549 3999 An
2580 3949 2825 4012 subeunt,

742 4056 823 4108 pr.
869 4051 920 4090 et
958 4039 1170 4108 passim.
1214 4038 1493 4100 Suetonius
1532 4056 1746 4110 quoque
1825 4050 1894 4084 an
1930 4030 2136 4084 habetis.
2176 4029 2394 4081 Senum.
2433 4027 2590 4099 Leges
2616 4041 2825 4098 poenam

742 4119 1046 4188 frequenter
1067 4117 1170 4171 hoc
1196 4117 1456 4170 vocabulo
1480 4120 1666 4186 utitur,
1695 4132 1747 4172 et
1828 4107 2042 4176 habent,
2069 4106 2249 4160 1131·οᾶ-

746 4192 848 4246 alii.
874 4195 1040 4246 Buau.
1895 4188 1948 4256 4.
1977 4188 2142 4254 Eam,
2167 4201 2297 4258 quoe.
2329 4180 2535 4235 Praetuli
2559 4198 2675 4233 eam
2703 4197 2826 4236 eum

824 4281 841 4318 ι
855 4303 867 4316 .
883 4265 1121 4320 Custodia
1126 4263 1491 4338 publica.Vide
1502 4266 1745 4335 Cordum,
1825 4269 1938 4342 Bip.
1954 4289 2015 4322 ex
2027 4269 2131 4322 AEr.
2145 4281 2199 4321 et
2209 4264 2411 4321 Schult.
2428 4281 2527 4337 pro
2544 4264 2715 4315 etiam.
2727 4260 2824 4314 Eu.
