3200 5117
719 499 845 599 376
1221 509 1315 574 M.
1364 507 1616 573 FABll
1661 509 2295 592 Qum‘rlmAm

717 774 1198 800 mmmmm
1207 775 2071 798 mmmm-*mm
2080 775 2266 795 mm
2275 774 2363 795 m
2372 774 2556 794 mm
2564 775 2815 796 m„

1391 974 2124 1052 CCCXXXVII.

1258 1205 1508 1276 Sedicio
1537 1203 1781 1305 populi
1808 1219 1873 1276 et
1904 1209 2255 1276 exercitus.

720 1396 844 1471 Qui
868 1411 1086 1453 cansss
1113 1412 1178 1451 m
1202 1412 1435 1452 snm-ru
1456 1406 1471 1435 ¹
1499 1411 1907 1454 voumwuuAE
1932 1410 2156 1451 mouns
2181 1411 2302 1450 uon
2329 1411 2806 1464 sermonumt-r,

800 1509 1164 1553 mserum-us
1208 1509 1588 1550 Amtcm'run.
1636 1490 1879 1571 Pauper
1919 1501 1979 1547 et
2019 1487 2186 1547 dives
2234 1487 2510 1560 inimici:
2560 1488 2808 1568 utrique

799 1587 1044 1662 domus,
1068 1599 1130 1646 et
1149 1606 1328 1661 uxor,
1349 1599 1410 1646 et
1436 1585 1792 1647 liberi.Dux
1814 1598 2049 1646 creatus
2077 1584 2243 1644 bello
2270 1583 2458 1657 dives,
2485 1603 2683 1664 quum
2712 1584 2806 1644 bis

801 1684 926 1746 acie
958 1684 1157 1744 vietus
1192 1697 1377 1759 esset,
1415 1685 1712 1765 processit
1743 1703 1997 1765 pauper,
2031 1683 2143 1764 qui
2172 1695 2233 1741 et
2256 1681 2527 1746 ,disertus
2558 1695 2722 1755 erat,
2749 1695 2809 1741 et

801 1782 957 1843 dixit
985 1782 1170 1864 prodi
1201 1783 1654 1865 rempublicam
1686 1803 1729 1842 a
1756 1782 1966 1842 divite.
1997 1782 2269 1863 Impetus
2310 1781 2377 1846 in
2414 1780 2679 1842 domum
2714 1780 2809 1840 di-

801 1878 942 1935 vitis
979 1876 1176 1937 factus
1215 1889 1304 1937 est
1339 1898 1375 1936 a
1414 1876 1689 1959 populo,
1724 1889 1786 1937 et
1825 1877 2048 1938 domus
2087 1877 2366 1964 incensa,
2409 1887 2467 1933 et
2506 1873 2805 1935 interfecti

798 1973 976 2032 liberi
1018 1995 1162 2038 cum
1196 1995 1405 2035 uxore.
1429 1975 1594 2034 Vicit
1628 1976 1807 2034 tertia
1842 1975 1972 2035 acie
2012 1972 2213 2048 dives»,
2249 1986 2309 2032 et
2344 1972 2408 2031 in
2446 1986 2811 2054 potestatem

803 2065 1006 2128 hostes
1033 2069 1295 2150 redegit:
1330 2071 1625 2130 exercitus
1653 2070 1862 2129 divitis
1887 2069 2150 2128 domum
2177 2068 2466 2150 pauperis
2498 2067 2808 2144 incendit,

803 2179 864 2224 et
884 2183 1171 2239 uxorem,
1197 2180 1255 2224 et
1279 2166 1507 2226 liberos
1531 2165 1855 2226 interfecit.
1869 2165 2019 2225 Vult
2035 2166 2197 2226 mori
2217 2183 2455 2248 pauper
2477 2165 2718 2225 ratione
2745 2167 2810 2225 in

804 2278 1020 2325 senatu
1039 2263 1299 2328 reddita.
1328 2265 1510 2328 Dives
1539 2267 1609 2328 C.
1639 2266 1720 2326 D:

1587 2447 1952 2513 SERMO.

809 2586 1084 2670 Quoties
1119 2585 1248 2652 hoc
1286 2593 1493 2676 genus
1528 2588 1818 2653 materiae
1848 2585 2170 2666 dividam,
2202 2605 2464 2651 necesse
2488 2581 2700 2647 habeo
2732 2583 2802 2646 id

724 2691 973 2770 dicere,
998 2692 1181 2782 quod
1205 2694 1337 2783 jam
1361 2675 1724 2784 saepedixi,
1758 2717 1866 2760 me
1890 2694 2139 2759 nullam
2164 2691 2561 2758 voluntatem
2586 2687 2801 2778 cujus-

723 2821 924 2888 quam
949 2814 1178 2862 contra
1211 2799 1508 2864 themata·
1533 2800 1957 2889 intelligerem
2000 2802 2300 2865 Fortasse
2334 2811 2527 2861 erunt
2559 2794 2802 2885 aliqui,

724 2904 1252 2998 qui-existiment
1296 2928 1335 2970 a
1379 2903 1671 2995 paupere
1712 2906 1787 2972 id
1836 2906 2050 2974 solum
2093 2906 2338 3004 quaeri,
2380 2919 2455 2967 ut
2494 2900 2812 2967 invidiam

722 3008 910 3075 diviti
939 3009 1169 3076 faciat:
1206 3011 1388 3101 quod
1421 3011 1517 3075 illi
1549 3013 1934 3100 contingere
1969 3013 2166 3076 etiam
2204 3011 2365 3081 citra
2397 3009 2625 3074 mortis
2657 3031 2812 3097 pro-

801 3186 843 3221 1.
879 3170 984 3240 Qui
1010 3189 1186 3224 causas
1214 3174 1269 3222 in
1296 3183 1492 3224 senatu.
1524 3174 1582 3223 ln
1615 3190 1727 3224 ma·
1813 3184 1913 3222 «ut
1958 3189 2015 3224 se
2056 3170 2232 3240 legum
2272 3168 2571 3222 actionibus
2608 3166 2819 3220 subtra-

715 3248 924 3318 joribus
965 3249 1277 3315 Quintiliani
1316 3251 1730 3303 Declamationi-
1813 3250 1964 3301 that.
1989 3273 2010 3296 ι
2049 3252 2230 3302 AEnou.
2260 3248 2396 3303 Vide
2432 3263 2485 3301 et
2522 3246 2810 3300 Declamat.

722 3326 823 3377 bus
853 3327 1018 3377 simile
1046 3341 1125 3379 est
1152 3329 1264 3380 fere
1290 3327 1416 3380 huic
1446 3346 1729 3399 argumen-
1809 3331 2148 3384 GCCXXXV.

723 3422 863 3471 tum,
880 3407 1026 3457 Decl.
1049 3408 1139 3458 xl.
1158 3409 1411 3460 Caeterum
1431 3407 1497 3461 de
1516 3409 1622 3460 hoc
1640 3426 1731 3479 ge-

720 3507 848 3540 nere
864 3506 1144 3540 causarum
1161 3489 1297 3542 idem
1310 3527 1326 3555 ,
1348 3492 1475 3542 Inst.
1491 3490 1582 3542 lib.
1598 3493 1722 3556 vll,

722 3567 786 3635 4.,
824 3565 931 3617 38;
992 3587 1014 3611 α
1040 3566 1395 3637 Simpliciores
1435 3586 1605 3620 causae
1641 3570 1727 3619 in-

725 3669 748 3693 «
762 3646 892 3717 justi
922 3643 1156 3716 repudii:
1194 3645 1294 3696 sub
1320 3666 1424 3718 qua
1453 3647 1568 3718 lege
1595 3665 1726 3698 con-

724 3745 748 3772 «
768 3724 1032 3776 troversiae
1050 3719 1182 3773 illud
1204 3727 1477 3796 proprium
1497 3724 1725 3790 habent,

726 3828 748 3851 a
771 3802 915 3878 quod
939 3823 969 3856 a
994 3818 1143 3875 parte
1167 3807 1463 3858 accusantis
1483 3804 1725 3858 defensio

725 3907 748 3931 σι
770 3899 847 3938 est
872 3924 888 3951 ‚
947 3898 998 3938 et
1052 3884 1382 3940 defendentis
1436 3889 1723 3944 accusatio,

724 3984 747 4009 ιι
767 3965 1017 4017 Praeterea
1072 3983 1235 4035 quum
1293 3968 1408 4036 quis
1466 3968 1723 4018 rationem

726 4061 748 4088 ι
769 4045 952 4093 mortis
977 4045 1030 4094 in
1056 4058 1242 4095 senatu
1267 4043 1465 4097 reddit:
1500 4045 1592 4097 ubi
1622 4064 1724 4097 una

727 4141 750 4170 ι
771 4121 988 4189 quaestio
1027 4134 1104 4172 est
1135 4124 1301 4190 juris,
1335 4141 1404 4173 an
1436 4124 1479 4173 is
1513 4122 1727 4175 demum

719 4221 744 4250 a
763 4199 1124 4273 probibendus
1156 4205 1254 4270 sit,
1286 4207 1378 4273 qui
1414 4205 1553 4254 mori
1583 4202 1728 4272 vult,

1883 3427 1930 3463 2.
1955 3409 2292 3464 Voluntatem
2311 3411 2615 3482 cujusquam
2635 3417 2813 3461 contra

1805 3490 2033 3543 themata
2063 3490 2369 3565 intelliqere.
2401 3492 2499 3541 Hic
2528 3489 2680 3542 loeus
2703 3489 2815 3539 sine

1804 3567 1912 3621 ulla
1927 3571 2283 3620 controversia
2300 3566 2533 3620 ostendit
2543 3605 2560 3632 ‚
2580 3566 2676 3619 has
2691 3585 2812 3618 vere

1804 3646 2227 3699 Declamationes
2254 3645 2477 3713 Quintil.
2511 3664 2641 3699 esse.
2677 3646 2814 3696 Nam

1805 3727 1859 3777 iu
1884 3725 2306 3778 institutionibus
2330 3725 2441 3777 haec
2467 3728 2580 3796 ejus
2600 3725 2814 3795 propria

1805 3806 2066 3858 sententia
2103 3819 2213 3872 est,
2246 3819 2305 3858 ut
2338 3809 2432 3878 qui
2463 3824 2649 3858 causas
2689 3803 2813 3855 dicit

1804 3887 2111 3940 voluntaria:
2128 3889 2337 3954 mortis,
2352 3886 2457 3939 hoc
2474 3906 2581 3938 non
2602 3884 2814 3938 fictione

1807 3955 1926 4035 ag‘at
1939 4003 1955 4032 ‚
1977 3985 2075 4019 nec
2091 3986 2198 4038 quo
2217 3968 2379 4037 magis
2396 3966 2547 4018 alteri
2562 3963 2813 4016 invidiam

1806 4062 1988 4118 paret,
2018 4061 2077 4099 ut
2102 4047 2247 4100 aliud
2275 4048 2448 4114 dicat,
2479 4044 2622 4100 aliud
2650 4044 2775 4097 velit
2796 4065 2811 4094 :

1807 4122 1900 4176 sed
1943 4144 2121 4179 revera
2161 4125 2217 4179 id
2258 4139 2408 4198 optet
2429 4165 2446 4194 ,
2493 4123 2643 4198 quod
2687 4124 2809 4194 agit.

1808 4204 1988 4257 AEnon.
