3200 5117
805 549 886 616 52
1304 548 1397 610 M.
1449 493 2376 628 FA1311⁸QU1NT1L1AN1

799 671 1107 773 quadam
1126 668 1518 770 conjectura
1535 694 1779 767 capere
1792 693 2193 767 possumus:
2218 695 2393 740 num
2412 665 2649 742 minus
2666 670 2885 744 animi

801 787 951 859 sine
996 785 1136 877 his,
1184 810 1362 856 num
1410 781 2079 881 minus-pertinaciae
2125 781 2457 854 desertis?
2486 786 2634 882 Age
2674 811 2837 858 sane
2862 842 2882 877 ‚

798 900 931 974 hoc
963 927 1108 973 non
1137 896 1478 997 cogitatis,
1519 896 1710 994 quod
1747 924 1875 969 nec
1903 896 2183 995 publica
2210 897 2502 969 retinere
2527 897 2688 997 jura
2713 900 2883 971 tanti

798 1035 1064 1116 putant.
1126 1014 1420 1085 Miratur
1464 1012 1720 1110 aliquis
1760 1012 2003 1084 timere
2051 1039 2168 1084 me
2214 1011 2481 1102 hostes»,
2526 1014 2718 1112 quod
2773 1014 2883 1087 isti

798 1126 1307 1227 transfugiunt?
1335 1126 1436 1197 illi
1473 1153 1588 1198 me
1622 1153 1767 1199 non
1802 1127 2070 1199 timent.
2110 1127 2535 1217 Careamus,
2562 1126 2879 1218 obsecro,

800 1245 978 1318 dum
1009 1243 1243 1344 plures
1277 1267 1540 1314 sumus.

1645 1737 2039 1818 CCLVI.

1275 1969 1597 2043 Furiosus
1627 1966 2167 2068 triumfiliorum
2196 1986 2411 2068 pater.

800 2171 926 2249 Qui
967 2184 1088 2232 tres
1127 2167 1284 2230 filios
1324 2167 1626 2250 habehat,
1668 2167 1824 2229 duos
1865 2189 1974 2251 per
2013 2168 2290 2231 furorem
2331 2168 2585 2244 occidit3
2632 2191 2668 2229 a
2709 2170 2885 2230 tertio

1470 2279 1724 2327 sanatus
1741 2310 1759 2342 ‚
1785 2264 2027 2326 abdicat
2048 2287 2211 2327 eum.

1501 2459 2194 2525 DECLAMATIO.

897 2622 1213 2692 Poteram
1246 2619 1459 2690 etiam
1487 2618 1544 2689 si
1575 2645 1722 2691 non
1753 2619 2103 2711 irascerer,
2137 2619 2457 2693 abdicant·
2477 2676 2496 2712 ,
2525 2642 2896 2718 tamquam

804 2733 1031 2806 bonus
1059 2752 1268 2830 pater.
1312 2732 1577 2803 Omnia
1618 2732 1705 2803 de
1745 2733 2026 2805 fortuna
2051 2761 2209 2806 mea
2243 2735 2490 2827 timeo,
2528 2735 2768 2807 omnia
2798 2734 2884 2806 de

804 2870 945 2922 tam
976 2848 1245 2948 fragili,
1286 2874 1364 2920 ac
1391 2869 1532 2919 tam
1564 2849 1884 2921 mutabili
1913 2870 2189 2923 mente:
2222 2872 2290 2923 et
2309 2871 2592 2951 ,propter
2614 2852 2748 2924 hoc
2779 2852 2887 2923 di-

806 2961 1186 3038 mittendus
1239 2961 1418 3033 mihi
1464 2988 1506 3033 a
1555 2961 1766 3035 domo
1816 2962 1999 3036 filius
2050 2983 2232 3056 erat,
2289 2992 2378 3037 ne
2426 2963 2761 3037 incideret
2808 2966 2885 3036 in

806 3106 1050 3154 meum
1076 3080 1408 3150 furorem.
1450 3078 1586 3150 Sed
1620 3100 1967 3177 quatenus
1996 3101 2064 3153 et
2097 3107 2331 3154 causas
2363 3107 2642 3181 quoque
2679 3081 2886 3153 abdi-

805 3194 1097 3269 cationis
1137 3195 1560 3294 interrogor,
1594 3193 1668 3265 id
1699 3216 1834 3287 est,
1872 3195 2062 3297 quod
2099 3197 2280 3295 cogit
2311 3222 2424 3268 me
2456 3197 2886 3296 frequentius

802 3401 942 3448 cere,
979 3395 1041 3433 ut
1071 3381 1159 3434 alii
1189 3380 1419 3435 codices.
1452 3380 1632 3447 Quare
1661 3378 1802 3452 lege·
1879 3382 2151 3436 vindicent
2169 3385 2419 3436 acerrime
2437 3384 2811 3438 contumeliam
2828 3383 2888 3437 il-

802 3479 943 3528 rem,
961 3478 1137 3513 omnes
1151 3458 1238 3523 hi,
1255 3459 1298 3512 si
1312 3458 1662 3530 reliquerunt,
1681 3469 1801 3524 etc„
1880 3460 1985 3513 lam
2007 3463 2135 3533 ipsis
2159 3463 2353 3515 factam
2372 3464 2428 3515 in
2449 3482 2668 3516 uxorum
2689 3466 2885 3536 stupris

803 3540 1158 3613 manifestiore
1168 3540 1397 3612 quadam
1416 3541 1705 3612 conjectura
1719 3558 1803 3593 ca-
1882 3554 1936 3593 et
1971 3541 2256 3595 adulteriis.
2302 3546 2640 3617 Desperatius
2676 3563 2885 3615 pugna-

803 3639 926 3696 pere
933 3636 1200 3692 posumus
1215 3635 1320 3670 non
1336 3620 1506 3672 minus
1518 3619 1687 3670 animi
1697 3619 1808 3672 sine
1885 3623 2019 3675 bunt
2029 3620 2226 3676 deserti
2239 3643 2271 3677 a
2286 3626 2590 3695 transfugis,
2599 3638 2886 3696 postquam

807 3700 917 3767 his,
950 3718 1059 3751 non
1082 3697 1265 3749 minus
1278 3697 1588 3769 pertinam‘oe
1606 3697 1809 3752 desertis
1885 3720 2076 3755 uxores
2112 3702 2345 3757 ludibrio
2382 3703 2685 3756 habueram
2702 3741 2720 3771 ‚
2759 3708 2887 3777 quia

795 3785 937 3857 fore.
971 3783 1025 3834 Si
1066 3778 1125 3833 hi
1166 3779 1446 3850 transfuga
1482 3779 1809 3853 reliquerunt
1886 3794 2132 3834 metuunt
2155 3801 2225 3834 ne
2254 3782 2566 3851 transfuga,
2594 3782 2749 3836 nobis
2776 3786 2888 3837 vic·

808 3882 998 3918 uxores
1025 3859 1341 3934 stuprandas
1364 3859 1431 3913 ab
1450 3860 1583 3926 inis,
1605 3861 1697 3933 qui
1714 3880 1810 3913 vo-
1887 3859 2118 3928 toribus,
2140 3859 2463 3914 ulciscantur
2486 3862 2882 3917 contumeliam.

807 3942 925 3996 lunt
937 3940 1109 3996 scelus
1120 3941 1511 4012 transfugarum
1524 3939 1613 3992 illa
1625 3953 1808 3993 contu·
1884 3941 2092 3995 Debent
2126 3955 2304 3994 aute-m
2343 3942 2595 4013 conjungi
2609 3982 2626 4010 ,
2668 3943 2888 4016 reliquo-

808 4023 964 4075 melia
976 4021 1159 4074 ulcisci
1172 4059 1186 4087 ,
1199 4019 1324 4073 inde
1337 4021 1600 4091 conjicere
1615 4038 1810 4092 possu—
1887 4033 2011 4075 rum
2027 4025 2268 4099 conjuges
2287 4023 2343 4076 in
2367 4022 2649 4077 ludibrium
2677 4044 2852 4077 eorum
2864 4061 2880 4092 ,

804 4102 1238 4169 mus‚nonminus
1250 4101 1535 4155 animifore
1547 4100 1810 4170 hostibnS,
1887 4100 1944 4154 id
1976 4115 2085 4169 est,
2117 4102 2377 4167 hostium,
2413 4103 2503 4173 qui
2537 4121 2594 4156 se
2627 4122 2691 4156 eo
2723 4102 2884 4156 modo

814 4180 883 4237 ad
908 4199 963 4233 se
984 4179 1242 4245 tuendos,
1259 4197 1356 4245 ne,
1378 4180 1420 4231 si
1444 4193 1624 4234 nostra
1645 4197 1807 4251 opera
1887 4181 2069 4235 ulcisci
2094 4177 2257 4237 velint
2289 4201 2319 4235 a
2353 4183 2552 4237 scelere
2583 4184 2885 4254 transfuga·

809 4262 988 4317 civitas
1007 4274 1305 4334 expugnata
1319 4260 1503 4328 fuerit,
1524 4260 1808 4335 transfugae
1887 4282 2023 4319 rum.
2049 4265 2218 4318 Banu.
