3200 5117
754 533 1592 602 DECLAMATIONES.
1641 540 1975 607 CCLXX.
2293 549 2413 613 113

336 659 679 761 prehendi=
698 686 779 732 ex
802 660 1007 731 turba
1033 659 1637 733 circumstantium
1666 664 1916 737 credite
1946 694 1959 737 :
1991 665 2200 767 hujus
2229 695 2421 741 mor-

334 798 473 849 tem
498 776 793 876 optavit:
826 802 1004 846 num
1034 774 1420 847 occidetur?
1452 802 1634 867 non,
1661 797 1741 849 ut
1768 779 2050 878 opinor:
2081 808 2224 854 non
2255 810 2417 883 ergo

336 892 482 991 ipsa
529 889 714 990 optio
758 890 831 962 in
875 917 1078 962 causa
1123 890 1362 964 mortis
1409 911 1544 980 est,
1587 891 1707 963 sed
1751 891 1825 963 id
1843 949 1862 981 ‚
1911 917 2188 993 propter
2227 897 2417 995 quod

336 1008 520 1106 optio
557 1006 758 1100 valet.
788 1008 974 1078 Tuta
1016 1026 1115 1078 est
1153 1005 1283 1080 hac
1325 1006 1733 1079 defensione
1778 1007 1920 1079 filia
1959 1036 2116 1082 mea
2135 1067 2155 1099 ,
2198 1033 2299 1103 et,
2340 1034 2421 1086 ut

338 1124 513 1214 dixi,
533 1122 871 1195 sententia
890 1150 1173 1221 quoque
1198 1143 1673 1195 accusatorum
1694 1178 1712 1210 ‚
1737 1149 1996 1195 secura.
2022 1125 2219 1215 Quid
2244 1128 2420 1201 mihi

335 1238 580 1311 accidit
594 1265 805 1338 supra
821 1238 1010 1310 haec?
1031 1266 1257 1310 unum
1279 1239 1506 1311 adhuc
1529 1238 1995 1337 patrocinium
2021 1266 2035 1310 ε
2063 1267 2206 1313 non
2227 1243 2420 1316 enim

338 1353 469 1427 hoe
511 1374 781 1426 tantum
824 1353 978 1425 dico
1019 1381 1033 1424 :
1077 1355 1133 1427 si
1178 1353 1294 1425 ille
1338 1380 1483 1425 non
1524 1353 1891 1452 rapuisset,
1927 1380 2136 1427 causa
2179 1358 2422 1429 mortis

337 1494 479 1540 non
509 1467 794 1540 fuissem
811 1498 831 1557 ;
864 1467 982 1539 sed
1015 1466 1194 1539 illud
1216 1467 1426 1540 etiam
1453 1481 1502 1556 ¹,
1527 1471 1584 1538 si
1616 1466 1760 1539 filia
1789 1466 1964 1540 mihi
1991 1496 2135 1541 non
2165 1472 2425 1569 paruis-

334 1604 472 1674 set,
503 1609 708 1655 causa
731 1582 972 1655 mortis
996 1609 1141 1653 non
1165 1582 1452 1654 fuissem
1476 1607 1490 1649 :
1517 1579 1664 1651 haec
1680 1635 1699 1668 ‚
1733 1582 1789 1651 si
1814 1610 1955 1654 non
1977 1584 2136 1682 jure
2160 1585 2424 1659 occisus

334 1718 540 1790 esset,
569 1699 627 1771 si
653 1725 876 1771 errore
897 1718 1167 1770 tantum
1189 1696 1468 1794 perisset
1483 1752 1501 1785 ,
1527 1695 1849 1770 dicerem.
1872 1700 2078 1771 Nunc
2099 1700 2273 1773 illud
2294 1703 2426 1774 uti-

332 1841 474 1912 que
507 1814 685 1887 inter
709 1841 822 1885 me
852 1834 917 1884 et
945 1833 1211 1910 partem
1241 1812 1579 1883 diversam
1609 1815 1973 1886 conveniat
1999 1843 2271 1891 necesse
2293 1840 2423 1910 est,

332 1956 482 2002 non
516 1957 708 2029 posse
729 1954 893 2000 eum
933 1927 1268 2014 accusari,
1299 1928 1420 2026 qui
1452 1954 1634 2000 unus
1659 1930 1765 2001 vel
1797 1930 2097 2004 attulerit
2127 1955 2422 2006 mortem

329 2046 684 2134 nocentiS,
706 2044 759 2115 si
781 2045 904 2115 erit
925 2071 1107 2116 unus
1127 2070 1205 2115 ex
1225 2044 1363 2134 his,
1383 2043 1467 2116 de
1486 2045 1744 2143 quibus
1763 2048 1999 2146 paullo
2019 2070 2176 2121 ante
2194 2050 2425 2151 loque·

326 2161 594 2232 bamur
622 2186 636 2230 :
667 2157 771 2229 vel
810 2180 1181 2249 accusator,
1214 2159 1317 2230 vel
1353 2160 1614 2248 testis²‚
1641 2159 1746 2232 vel
1771 2161 2015 2261 judex,
2052 2162 2155 2235 vel
2191 2164 2416 2238 index.

326 2274 721 2346 Videamus
741 2274 948 2372 igitur
968 2300 1056 2346 an
1071 2273 1228 2373 jure
1254 2294 1484 2372 raptor
1507 2275 1592 2346 sit
1612 2276 1902 2368 occisus,
1925 2298 1992 2349 et
2013 2278 2108 2348 sic
2135 2306 2422 2389 agamus

327 2411 697 2487 tamquam
718 2390 946 2462 adhuc
965 2390 1176 2480 vivat,
1202 2410 1563 2488 tamquam
1589 2391 1818 2463 adhuc
1840 2392 1926 2463 de
1949 2418 2030 2464 eo
2050 2414 2421 2490 quaeratur,

331 2537 422 2582 an
443 2507 666 2580 occidi
683 2528 1022 2607 raptorem
1037 2527 1359 2607 oporteat.
1379 2510 1536 2579 Non
1555 2508 1780 2581 educo
1795 2509 2081 2582 alteram
2098 2509 2313 2581 filiam
2335 2510 2421 2581 ad

406 2678 457 2712 ι.
494 2660 598 2712 Sed
629 2659 772 2711 illud
803 2660 979 2712 etiam.
1018 2662 1140 2713 Haec
1175 2679 1342 2732 usque

335 2741 402 2795 ad
434 2739 491 2794 m?
514 2743 733 2814 fiai-'sem
768 2744 1092 2794 restituimus
1125 2760 1187 2794 ex
1217 2742 1342 2794 edit.

336 2822 448 2894 Rip.
466 2822 656 2874 omissa
677 2821 735 2872 in
754 2820 920 2873 Haek.
944 2835 994 2873 et
1012 2822 1182 2873 Bur-m.
1201 2839 1344 2872 nem·

336 2916 404 2969 pe
430 2918 544 2971 qum
570 2917 782 2952 sensum
808 2898 1108 2951 absolutum
1137 2913 1187 2951 et
1218 2918 1344 2951 con-

335 2978 683 3029 structionem
701 2976 915 3047 plenam
936 2976 1189 3027 efficiunt.
1212 2977 1306 3028 Eo.

411 3073 459 3106 α.
488 3057 541 3109 V
536 3054 590 3107 el
614 3067 897 3120 accusator,
931 3054 1012 3106 vel
1039 3056 1186 3107 testis.
1213 3057 1342 3107 Cer-

340 3147 451 3186 tum
493 3149 571 3188 est
606 3136 694 3189 hic
730 3136 894 3189 relata
934 3137 1094 3188 fuisse
1131 3136 1337 3205 singula

342 3212 557 3283 singulis
568 3252 586 3279 ‚
605 3213 671 3266 de
691 3214 885 3287 quibus
902 3217 956 3268 in
977 3216 1127 3266 initio
1150 3213 1340 3266 Decla-

341 3293 584 3344 mationis
598 3316 610 3345 z
622 3292 835 3366 Alioqui
849 3295 944 3346 ista
965 3294 1162 3345 ratione
1177 3302 1226 3343 et
1243 3291 1338 3344 ine

339 3368 437 3442 qui
474 3381 733 3421 nocentem
769 3371 1059 3437 accusavit,
1099 3383 1196 3422 etc.
1233 3369 1337 3422 Sed

333 3446 473 3500 illud
504 3441 847 3514 vel'vt‘deam,
879 3448 1024 3522 quod
1057 3468 1121 3501 eo
1154 3447 1338 3501 referri

312 3545 317 3550 ’
335 3543 634 3603 oporteret,
654 3543 705 3583 et
725 3529 815 3583 ille
832 3532 923 3605 qui
943 3528 1204 3583 adulteros
1227 3549 1338 3582 ma·

333 3609 443 3663 ritis
462 3609 722 3680 prodidit,
750 3610 873 3681 quid
898 3608 1054 3681 plane
1078 3608 1337 3679 significet

332 3689 539 3756 ignoro.
562 3688 797 3740 Meminit
819 3701 961 3740 certe
980 3686 1337 3754 Quintilianus

333 3767 638 3837 hujusloci,
653 3769 745 3822 lib.
764 3771 883 3834 Vll,
901 3787 1019 3839 cap.
1033 3767 1085 3833 3,
1102 3769 1131 3839 5
1146 3768 1334 3820 ὃτι-333

340 3872 366 3896 ι·
386 3851 505 3901 Haec
531 3851 698 3903 finitio
731 3864 811 3904 est
847 3851 1167 3904 accusatoris
1195 3872 1207 3902 ε
1242 3853 1339 3902 Per

340 3955 365 3978 a
385 3951 542 4003 quem
558 3933 659 3984 fact
667 3952 755 3984 um
771 3947 875 4001 est,
892 3945 952 3984 ut
967 3934 1081 4004 quis
1098 3933 1305 4002 perierit
1319 3961 1337 3999 ς

339 4033 363 4057 ιι
383 4027 546 4062 causa
562 4012 740 4063 mortis
753 4026 831 4064 est
850 4034 861 4063 :
878 4013 955 4063 rei
971 4024 1047 4062 est
1063 4032 1075 4061 :
1093 4013 1197 4078 Qui
1212 4011 1337 4063 fecit

336 4116 361 4139 ι
383 4089 512 4162 quid
526 4092 726 4158 sciens,
740 4112 836 4164 per
844 4091 991 4165 quod
1004 4092 1209 4144 homini
1222 4111 1340 4163 per-

337 4193 360 4216 «
378 4172 457 4223 ire
498 4188 720 4223 necesse
759 4186 914 4226 esset.
958 4173 1179 4224 Remota
1221 4169 1339 4222 fini-

337 4272 362 4297 ·
382 4251 561 4314 tione,
591 4253 886 4305 accusatori
912 4264 995 4304 sat
1021 4262 1101 4303 est
1128 4248 1336 4303 dicere:

544 4339 595 4392 6.

1429 2683 1451 2706 ι
1471 2661 1642 2713 Causa
1656 2665 1839 2714 mortis
1855 2664 2024 2715 fuistis
2040 2683 2053 2713 ε
2071 2681 2166 2733 per
2180 2681 2271 2714 vos
2286 2664 2424 2713 enim

1430 2761 1452 2785 αι
1474 2741 1672 2791 factum
1687 2752 1793 2806 est,
1813 2754 1871 2792 ut
1885 2741 2046 2792 homo
2067 2742 2284 2810 periret,
2302 2743 2425 2812 quia

1432 2839 1453 2863 a
1475 2819 1578 2869 nisi
1611 2836 1702 2871 vos
1739 2819 1869 2870 illu'd
1902 2820 2187 2884 fecissetis,
2210 2821 2420 2872 viveret.

1428 2920 1451 2944 οι
1471 2901 1695 2965 Contra,
1715 2919 1825 2951 non
1846 2901 2020 2952 statim
2035 2917 2131 2969 per
2146 2917 2303 2970 quem
2318 2901 2424 2953 fac-

1426 2992 1577 3030 «tum
1604 2993 1709 3045 est,
1733 2995 1792 3032 ut
1815 2983 1933 3052 quis
1957 2982 2181 3052 periret,
2205 2981 2249 3032 is
2273 2980 2425 3032 dam-

1426 3079 1449 3103 «
1470 3058 1583 3109 uari
1607 3056 1799 3125 debet,
1824 3072 1883 3110 ut
1911 3071 2215 3123 accusator,
2246 3060 2422 3124 testis,

1424 3160 1445 3183 a
1459 3139 1623 3209 Judex
1645 3141 1720 3190 rei
1740 3139 1996 3211 capitalis.
2019 3140 2132 3190 Nec
2154 3140 2425 3192 undecun-

1424 3236 1446 3262 ι
1467 3235 1571 3287 que
1604 3234 1766 3267 causa
1801 3216 1979 3281 fluxit,
2010 3215 2084 3267 ibi
2115 3217 2276 3289 culpa
2306 3233 2385 3271 est
2405 3241 2420 3270 ε

1423 3316 1445 3338 ιι
1465 3305 1525 3344 ut
1556 3294 1600 3344 si
1626 3295 1714 3344 cui
1742 3296 1858 3364 quis
1885 3294 2269 3364 profectionem
2302 3315 2423 3349 sua-

1422 3396 1445 3419 «
1465 3375 1617 3440 serit,
1634 3373 1723 3426 aut
1737 3377 1962 3426 amicum
1979 3376 2264 3428 amessierit
2280 3391 2421 3430 trans

1425 3477 1447 3500 α
1468 3474 1639 3520 mare,
1661 3470 1714 3508 et
1732 3456 1774 3506 is
1793 3456 2067 3526 naufragio
2088 3459 2327 3527 perierit:
2355 3460 2423 3511 ad
2475 3483 2480 3488 ·

1423 3557 1445 3582 ιι
1467 3553 1670 3589 coenam
1704 3537 1932 3589 invitarit
1946 3574 1962 3600 ‚
2001 3551 2052 3589 et
2087 3539 2130 3588 is
2163 3539 2420 3591 cruditate

1422 3637 1446 3663 ι
1466 3614 1573 3666 illic
1612 3627 1880 3666 eontracta
1917 3614 2222 3680 decesserit,
2266 3629 2366 3667 etc.
2394 3640 2416 3664 n

1418 3694 1551 3743 Fieri
1562 3711 1690 3743 vero
1706 3707 1905 3764 potest,
1922 3707 1978 3744 ut
1997 3711 2157 3763 quum
2174 3695 2247 3743 ita
2264 3694 2424 3762 scrip-

1418 3787 1703 3838 tumesset,
1731 3774 1813 3824 vel
1833 3783 2122 3833 accusator,
2151 3771 2234 3823 vel
2261 3772 2420 3839 testis,

1419 3853 1691 3925 veljudex,
1717 3853 1769 3904 iu
1787 3853 2021 3922 margine
2040 3850 2229 3919 aliquis
2252 3848 2422 3902 adno-

1420 3943 1608 3996 tasset,
1629 3929 1743 3981 vide
1763 3948 1832 3980 an
1861 3928 2040 3992 index,
2063 3925 2206 3999 quod
2227 3930 2282 3979 in
2307 3944 2422 3981 tex-

1416 4024 1528 4063 tum
1537 4012 1820 4082 irrepserit.
1839 4012 1941 4060 Aut
1952 4010 2156 4060 sancita
2168 4006 2425 4080 legamus,

1418 4090 1501 4144 vel
1514 4090 1714 4162 judex,
1742 4087 1827 4140 vel
1857 4089 2030 4144 index.
2060 4089 2233 4159 Atque
2267 4093 2424 4147 etiam

1417 4171 1508 4223 illo
1539 4170 1659 4221 loco
1688 4168 2001 4236 Quintiliani
2031 4166 2236 4221 mallem
2267 4169 2423 4223 index

1419 4249 1494 4302 rei
1515 4247 1779 4322 capitalis,
1806 4268 1961 4324 quam
1969 4248 2151 4322 judex.
