3200 5117
725 511 1558 578 DECLAMATIONES.
1605 514 2157 581 CCCLXXXII.
2307 518 2421 587 501

1184 780 2240 804 mmmmm-'mmm
2246 784 2430 805 m

1028 964 1747 1064 cchxxxu.

927 1216 1389 1315 Tyrannicida
1423 1215 1788 1287 conductus
1807 1229 1853 1285 ¹.

336 1417 549 1477 Cusus
580 1439 774 1480 ortas
804 1438 1125 1479 namus
1157 1439 1396 1480 occrsus
1425 1440 1650 1480 ruam-r
1676 1438 1980 1479 nmmum
2011 1437 2217 1477 pern.
2245 1418 2427 1479 Dives

418 1534 634 1589 senex,
678 1512 1121 1575 adolescentem
1163 1516 1488 1576 robustum
1529 1516 1596 1575 in
1636 1514 2121 1597 tyrannicidium
2163 1518 2427 1598 pecunia

420 1607 572 1667 data
614 1609 942 1671 conduxit:
993 1610 1214 1671 occidit
1257 1611 1607 1673 adolescens
1650 1626 2023 1693 tyrannum:
2072 1624 2306 1673 certant
2349 1612 2429 1673 de

422 1725 703 1787 praemio.
2228 1720 2238 1729 ·

1034 1844 1730 1911 DECLAMATIO.

447 1999 717 2070 CUJUS²
754 1998 1030 2071 OPERA?
1090 2000 1360 2098 inquit:
1410 2028 1691 2100 operam
1736 2020 1903 2099 puto
1939 1998 2187 2071 laboris
2237 2025 2418 2090 esse,

340 2111 602 2211 praelii,
647 2139 1025 2185 armorum.
1064 2116 1215 2203 Tu,
1260 2142 1473 2213 quam
1512 2115 1683 2186 dicis
1723 2113 2049 2213 operam?
2092 2112 2362 2185 consilii
2402 2141 2418 2184 ε

340 2228 537 2326 atqui
562 2255 804 2319 nemo,
837 2249 928 2327 ut,
943 2230 1297 2329 proposuit
1327 2231 1457 2301 sibi
1485 2229 2021 2327 tyrannicidium
2041 2287 2059 2319 ,
2090 2229 2421 2301 continuo

340 2342 783 2441 tyrannicida
814 2364 915 2415 est
949 2370 963 2414 :
1000 2364 1203 2415 tuum
1244 2342 1469 2441 ipsum
1506 2343 1873 2414 consilium
1914 2342 2085 2442 quid
2118 2343 2421 2442 profuis-

339 2479 446 2531 set
485 2458 656 2530 citra
700 2485 990 2532 manum
1031 2459 1309 2531 meam?
1351 2462 1540 2557 Ergo
1565 2485 1847 2558 operam
1885 2458 1993 2530 lex
2033 2457 2366 2530 desiderat
2401 2486 2416 2528 :

339 2572 501 2645 ideo
547 2595 819 2647 tantum
862 2575 1177 2648 concedit
1217 2575 1588 2673 praemium
1631 2575 1880 2673 :atqui
1929 2574 1984 2645 si
2028 2573 2172 2646 haec
2212 2600 2420 2672 opera

339 2709 472 2779 est,
496 2716 622 2787 ego
642 2690 967 2789 pugnavi.
991 2689 1125 2761 Sed
1141 2717 1299 2788 ego,
1316 2690 1576 2791 inquit,
1592 2690 1921 2762 conduxi:
1948 2711 2149 2790 puta,
2167 2715 2417 2787 nempe

341 2802 765 2894 conduxisti,
819 2825 895 2876 ut
940 2806 1373 2904 tyrannicida
1418 2833 1678 2897 essem,
1727 2827 2088 2904 tamquam
2140 2805 2194 2877 si
2245 2831 2417 2876 con-

341 2917 680 3008 duxisses,
706 2940 784 2991 ut
804 2918 1158 3018 gladiator,
1183 2942 1306 2993 aut
1320 2921 1558 2994 histrio
1583 2948 1836 3010 essem3
1867 2921 1922 2992 si
1946 2918 2413 3008 conduxisses,

341 3051 426 3102 ut
465 3030 828 3104 hominem
872 3033 1249 3106 occiderem
1287 3062 1302 3105 ε
1352 3061 1607 3132 nempe
1653 3054 1724 3106 et
1763 3060 1889 3132 ego
1929 3054 2212 3105 tenerer.
2255 3034 2417 3104 Non

341 3167 466 3218 tua
497 3168 738 3246 sponte
761 3148 1309 3246 tyrannicidium
1341 3149 1576 3221 fecisti.
1602 3150 1748 3247 Age
1765 3205 1784 3238 ,
1820 3149 1875 3219 si
1903 3147 2213 3219 hortatus
2241 3173 2414 3220 esses

343 3260 418 3331 in
446 3263 1021 3359 tyrannicidium,
1048 3264 1416 3363 praemium
1442 3264 1746 3364 peteres?
1763 3263 1881 3336 sed
1906 3283 1981 3335 tu
2005 3289 2118 3335 me
2140 3284 2415 3361 propter

341 3376 735 3449 mercedem
776 3398 972 3450 tuam
1004 3400 1202 3478 putas
1240 3378 1780 3477 tyrannicidium
1819 3374 2097 3449 fecisse?
2142 3395 2412 3447 tantum

345 3490 674 3562 meritum
711 3496 1145 3566 mercenariae
1179 3521 1399 3595 operae
1433 3493 1774 3595 imputas?
1805 3495 1964 3565 Non
2003 3513 2102 3564 est
2129 3491 2415 3564 humilis

343 3606 632 3704 pectoris
671 3606 1054 3682 libertatem
1101 3611 1459 3711 publicam
1500 3638 1738 3710 capere
1761 3608 1812 3679 3.
1869 3609 2144 3681 Etenim
2194 3608 2251 3679 si
2296 3627 2413 3677 tua

420 3827 464 3861 1.
500 3811 849 3880 Tyrannicida
885 3814 1174 3868 conductum.
1205 3814 1336 3867 Vide
1417 3817 1474 3868 ld
1502 3828 1611 3883 est,
1641 3817 1863 3881 sentire,
1886 3812 2205 3884 intelligere,
2228 3811 2413 3881 quanti

340 3889 629 3943 Declamat.
654 3891 933 3945 CCCXLV.
1413 3899 1568 3968 pretii
1599 3898 1665 3949 sit
1700 3896 1930 3947 libertas.
1980 3895 2160 3945 Senec.
2195 3889 2406 3944 Hei-enh

415 3986 462 4022 2.
504 3969 688 4040 Opera.
723 3971 799 4022 lta
831 3973 885 4022 in
927 3971 1159 4043 legibus,
1195 3976 1336 4044 cujus
1413 3977 1630 4029 Furem.
1659 3974 1790 4040 4¹²³
1822 3995 1845 4019 ιι
1864 3976 1976 4025 Hoc
2004 3974 2177 4044 ipsum
2202 3969 2409 4042 placet,

342 4067 467 4121 ope,
496 4050 710 4103 consilio
725 4089 742 4117 ,
768 4065 866 4104 etc.
899 4051 932 4103 1.
967 4070 1027 4104 ιο
1044 4092 1061 4119 ,
1087 4054 1147 4104 ff.
1178 4052 1248 4104 ad
1275 4055 1331 4104 L.
1420 4074 1442 4098 a
1461 4054 1653 4105 Animo
1682 4053 1857 4104 ruinas
1882 4050 2025 4121 quod
2051 4050 2408 4121 oapismagno

341 4130 445 4181 Jnl.
465 4133 667 4203 Majest.
691 4133 933 4199 14‚adL.
954 4133 1058 4186 Jul.
1082 4133 1150 4186 de
1172 4134 1332 4186 adult.
1421 4158 1443 4182 ιι
1463 4149 1597 4187 tuas.
1622 4157 1642 4179 n
1671 4134 1803 4185 Vide
1826 4133 2000 4185 Heius.
2033 4131 2102 4183 ad
2126 4129 2276 4183 Ovid.
2303 4129 2407 4182 Re-

415 4209 463 4260 3.
501 4211 806 4263 libertatem
838 4211 1106 4283 publicam
1140 4231 1332 4284 capere.
1413 4212 1554 4266 med.
1595 4213 1729 4281 3925
1774 4223 1826 4264 et
1858 4209 2084 4265 Casaub.
2126 4206 2197 4261 ad
2234 4208 2405 4280 Spart.
