3200 5117
856 499 1697 572 DECLAMATIONES.
1742 504 2010 573 CCCV.
2351 524 2477 583 217

1259 972 1611 1050 CCCV.

681 1202 969 1277 Exsules
993 1230 1037 1275 α
1069 1203 1276 1275 divite
1299 1228 1615 1302 puynare
1647 1206 1828 1275 inter
1853 1229 1921 1274 se
1953 1207 2197 1275 coacti.

394 1402 687 1463 Exsuum
738 1424 925 1466 mnu
975 1424 1148 1465 rmsss
1195 1422 1645 1464 neruntnsum
1691 1422 1909 1464 men-r
1954 1422 2270 1464 ocenum.
2316 1403 2488 1463 Duos

477 1522 771 1584 pauperes
822 1500 991 1562 dives
1036 1501 1322 1561 inimicos
1375 1519 1518 1560 suos
1569 1500 1980 1582 imprudentis
2029 1499 2210 1560 caedis
2235 1513 2248 1540 ¹
2303 1499 2487 1582 quin-

477 1599 736 1678 quennii
759 1596 973 1659 exsilio
1001 1597 1348 1669 damnatos,
1374 1598 1537 1658 intra
1566 1594 1719 1657 fines
1742 1595 2178 1680 deprehensos,
2197 1596 2488 1658 dimicare

479 1698 638 1756 inter
672 1717 763 1771 se,
800 1697 959 1757 datis
988 1695 1244 1776 gladiis,
1276 1696 1508 1776 coegit:
1546 1695 1926 1756 commortui
1961 1706 2136 1755 sunt:
2167 1709 2489 1755 accusatur

480 1792 694 1875 injusti
717 1793 1023 1876 supplicii.

1094 1964 1793 2030 DECLAMATIO.

499 2121 646 2193 Nisi
677 2121 1059 2221 praecipua,
1087 2123 1395 2226 judices,
1425 2123 1895 2224 impotentiae²
1928 2123 2242 2223 voluptas
2270 2122 2492 2196 diviti-

402 2232 536 2306 bus
566 2235 938 2325 videretur,
972 2257 1052 2308 ut
1081 2238 1451 2311 sceleribus
1474 2239 1623 2312 suis
1652 2240 1866 2313 etiam
1895 2239 2311 2339 glorientur3
2336 2241 2492 2311 fue-
2561 2303 2573 2314 .

401 2372 509 2422 rat
550 2352 721 2424 tanti
771 2352 1328 2426 miserrimorum
1375 2355 1641 2427 civium
1690 2356 1913 2455 perire
1955 2355 2333 2427 vindictam
2360 2411 2380 2445 ‚
2432 2354 2490 2428 si

402 2466 614 2564 possit
638 2487 894 2558 tacere,
917 2468 1038 2565 qui
1059 2469 1227 2542 fecit
1248 2470 1431 2573 qhaec
1459 2471 1649 2541 enim
1680 2490 1781 2543 est
1808 2470 2022 2542 exacti
2057 2468 2292 2569 injusti
2326 2495 2494 2568 sup-

402 2583 586 2681 plicii
618 2585 985 2657 manifesta
1012 2586 1302 2687 injuria,
1331 2587 1523 2685 quod
1555 2587 1981 2686 excogitavit,
2017 2588 2371 2684 quomodo
2404 2587 2491 2658 ab

405 2699 703 2773 inimicis
728 2726 912 2773 mors
934 2701 1341 2801 exigeretur,
1365 2722 1435 2773 et
1457 2702 1623 2802 ipsis
1642 2702 2124 2802 imputaretur.
2147 2702 2493 2774 Homines

404 2814 806 2891 innocentes
832 2874 852 2908 ,
899 2846 1126 2916 quum
1177 2818 1674 2893 damnarentur
1719 2847 2001 2920 quoque
2018 2818 2073 2912 ³,
2125 2818 2491 2894 confestim

485 3026 528 3062 1.
556 3012 901 3084 Imprudentis
928 3015 1090 3068 coedt‘s.
1134 3018 1258 3069 Inst.
1280 3017 1405 3081 vll,
1483 3015 1642 3067 facile
1679 3014 1942 3086 intelliges
1974 3034 2084 3067 non
2123 3033 2280 3086 posse
2317 3027 2492 3079 stare,

410 3088 476 3155 4,
502 3088 568 3155 43
597 3112 609 3141 :
651 3113 672 3136 α
692 3094 750 3144 In
791 3094 1156 3164 conjecturam
1189 3112 1407 3165 quoque
1487 3113 1605 3165 quae
1624 3113 1654 3145 a
1675 3094 1852 3146 fronte
1872 3108 1979 3159 est,
1996 3092 2327 3165 particulam.
2349 3092 2492 3157 Quin

416 3191 438 3213 α
460 3167 641 3221 eadem
654 3173 854 3242 species
870 3176 1030 3241 cadit,
1048 3191 1212 3245 quum
1225 3191 1411 3244 perpo-
1487 3176 1697 3247 scripsit
1729 3188 1950 3227 auctor:
1990 3174 2166 3243 Quum
2199 3172 2490 3244 precipua,

415 3271 439 3293 ⁴·
459 3262 552 3301 tuo
573 3288 590 3316 ,
622 3268 689 3301 an
716 3253 1126 3327 quinquennali,
1161 3256 1227 3308 sit
1251 3252 1408 3305 exilio
1471 3252 1704 3326 judices,
1725 3251 2044 3324 impotentia!
2065 3249 2301 3324 voluptas
2320 3251 2493 3304 diviti-

413 3349 437 3375 ·
457 3328 785 3399 multandus,
809 3333 864 3383 in
889 3337 1301 3387 controversiam
1322 3350 1411 3383 ve·
1489 3331 1576 3383 bus
1592 3330 1842 3396 videatur,
1865 3340 1925 3381 ut
1938 3328 2202 3383 sceleribus
2216 3331 2319 3384 suis
2334 3331 2490 3384 etiam

413 3431 435 3453 ι
456 3410 620 3462 uerit:
645 3429 774 3463 num
794 3412 1030 3484 prudens
1048 3412 1246 3466 caedem
1263 3430 1414 3463 com·
1485 3409 1803 3485 qlorientur3
1819 3409 2002 3481 [κεναὶ
2022 3411 2182 3476 tanti,
2203 3424 2303 3463 etc.
2323 3411 2490 3464 Grion.

413 3509 435 3533 a
456 3489 651 3542 miserit
666 3530 684 3558 ,
707 3494 970 3564 quaeritur.
992 3515 1014 3538 ι
1050 3493 1284 3546 Omnino
1316 3509 1411 3543 co-
1488 3491 1609 3543 Nisi
1620 3506 1702 3561 pr.
1708 3509 1758 3561 J
1781 3488 1834 3539 t'n
1850 3489 2086 3562 potentia
2103 3486 2365 3563 voluptas,
2382 3489 2490 3540 ΛΞΓ.

403 3569 556 3638 piose
583 3568 650 3622 de
678 3569 761 3623 his
789 3570 1028 3641 legibuS,
1056 3573 1148 3643 qui
1175 3570 1413 3623 exsulem
1569 3568 1622 3620 3.
1668 3566 1919 3619 Homines
1963 3568 2255 3622 innocentes
2269 3606 2289 3634 ‚
2333 3584 2494 3638 qutun

409 3647 541 3697 intra
555 3646 686 3701 fines
702 3647 1092 3720 deprehensum
1108 3649 1314 3721 possint
1329 3666 1414 3699 oc·
1490 3644 1877 3710 damnarentur,
1893 3664 2110 3720 quoque.
2129 3645 2308 3699 AErod.
2329 3661 2494 3716 quum

412 3725 586 3779 cidere
600 3764 618 3793 ,
643 3749 799 3801 quem
818 3769 833 3795 ,
866 3745 918 3783 et
947 3730 1161 3802 quando
1178 3768 1195 3796 ,
1227 3729 1378 3781 Plato
1393 3767 1411 3798 ,
1490 3727 1796 3794 damnasset,
1808 3726 2336 3799 utrosqueconfestim.
2351 3720 2496 3775 Alios

409 3802 502 3856 lib.
530 3806 603 3858 lx
624 3805 690 3859 de
712 3808 933 3882 legibus.
960 3810 1142 3861 AEnon.
1495 3810 1568 3861 ait
1594 3807 1759 3861 velle:
1788 3826 1953 3880 quum
1981 3808 2381 3869 damnarentur,
2414 3821 2497 3857 eos

486 3903 534 3937 2.
559 3886 620 3937 N
620 3888 680 3941 isi
693 3891 983 3964 praecipua‚
991 3889 1196 3964 judices
1204 3927 1222 3956 ‚
1246 3890 1418 3960 impo-
1495 3907 1701 3963 quoque
1718 3910 1734 3939 .·
1761 3886 1921 3953 alios,
1944 3888 2237 3939 innocentes
2257 3881 2495 3938 condem·

410 3965 601 4019 tentioe.
627 3968 748 4019 Non
772 3968 859 4021 hic
885 3982 1092 4021 tantum
1116 3986 1305 4040 parum
1334 3968 1416 4019 in-
1495 3979 1677 4032 natos,
1719 3977 1972 4038 utrosque.
2017 3967 2128 4036 Ego
2170 3965 2225 4014 in
2263 3961 2345 4020 his
2386 3980 2496 4016 non

412 4044 621 4101 tellecta
649 4062 727 4102 est
753 4049 844 4103 illa
873 4052 1005 4102 ratio
1033 4048 1322 4121 loquendi,
1344 4059 1419 4101 est
1496 4048 1685 4101 haereo.
1732 4047 1975 4118 Intelligo
2022 4047 2162 4099 enim
2208 4045 2497 4098 innocentes

410 4131 548 4182 tanti
564 4167 582 4194 ,
627 4130 1075 4204 quemadmodum
1119 4129 1243 4183 alibi
1285 4129 1416 4183 dixi-
1496 4148 1732 4204 quoque,
1774 4148 1936 4202 quum
1977 4130 2367 4194 dmnnarentur,
2406 4128 2497 4200 qui

409 4227 544 4264 mus·
593 4211 694 4265 Sed
746 4213 791 4266 si
841 4232 956 4266 eam
999 4212 1137 4266 bene
1182 4214 1416 4285 ceperis,
1496 4211 1651 4264 codis
1693 4207 2041 4282 imprudentis
2081 4223 2206 4263 sunt
2243 4208 2494 4262 damnati.
