3200 5117
676 581 1513 648 DECLAMATIONES.
1560 583 2013 649 CCXLVIII.
2306 604 2378 667 :tr

339 697 610 774 dicerem
644 726 1003 805 tamquam
1035 706 1122 776 de
1151 731 1266 794 eo,
1304 703 1392 776 ad
1423 730 1635 803 quem
1669 704 1774 776 lex
1797 706 2196 804 pertineret,
2232 732 2383 804 quae

339 813 567 887 caedem
585 818 1100 919 imprudentem
1114 818 1492 890 damnaret:
1514 818 1621 890 lex
1637 821 1983 915 quomodo
1999 819 2390 893 constituit?

338 928 799 1010 {amouimus
828 955 1054 1009 cAEms
1079 955 1474 1008 muns-rus
1499 954 2011 1023 QmNQunnmo
2039 957 2381 1009 ExsuLET.

334 1045 501 1118 Nihil
528 1076 682 1123 mea
716 1051 1036 1142 interest,
1070 1078 1160 1123 an
1194 1050 1600 1151 imprudens
1631 1049 1981 1123 occiderit:
2013 1081 2156 1126 non
2193 1054 2385 1126 enim

325 1155 602 1255 justitia¹
643 1166 1097 1238 constitutum
1131 1185 1264 1256 est,
1301 1186 1381 1237 ut
1420 1165 1544 1264 qui
1579 1163 1987 1263 imprudens
2019 1166 2341 1238 occiderit
2363 1222 2382 1253 ,

330 1276 791 1378 quinquennio
809 1282 1095 1355 exsulet:
1116 1283 1235 1355 sed
1255 1282 1378 1380 qui
1397 1281 1596 1352 caedis
1615 1280 1981 1352 damnatus
2001 1282 2391 1381 impruden·

327 1388 400 1461 tis
421 1390 531 1484 sit,
560 1397 1053 1496 quinquennio
1078 1396 1360 1469 exsulet.
1402 1394 1788 1466 Hominem
1817 1394 2037 1466 occidi
2060 1394 2134 1466 in
2160 1394 2391 1466 exsilio

327 1505 584 1584 fortasse
610 1512 1056 1611 imprudens;
1081 1510 1409 1583 constitui
1433 1528 1667 1581 tamen
1689 1510 1993 1608 oportuit
2008 1511 2095 1581 ab
2122 1510 2388 1608 impru-

298 1623 508 1698 ‘dente
534 1656 679 1701 esse
708 1629 1054 1702 occisum:
1082 1654 1255 1699 nam
1281 1625 1542 1723 quoties
1564 1625 1820 1722 aliquis
1850 1626 2242 1699 interfectus
2267 1647 2384 1713 est,

317 1737 504 1811 antid
531 1741 892 1838 quaeritur,
918 1767 1008 1811 an
1031 1740 1324 1811 omnino
1347 1737 1747 1811 interfectus
1767 1739 1850 1811 sit
1869 1740 1957 1811 ab
1983 1766 2063 1811 eo
2082 1795 2101 1829 ,
2127 1738 2248 1836 qui
2270 1766 2384 1811 ar-

316 1852 565 1948 guitur3
597 1875 719 1925 aut
742 1853 815 1925 id
835 1909 855 1940 ,
885 1879 979 1923 an
1003 1853 1093 1921 ab
1116 1850 1569 1949 imprudente,
1588 1874 1706 1925 aut
1720 1880 1844 1952 per
1863 1854 2381 1954 imprudentem

312 1965 388 2038 sit
402 1967 835 2040 interfectus:
854 1963 971 2037 hic
987 1961 1269 2063 quidem
1292 1986 1558 2036 certum
1577 1993 1717 2039 esse
1738 1968 2183 2067 pronunciari
2201 1996 2387 2068 opor-

308 2083 460 2153 tuit:
492 2107 647 2152 non
675 2079 882 2151 modo
902 2078 1196 2150 alterum
1220 2079 1784 2178 quinquennium
1806 2083 2046 2155 debuit
2068 2083 2233 2182 legi,
2264 2084 2383 2156 sed

303 2216 717 2294 perpetuam
745 2219 939 2293 paene
966 2219 1264 2292 poenam.
1306 2193 1780 2291 Imprudentis
1810 2196 2013 2267 caedis
2036 2196 2381 2288 damnari,

307 2335 523 2408 genus
545 2307 994 2392 absolutionis
1008 2326 1135 2379 est:
1162 2305 1293 2378 hoc
1310 2306 1412 2378 illi
1440 2334 1585 2379 non
1604 2309 1926 2406 contigit:
1960 2310 2385 2386 remittamus

305 2443 536 2498 tamen
554 2423 628 2494 in
642 2423 1004 2522 praesentia
1021 2442 1418 2520 perpetuam
1438 2448 1720 2519 poenam
1741 2449 1756 2491 :
1786 2422 1869 2493 de
1891 2420 2012 2493 illo
2033 2422 2187 2518 quis
2203 2423 2388 2495 dubi-

305 2538 502 2630 tabit,
541 2564 688 2609 non
724 2563 920 2636 posse
954 2563 1115 2608 eum
1154 2534 1507 2625 damnari,
1546 2536 1684 2608 nisi
1716 2558 1869 2635 post
1905 2558 2208 2609 exactam
2233 2536 2386 2639 jam

306 2652 770 2753 quinquennii
787 2650 1045 2752 proprii
1060 2615 1374 2749 poenssm?
1388 2652 1766 2750 Fingamus
1782 2652 1878 2723 illi
1895 2653 2387 2752 quinquennio

308 2791 575 2868 peracto
595 2769 820 2841 redire
839 2767 1112 2839 licuisse
1133 2794 1147 2837 z
1170 2767 1471 2840 accusari
1498 2788 1647 2841 tum
1670 2769 1996 2860 debebat,
2021 2790 2173 2841 tum
2200 2770 2386 2843 dam-

308 2886 475 2975 nari,
502 2911 724 2983 quum
742 2884 818 2955 in
832 2880 1129 2954 alterum
1157 2881 1725 2981 quinquennium
1747 2883 2024 2956 abiisset
2046 2912 2060 2956 ε
2082 2906 2170 2972 et,
2193 2912 2380 2982 rogo,

310 3002 475 3098 quid
506 3001 786 3073 interest
808 3000 996 3072 idem
1026 2999 1205 3071 istud
1222 3055 1241 3088 ,
1273 3027 1412 3097 quo
1445 3020 1755 3098 tempore
1780 3001 1993 3072 exsilii
2023 2998 2296 3072 fecerit?
2314 3001 2384 3071 Si

316 3134 578 3210 peracto
596 3113 751 3216 jam
772 3112 1261 3212 quinquennio
1276 3170 1294 3203 ,
1317 3113 1528 3184 autin
1551 3115 1691 3185 fine
1712 3135 1888 3208 certe
1916 3112 2383 3210 quinquennii

320 3225 667 3300 hominem
704 3255 823 3327 per
855 3227 1405 3327 imprudentiam
1436 3228 1824 3314 occidisset,
1851 3254 2023 3298 num
2047 3227 2379 3320 dubium,

321 3341 492 3439 quin
510 3344 698 3415 vobis
717 3344 1199 3416 confitentibus
1218 3343 1509 3415 alterum
1534 3343 2099 3443 quinquennium
2122 3344 2246 3416 erit
2266 3345 2390 3417 de-

316 3453 629 3528 biturus?
643 3455 921 3530 itabene
938 3455 1039 3529 illi
1058 3457 1278 3549 cessit,
1296 3457 1484 3557 quod
1499 3456 1866 3529 hominem
1882 3457 2074 3531 citius
2090 3458 2356 3530 occidit.

383 3643 428 3677 ι.
452 3625 581 3678 Non
606 3626 972 3700 enimjustitia.
1000 3630 1167 3699 Lege,
1197 3645 1305 3679 non
1391 3651 1414 3674 ι
1430 3628 1528 3693 sis,
1553 3645 1711 3698 quam
1736 3626 1964 3700 denique
1997 3627 2195 3680 civitati
2216 3626 2389 3696 legem

308 3705 445 3756 enim
473 3705 547 3758 ita
579 3706 912 3759 constitutum
949 3720 1036 3758 est.
1069 3706 1303 3759 Gnouov.
1391 3728 1413 3751 α
1434 3707 1753 3758 constituere
1789 3706 1987 3759 velitis:
2016 3728 2038 3752 υ
2086 3717 2137 3756 et
2185 3706 2256 3754 ita
2301 3700 2388 3754 ille

309 3787 511 3839 -Non
530 3787 669 3839 enim
678 3790 805 3861 jure
836 3791 912 3841 ita
935 3807 979 3840 c.
1004 3787 1308 3840 Senotr.—
1385 3785 1588 3856 saepius.
1625 3783 1753 3835 Infr.
1792 3784 1937 3836 nect.
1971 3782 2184 3836 OCLIV,
2226 3801 2248 3825 κ
2267 3782 2390 3833 Non

307 3866 417 3935 Ego
459 3865 666 3918 mallem
697 3886 817 3919 enm
855 3865 1158 3930 Obrechto‚
1196 3884 1304 3918 non
1392 3884 1415 3908 ι
1428 3865 1550 3933 jure
1576 3879 1748 3927 novo,
1771 3860 1864 3914 sed
1883 3875 2057 3913 vetere
2078 3870 2238 3928 atque
2262 3855 2389 3909 olim

307 3943 446 3994 enim
460 3946 554 4016 jus
576 3946 647 3995 ita
679 3947 1014 3997 constitutum
1034 3966 1049 3993 .-
1074 3946 1149 3995 ita
1170 3945 1307 3995 enim
1395 3963 1417 3986 σι
1439 3941 1729 3991 constituto
1758 3956 1993 3991 reversus
2024 3949 2117 3988 est.
2137 3958 2159 3980 ι
2193 3937 2256 3987 Et
2288 3936 2389 3988 De-

304 4024 498 4094 passim
540 4022 672 4078 JCti.
714 4025 820 4078 vid.
859 4025 896 4079 l.
932 4043 983 4095 9.
1026 4025 1088 4075 ff.
1123 4023 1191 4076 de
1225 4025 1312 4076 ln·
1389 4021 1544 4073 clam.
1570 4020 1847 4073 CCLVIII:
1877 4043 1900 4066 a·
1920 4037 2045 4072 sane
2072 4019 2144 4069 ita
2168 4019 2233 4069 sit
2254 4036 2385 4069 con-

307 4103 410 4154 stit.
431 4115 482 4154 et
495 4106 604 4173 jur.
630 4116 683 4155 et
702 4104 848 4158 alibi.
874 4104 1042 4158 Cicer.
1072 4121 1171 4175 pro
1199 4102 1310 4155 Cae-
1389 4105 1573 4157 stituta
1591 4100 1691 4153 lex.
1715 4124 1738 4148 n
1763 4100 1829 4151 Et
1856 4102 1910 4152 in
1928 4098 2009 4152 his
2035 4098 2388 4153 Declamatio-

307 4181 407 4231 cin.
428 4180 575 4232 XIV:
605 4180 852 4248 -Videte,
872 4179 1021 4255 quod
1032 4183 1121 4252 jus
1136 4181 1310 4247 nobis,
1386 4181 1543 4234 nibus
1576 4181 1776 4232 centies
1808 4177 1913 4231 hoc
1948 4178 2163 4231 verbum
2201 4175 2394 4229 consti-

310 4280 332 4302 ιι
352 4276 512 4329 quam
553 4259 917 4313 conditionem
942 4259 1201 4314 vobismet
1226 4260 1307 4333 ip-
1390 4273 1530 4316 tuere
1555 4281 1621 4315 eo
1648 4279 1804 4315 sensu
1832 4262 2079 4314 occurrit.
2103 4260 2273 4310 Bona.
