3200 5117
765 566 1597 637 DECLAMATIONES.
1646 568 2050 633 CCCXXX.
2322 572 2450 662 339

367 724 511 771 non
535 694 871 767 meretrici
905 690 1102 764 dedi:
1141 691 1210 761 in
1237 690 1368 762 hoc
1396 685 1589 762 enim
1610 747 1628 780 ,
1660 710 1737 762 ut
1764 690 2040 788 opinor,
2072 691 2297 764 oinnis
2321 694 2454 766 cri-

369 811 660 885 minatio
695 810 906 882 divisa
937 827 1034 880 est
1065 806 1309 907 patri5‚
1345 805 1534 904 quod
1570 826 1863 877 matrem
1892 805 2183 878 aluerim
2207 865 2226 899 ,
2261 811 2453 907 quod

368 928 623 1017 talem,
665 925 852 1025 quod
905 944 1090 1022 patre
1137 922 1519 1020 ignorante.
1567 921 1781 1011 Quod
1828 919 1924 993 sic
1971 943 2266 996 matrem
2308 927 2453 998 alui
2520 1007 2527 1012 ‚

369 1042 730 1139 (blandior
756 1039 927 1113 mihi
953 1038 1087 1111 adh
1101 1065 1184 1111 uc
1203 1094 1223 1127 ,
1254 1041 1519 1137 pater),
1554 1057 1698 1109 erat
1725 1037 1912 1134 quod
1944 1036 2018 1107 in
2048 1065 2161 1109 me
2186 1039 2456 1115 laudari

371 1180 628 1258 posset,
658 1157 711 1231 si
740 1156 1004 1255 aliquid
1037 1156 1435 1257 objiceres¹:
1473 1153 1705 1250 itaque
1739 1154 2214 1227 defensionem
2246 1156 2458 1257 hujus

371 1274 574 1371 partis
606 1272 999 1374 jucundam
1042 1269 1435 1368 praeteribo,
1480 1293 1569 1338 ne
1613 1295 1829 1366 quam
1867 1270 2187 1367 quaesisse
2225 1272 2460 1344 videar

369 1387 841 1476 occasionem,
878 1411 1015 1483 qua
1045 1384 1128 1454 de
1163 1385 1336 1454 meis
1369 1382 1696 1454 laudibus
1722 1382 2059 1481 loquerer.
2095 1385 2229 1458 Sed
2263 1414 2462 1486 repu-

370 1502 634 1575 diatam
684 1523 917 1573 tamen
964 1498 1251 1570 crimine
1296 1495 1616 1568 adulterii
1658 1496 1841 1568 alui:
1892 1498 2048 1570 satis
2089 1521 2232 1572 erat
2278 1501 2458 1576 mihi
2557 1521 2563 1526 '

371 1615 819 1715 respondere,
843 1613 1150 1714 judices3
1183 1610 1376 1682 Istud
1408 1609 1892 1710 qualecunque
1927 1632 2066 1702 est,
2102 1613 2189 1685 ad
2229 1604 2459 1689 filium

372 1756 514 1802 non
552 1729 887 1826 pertinet:
924 1725 1156 1796 mariti
1195 1751 1421 1798 mores
1459 1725 1837 1816 excutiant,
1868 1727 2095 1799 mariti
2136 1731 2462 1803 severita-

374 1865 514 1917 tem
563 1843 994 1914 desiderent:
1044 1840 1283 1912 liberis
1326 1840 1487 1913 satis
1531 1863 1669 1932 est,
1715 1843 1901 1939 quod
1950 1845 2097 1915 nati
2144 1867 2324 1918 sunt.
2373 1850 2464 1920 Et

376 1958 696 2031 hercule²
736 1957 1006 2029 facilius
1046 1956 1223 2028 mihi
1259 1957 1660 2028 vindicandi
1700 1980 1994 2057 potestas
2022 1958 2109 2031 ab
2139 1960 2288 2059 ipso
2324 1962 2461 2034 cri-

375 2074 569 2146 mine
602 2094 735 2161 est,
770 2073 955 2171 quod
995 2097 1136 2143 non
1172 2092 1271 2144 est
1310 2071 1692 2171 litigatum,
1728 2101 1870 2145 non
1914 2095 2013 2146 est
2048 2077 2417 2174 quaesitum
2441 2133 2461 2169 ,

377 2215 519 2261 non
550 2211 648 2260 est
671 2188 1212 2289 pronunciatum
1236 2246 1255 2278 ,
1288 2187 1738 2260 maledictum
1767 2190 2015 2280 fuerit,
2045 2216 2134 2260 an
2164 2191 2461 2281 crimem

377 2303 755 2376 constantia
790 2324 1006 2375 mater
1033 2303 1444 2394 discesserit,
1474 2329 1562 2374 an
1590 2305 2036 2393 verecundia3
2066 2331 2205 2376 una
2229 2325 2292 2376 te
2320 2333 2462 2377 sus-

376 2420 589 2517 picio,
610 2445 701 2491 an
721 2438 905 2490 certa
923 2417 1155 2515 aliqua
1176 2418 1489 2516 probatio
1509 2418 1595 2489 ad
1620 2417 1751 2489 hoc
1770 2417 2068 2490 duxerit:
2094 2418 2168 2489 in
2191 2442 2464 2491 utrum-

376 2559 512 2634 que
558 2559 673 2606 me
715 2534 887 2606 ratio
936 2534 1169 2608 ducit:
1222 2534 1487 2634 aliquid
1531 2534 1803 2606 audisse
1846 2556 1913 2607 te
1955 2535 2203 2607 credo:
2250 2563 2463 2635 repu-

448 2782 493 2819 1.
529 2764 589 2817 Si
624 2764 833 2838 aliquid
868 2766 1117 2839 olficeres.
1157 2766 1215 2818 Sa·
1244 2766 1380 2819 alius

374 2847 622 2919 objiceret.
649 2848 866 2900 sonum.
897 2848 974 2898 Ni
998 2847 1204 2919 aliquid
1230 2844 1383 2898 aliud

379 2928 611 2999 objiceres
629 2965 645 2991 ,
689 2928 866 2980 AErod.
903 2958 975 2967 —
1013 2928 1183 2992 Illores
1223 2946 1379 2978 exeu-

380 3003 531 3055 ciant.
552 3007 720 3056 Mores
733 3023 949 3058 uxorum
968 3008 1258 3069 excutiant,
1276 3007 1377 3057 ὧν.

452 3101 499 3138 2.
533 3086 603 3139 Et
632 3087 850 3138 hercule.
883 3086 953 3138 At
986 3085 1382 3155 hmule‚faci·

381 3161 484 3216 lior
517 3164 652 3216 mihi
675 3165 991 3238 judicandi,
1026 3178 1127 3214 etc.
1161 3164 1379 3216 Senum.

379 3271 450 3282 —-
471 3245 593 3297 Non
622 3257 692 3296 est
715 3245 1139 3315 pronunciatum.
1167 3243 1246 3294 An
1273 3262 1380 3294 ma-

377 3334 460 3373 ter
492 3339 605 3374 inea
637 3321 880 3375 adultera
915 3324 1099 3388 fuerit,
1133 3321 1224 3373 sed
1259 3323 1382 3373 sim-

378 3398 602 3471 plictter,
622 3416 674 3453 et
695 3403 845 3472 qnasi
868 3400 1157 3452 domestico
1175 3398 1380 3470 judicio

379 3480 483 3533 hoc
525 3484 737 3535 nornine
779 3481 1052 3553 repudiata
1097 3495 1211 3542 est,
1253 3493 1381 3531 tam-

380 3576 541 3630 qnam
582 3559 854 3623 adultera,
887 3575 940 3611 et
976 3575 1138 3612 eausa
1174 3557 1382 3629 adjecta

379 3638 717 3708 impudicitia!
733 3661 746 3690 z
769 3652 989 3711 propter
1001 3659 1175 3693 mores
1188 3641 1385 3709 gravio-

381 3735 495 3781 res,
518 3731 577 3768 nt
599 3718 768 3788 inquit
794 3719 1050 3790 Ulpianus
1078 3720 1157 3769 tit.
1189 3718 1255 3769 de
1281 3717 1382 3768 do-

381 3793 544 3849 tibus.
577 3797 758 3847 AEuon.
789 3825 862 3837 -—-
897 3798 1190 3850 Constantia
1221 3807 1389 3846 mater

380 3874 687 3937 &cesserim
715 3895 786 3926 an
813 3877 1135 3928 verecundia.
1171 3873 1381 3926 Scribe:

381 3956 697 4009 conse-sentia
721 3969 891 4009 mater
913 3957 1197 4010 discesserit.
1225 3954 1385 4024 Quod

382 4034 551 4107 culpo
601 4035 702 4088 sibi
751 4038 967 4089 conscia
1019 4050 1173 4089 esset.
1219 4040 1386 4090 (ἕπου.

381 4117 753 4170 Pei-mutantur
784 4134 925 4170 certe
957 4116 1068 4169 haec
1097 4117 1205 4170 duo
1233 4137 1391 4171 voca-

383 4193 510 4247 bula
546 4200 705 4250 etiam
743 4201 798 4248 in
835 4196 1070 4249 Dechm.
1113 4197 1285 4260 xvu,
1322 4215 1389 4267 9,

385 4289 440 4327 et
459 4274 546 4330 hic
569 4281 832 4351 optimum
854 4295 1066 4332 sensnm
1087 4278 1248 4332 habet
1269 4297 1390 4333 ωπ-

1455 2766 1696 2830 scientia,
1723 2784 1888 2836 quare
1912 2778 1964 2817 et
1991 2763 2292 2820 Obrechtus
2322 2784 2465 2819 rece-

1457 2849 1551 2917 pit.
1573 2846 1693 2896 vid.
1729 2845 1795 2898 ad
1827 2846 1977 2898 Decl.
2010 2848 2060 2911 1,
2096 2864 2143 2916 7.
2168 2878 2240 2887 -—
2270 2848 2384 2899 Una
2418 2858 2465 2918 te

1456 2925 1690 2993 suspicio.
1710 2925 1822 2975 Vox
1843 2936 1980 2976 certa
2001 2944 2114 2995 quae
2135 2928 2373 2995 sequitur
2394 2944 2470 2976 re·

1460 3006 1620 3074 quirit
1654 3008 2007 3070 contrariam,
2036 3025 2149 3078 qum
2182 3021 2260 3059 est
2296 3027 2463 3075 vana,

1460 3096 1519 3134 ut
1557 3082 1838 3152 legendum
1878 3098 2044 3156 puto:
2088 3104 2211 3136 nam
2248 3105 2377 3137 unu<
2413 3098 2466 3137 et

1461 3179 1626 3213 vanus
1666 3164 1861 3230 passim
1906 3176 2290 3232 permutantur.
2334 3164 2465 3217 Vide

1461 3238 1955 3292 Drakenborcliium
1991 3254 2233 3293 nostrum
2272 3243 2337 3295 ad
2371 3243 2461 3295 Sil.

1459 3321 1526 3384 V,
1553 3318 1678 3369 126:
1714 3321 1789 3370 sic
1817 3333 1948 3389 puto
1976 3333 2027 3371 et
2056 3319 2200 3389 apud
2225 3322 2460 3390 Livium,

1460 3395 1550 3447 lib.
1597 3397 1766 3462 xxn,
1808 3397 1906 3466 39,
1948 3397 2228 3468 legendum
2252 3421 2263 3449 :
2307 3423 2328 3445 a
2350 3402 2463 3453 Nec

1465 3497 1487 3520 ιι
1508 3474 1770 3544 gloriandi
1825 3488 2032 3546 teinpus
2084 3477 2330 3532 adversus
2376 3499 2467 3530 va-

1467 3574 1639 3607 cnum
1675 3568 1771 3607 est.
1794 3578 1816 3601 ι
1850 3555 1951 3608 [bi
1984 3577 2125 3610 nunc
2162 3579 2325 3611 unum
2364 3563 2466 3611 cir-

1463 3639 1778 3699 cumfusum-3
1805 3638 1947 3708 apud
1966 3641 2201 3692 Curtium
2223 3658 2467 3711 quoqne,

1462 3715 1556 3767 lib.
1582 3717 1671 3780 lv,
1702 3716 1790 3782 14,
1813 3717 2016 3769 scribo:
2049 3740 2071 3764 σι
2093 3720 2224 3770 Nam
2247 3717 2469 3769 Alexan-

1471 3819 1493 3843 ·
1511 3796 1623 3861 der,
1643 3810 2086 3870 quantuscunque
2104 3801 2304 3868 ignavis
2328 3811 2379 3849 et
2406 3799 2469 3848 ti-

1467 3902 1494 3926 «
1514 3876 1666 3929 nidis
1700 3877 1867 3930 videri
1897 3892 2103 3949 potest,
2131 3897 2321 3930 vanum
2357 3880 2467 3931 ani-

1471 3981 1493 4004 ·
1515 3957 1618 4008 mal
1634 3969 1730 4020 est,
1740 3970 1793 4009 et
1809 3959 1852 4009 si
1864 3956 1994 4027 qnid
2010 3957 2136 4010 mihi
2150 3956 2383 4018 creditis,
2396 3972 2468 4009 te-

1473 4059 1496 4083 ·
1519 4052 1801 4086 mererium
1822 4049 1874 4087 et
1892 4055 2105 4088 vecors:
2128 4060 2151 4084 ο
2178 4053 2283 4088 non
2304 4055 2465 4089 unum

1467 4116 1689 4169 animal.
1715 4119 1910 4169 Contra
1932 4121 1987 4170 in
2011 4117 2242 4170 Declam.
2270 4118 2348 4184 X,
2380 4135 2467 4187 n,

1469 4197 1776 4252 Obrechtns
1796 4217 1897 4269 pro
1916 4218 2051 4252 vana
2072 4200 2229 4264 ratio,
2250 4200 2471 4270 rescrip-

1469 4282 1564 4347 sit,
1587 4298 1710 4333 una.
1736 4281 1902 4333 Bou.

2136 4385 2218 4422 22.
