3200 5117
704 534 832 599 216
1201 532 1296 597 M.
1344 478 2286 613 FABn-QUINTILIANI

592 735 599 742 J
701 657 983 754 dignior
1018 683 1173 729 sum
1207 655 1525 755 praemio,
1566 681 1780 751 quam
1810 676 1884 726 tu
1915 683 1929 726 :
1970 682 2083 726 me
2115 657 2259 728 viro
2296 657 2470 728 forte
2506 653 2797 753 contigit

702 773 1015 861 victoria3
1050 793 1114 844 te
1148 771 1499 843 sacerdote
1532 769 1913 841 admissum
1943 771 2403 869 sacrilegium.
2441 773 2795 843 Hactenus

704 888 790 958 de
821 886 1168 986 personis:
1208 905 1640 956 transeamus
1669 883 1758 955 ad
1789 883 2147 982 optionem
2168 898 2185 928 ¹
2213 909 2228 954 ε
2258 911 2384 982 ego
2413 884 2626 957 hodie
2651 886 2798 984 pri-

702 1030 906 1075 mum
928 1024 1122 1103 opto,
1150 1024 1225 1073 tu
1247 1002 1354 1073 bis
1375 1001 1622 1100 optasti
1643 1031 1661 1090 3
1698 1020 1768 1071 et
1787 1027 1914 1098 ego
1936 1000 2184 1073 melius
2202 1016 2227 1045 ²
2252 1022 2413 1100 opto
2435 1001 2796 1074 desertoris

703 1138 997 1190 mortem
1019 1174 1038 1206 ‚
1067 1143 1281 1215 quam
1312 1137 1385 1187 tu
1408 1116 1616 1186 vitam
1644 1114 1992 1213 sacrilegi:
2028 1115 2340 1188 sacerdos
2358 1173 2378 1204 ,
2407 1137 2619 1189 castra
2642 1117 2798 1189 viu-

704 1232 895 1320 dico;
932 1232 1116 1302 disce
1154 1252 1224 1303 tu
1251 1230 1603 1302 vindicare
1636 1228 1914 1328 templa.
1948 1230 2142 1320 Quid
2163 1286 2181 1319 ‚
2217 1230 2273 1301 si
2304 1250 2536 1302 contra
2564 1232 2794 1329 legem

701 1346 918 1445 petis?
952 1347 1161 1418 unius
1189 1347 1397 1418 vitam
1419 1344 1569 1446 jam
1604 1365 1706 1417 ter
1734 1345 1997 1444 optasti.
2033 1347 2449 1445 Comparavi
2484 1345 2796 1445 publicas

700 1459 1105 1561 personas-³:
1155 1488 1330 1532 num
1374 1458 1820 1559 comparem?
1865 1481 1940 1531 tu
1982 1481 2174 1561 optas
2216 1488 2620 1558 uunquam,
2656 1461 2793 1532 uisi

701 1578 790 1650 de
835 1577 1104 1665 alieno;
1155 1602 1281 1676 ego
1333 1576 1419 1648 de
1463 1602 1643 1647 meo,
1691 1575 2146 1673 Quamquam
2191 1577 2364 1674 quid
2409 1576 2582 1648 mihi
2629 1602 2794 1647 cum

701 1691 899 1790 lege?
940 1691 1112 1763 dum
1158 1718 1247 1763 ne
1286 1691 1515 1762 veniat
1554 1690 1826 1762 adulter
1867 1689 2022 1780 ille,
2069 1690 2189 1762 ille
2230 1690 2635 1788 sacrilegus,
2682 1688 2795 1760 ille

704 1808 1005 1880 desertor
1046 1808 1121 1879 in
1166 1827 1444 1907 penates
1486 1805 1722 1878 meos?
1753 1807 1957 1896 sciet,
1999 1827 2262 1906 quanto
2292 1806 2572 1878 meliore
2609 1826 2794 1905 patre

704 1942 911 1993 natus
938 1923 1058 2010 sit,
1095 1948 1307 2019 quam
1340 1922 1649 1993 inimico.
1686 1922 2031 2020 Armiger,
2068 1922 2157 1994 da
2186 1920 2535 2020 gladium3
2576 1920 2799 1992 vindi-

703 2035 875 2108 cabo
904 2063 1064 2135 ergo
1102 2036 1302 2108 illum
1335 2036 1708 2128 maritum,
1736 2035 2104 2108 vindicabo
2139 2035 2484 2134 templum
2519 2062 2534 2105 :
2572 2034 2796 2132 legem

705 2151 932 2224 habeo
965 2173 1031 2223 et
1058 2151 1181 2223 viri
1211 2152 1404 2224 fortis
1434 2173 1498 2224 et
1530 2152 1762 2250 patris.
1795 2155 2248 2224 Innocentem
2280 2152 2508 2223 filium
2539 2150 2795 2240 habui,

705 2285 862 2336 ante
892 2263 1101 2366 hujus
1129 2267 1588 2338 sacerdotium
1618 2295 1631 2338 ε
1659 2267 1789 2339 sub
1821 2267 1946 2339 isto
1972 2265 2282 2366 primum
2314 2265 2606 2366 expilata
2631 2286 2801 2337 tem-

703 2377 868 2477 pla:
916 2381 1220 2451 furorem
1265 2380 1397 2452 hoc
1424 2380 1704 2481 juvenis
1742 2380 1883 2451 mei
1923 2379 2299 2478 putabam3
2337 2379 2597 2452 fiducia
2634 2398 2796 2451 erat.

707 2495 1018 2567 Multum
1050 2517 1181 2586 est,
1225 2496 1442 2586 dices,
1486 2495 1707 2568 colere
1743 2477 2046 2594 teinpla:
2085 2494 2285 2594 plus*
2323 2517 2555 2568 tamen
2587 2496 2799 2567 susti-

706 2637 912 2702 nere,
947 2610 1365 2685 incendere4
1395 2612 1703 2684 hostium
1739 2612 2024 2710 templa.
2058 2615 2203 2684 Cur
2232 2612 2455 2702 enim,
2489 2611 2545 2682 si
2581 2609 2794 2707 quid-

709 2754 923 2825 quam
969 2746 1086 2798 tua
1128 2749 1285 2799 vota
1325 2727 1736 2826 proficiunt,
1779 2726 1998 2800 cliens
2039 2731 2210 2800 tuus
2240 2725 2576 2799 deseruit?
2609 2724 2792 2796 Mihi

711 2842 1002 2914 debetur
1026 2844 1390 2942 praemium
1410 2900 1428 2933 ‚
1457 2843 1649 2944 quod
1673 2843 1968 2943 petiero:
1999 2870 2283 2942 possum
2308 2863 2374 2915 et
2394 2863 2585 2914 tuam
2606 2868 2797 2915 mor·
2895 2876 2906 2880 ·

710 2978 855 3030 tem
874 2988 892 3047 3
928 2984 1210 3056 possum
1242 2958 1369 3030 tibi
1405 2960 1679 3031 auferre
1709 2958 2195 3031 sacerdotium.

786 3159 832 3194 1.
862 3142 951 3195 Ad
960 3119 1289 3215 opinionem.
1314 3145 1403 3198 Ad
1421 3146 1712 3219 optionem,
1793 3160 2016 3217 uterque
2045 3148 2256 3218 proemio
2285 3150 2434 3218 petit.
2472 3127 2798 3198 Deoiamatio

713 3221 893 3274 AErod.
921 3223 1119 3276 Schult.
1147 3239 1198 3277 et
1223 3224 1475 3279 Obrecht.
1502 3257 1573 3266 —
1596 3225 1716 3278 Pri·
1794 3225 2124 3278 CCLXXIV:
2175 3247 2197 3270 α
2218 3223 2470 3277 Nondum
2509 3242 2620 3276 rem
2657 3241 2799 3274 com·

689 3301 856 3350 ‘mum
881 3314 1021 3372 opto.
1046 3304 1329 3355 Proemium
1355 3314 1477 3376 opto
1499 3305 1716 3358 deserto-
1801 3329 1822 3351 ι
1842 3325 1995 3378 paro.
2019 3331 2039 3353 ι
2068 3305 2231 3359 Gnou.
2266 3336 2328 3348 ·—-
2351 3306 2509 3379 Erqo.
2543 3307 2655 3378 Bip.
2687 3324 2799 3378 eqo.

710 3379 783 3430 ris
804 3391 1019 3431 mortem
1037 3405 1053 3433 .-
1079 3384 1207 3455 quid
1226 3387 1316 3435 tu?
1332 3384 1493 3435 vitam
1518 3385 1718 3438 saerile-
1867 3387 1915 3451 4.
1945 3384 2076 3438 Plus
2109 3397 2283 3436 tamen
2316 3385 2593 3451 sustinere,
2627 3384 2800 3435 incen-

713 3458 798 3532 9ἱ,
826 3458 1005 3510 AEwd·
1795 3467 1927 3518 dere.
1964 3465 2236 3519 AErodius:
2270 3465 2516 3518 sustinere
2552 3466 2800 3536 impetum

791 3557 838 3591 2.
864 3535 935 3591 Ee
958 3559 1050 3612 eqo
1075 3541 1275 3594 melius.
1297 3543 1411 3618 qu
1429 3543 1576 3598 miles
1593 3563 1642 3596 o.
1663 3546 1715 3597 d.
1798 3547 2238 3601 hostium.'l'amen
2255 3545 2394 3600 male
2406 3547 2634 3600 cobaeret
2654 3544 2799 3617 quod

712 3637 785 3671 m.
812 3632 870 3671 tu
889 3621 1047 3672 vitam
1071 3621 1309 3696 sacrileqi
1329 3623 1571 3677 sacerdos.
1602 3626 1717 3678 Cas·
1796 3630 2052 3699 sequitur.
2084 3632 2268 3682 Forte:
2301 3627 2420 3701 plus
2453 3641 2623 3680 tamen
2654 3628 2800 3678 susti·

712 3710 823 3768 tra,
848 3715 946 3754 etc.
974 3702 1103 3754 Obr.
1156 3767 1162 3784 ,
1799 3726 1947 3772 nem,
1983 3726 2047 3759 ne
2080 3707 2364 3758 incendant
2394 3705 2553 3759 hostes
2585 3703 2798 3776 templa.

787 3780 838 3832 3.
869 3782 1177 3854 Compar-avi
1195 3782 1427 3854 publicas
1445 3799 1717 3853 personas.-
1798 3789 2030 3840 (ἔλουον.
2070 3788 2197 3841 Plus
2230 3798 2487 3840 certamen
2523 3788 2799 3850 sustinere,

718 3866 846 3910 num
890 3862 1225 3933 comparem?
1266 3861 1546 3915 AErodius:
1581 3882 1720 3914 nunc
1800 3866 2054 3920 Obrecht.
2089 3868 2216 3919 Plus
2245 3880 2417 3920 tamen
2445 3885 2504 3918 ea
2528 3866 2799 3928 sustinere,

716 3942 945 4012 privatas
967 3961 1276 4014 comparem.
1305 3941 1484 3996 Scribe
1506 3948 1686 4016 potius
1707 3965 1719 3994 τ
1798 3946 1920 4016 plus
1931 3947 2200 4022 incendere
2211 3969 2230 4007 ;
2244 3944 2353 4010 vel,
2367 3945 2492 4017 plus
2508 3955 2679 3996 tamen
2694 3959 2803 3994 nos·

712 4038 862 4073 mmo
874 4026 1184 4094 comparabo
1199 4042 1303 4076 mm
1317 4048 1332 4076 .-
1353 4043 1509 4096 quam
1521 4025 1724 4078 scilicet
1801 4035 1882 4076 tm
1902 4028 2162 4078 sustinere.
2191 4025 2411 4078 Senum.

1625 4271 1902 4289 σοι*
