<?xml version="1.0" encoding="UTF-8"?>
<!DOCTYPE html PUBLIC "-//W3C//DTD XHTML 1.0 Transitional//EN"
    "http://www.w3.org/TR/xhtml1/DTD/xhtml1-transitional.dtd">
<html xmlns="http://www.w3.org/1999/xhtml" xml:lang="en" lang="en">
 <head>
  <title>
</title>
<meta http-equiv="Content-Type" content="text/html;charset=utf-8" />
  <meta name='ocr-system' content='tesseract 3.04.00' />
  <meta name='ocr-capabilities' content='ocr_page ocr_carea ocr_par ocr_line ocrx_word'/>
</head>
<body>
  <div class='ocr_page' id='page_1' title='image "./deinstitutioneo00flacgoog_0561.png"; bbox 0 0 3200 5117; ppageno 0'>
   <div class='ocr_carea' id='block_1_1' title="bbox 796 564 2424 657">
    <p class='ocr_par' dir='ltr' id='par_1_1' title="bbox 796 564 2424 657">
     <span class='ocr_line' id='line_1_1' title="bbox 796 564 2424 657; baseline 0.002 -23"><span class='ocrx_word' id='word_1_1' title='bbox 796 564 1644 634; x_wconf 82' lang='lat' dir='ltr'><strong>DECLAMATIONES.</strong></span> <span class='ocrx_word' id='word_1_2' title='bbox 1692 568 1966 633; x_wconf 84' lang='lat' dir='ltr'><strong>XVIII.</strong></span> <span class='ocrx_word' id='word_1_3' title='bbox 2301 572 2424 657; x_wconf 84' lang='lat'><strong>557</strong></span> 
     </span>
    </p>
   </div>
   <div class='ocr_carea' id='block_1_2' title="bbox 319 689 2433 1594">
    <p class='ocr_par' dir='ltr' id='par_1_2' title="bbox 319 689 2433 1594">
     <span class='ocr_line' id='line_1_2' title="bbox 323 689 2429 792; baseline 0.001 -32"><span class='ocrx_word' id='word_1_4' title='bbox 323 717 459 788; x_wconf 88' lang='lat' dir='ltr'><strong>per</strong></span> <span class='ocrx_word' id='word_1_5' title='bbox 499 717 580 762; x_wconf 86' lang='lat' dir='ltr'><strong>ex</strong></span> <span class='ocrx_word' id='word_1_6' title='bbox 619 716 738 781; x_wconf 91' lang='lat' dir='ltr'><strong>eo,</strong></span> <span class='ocrx_word' id='word_1_7' title='bbox 783 690 940 763; x_wconf 90' lang='lat' dir='ltr'><strong>licet</strong></span> <span class='ocrx_word' id='word_1_8' title='bbox 981 689 1261 780; x_wconf 87' lang='lat' dir='ltr'><strong>tacitus,</strong></span> <span class='ocrx_word' id='word_1_9' title='bbox 1303 689 1659 786; x_wconf 77' lang='lat' dir='ltr'><strong>ingemui,</strong></span> <span class='ocrx_word' id='word_1_10' title='bbox 1699 708 1765 759; x_wconf 93' lang='lat' dir='ltr'><strong>et</strong></span> <span class='ocrx_word' id='word_1_11' title='bbox 1805 712 2276 789; x_wconf 89' lang='lat' dir='ltr'><strong>opportunum</strong></span> <span class='ocrx_word' id='word_1_12' title='bbox 2310 691 2429 792; x_wconf 87' lang='lat' dir='ltr'><strong>jus</strong></span> 
     </span>
     <span class='ocr_line' id='line_1_3' title="bbox 323 804 2428 908; baseline 0.002 -31"><span class='ocrx_word' id='word_1_13' title='bbox 323 808 784 880; x_wconf 83' lang='lat' dir='ltr'><strong>restitutionis</strong></span> <span class='ocrx_word' id='word_1_14' title='bbox 817 807 1062 907; x_wconf 86' lang='lat' dir='ltr'><strong>optavi.</strong></span> <span class='ocrx_word' id='word_1_15' title='bbox 1101 806 1435 879; x_wconf 89' lang='lat' dir='ltr'><strong>Restituet</strong></span> <span class='ocrx_word' id='word_1_16' title='bbox 1459 804 1656 877; x_wconf 88' lang='lat' dir='ltr'><strong>vobis</strong></span> <span class='ocrx_word' id='word_1_17' title='bbox 1692 805 1867 877; x_wconf 85' lang='lat' dir='ltr'><strong>filios</strong></span> <span class='ocrx_word' id='word_1_18' title='bbox 1895 809 2257 880; x_wconf 83' lang='lat' dir='ltr'><strong>auctoritas</strong></span> <span class='ocrx_word' id='word_1_19' title='bbox 2288 835 2428 908; x_wconf 91' lang='lat' dir='ltr'><strong>pu-</strong></span> 
     </span>
     <span class='ocr_line' id='line_1_4' title="bbox 321 920 2430 1021; baseline 0.002 -29"><span class='ocrx_word' id='word_1_20' title='bbox 321 921 557 1013; x_wconf 87' lang='lat' dir='ltr'><strong>blica,</strong></span> <span class='ocrx_word' id='word_1_21' title='bbox 591 944 956 1021; x_wconf 79' lang='lat' dir='ltr'><strong>tamquam</strong></span> <span class='ocrx_word' id='word_1_22' title='bbox 999 921 1135 994; x_wconf 87' lang='lat' dir='ltr'><strong>alia</strong></span> <span class='ocrx_word' id='word_1_23' title='bbox 1178 942 1443 993; x_wconf 88' lang='lat' dir='ltr'><strong>natura.</strong></span> <span class='ocrx_word' id='word_1_24' title='bbox 1475 923 1739 992; x_wconf 88' lang='lat' dir='ltr'><strong>Vereor</strong></span> <span class='ocrx_word' id='word_1_25' title='bbox 1776 920 1962 1021; x_wconf 87' lang='lat' dir='ltr'><strong>jam,</strong></span> <span class='ocrx_word' id='word_1_26' title='bbox 1998 943 2217 1019; x_wconf 90' lang='lat' dir='ltr'><strong>patres</strong></span> <span class='ocrx_word' id='word_1_27' title='bbox 2263 950 2430 996; x_wconf 90' lang='lat' dir='ltr'><strong>con-</strong></span> 
     </span>
     <span class='ocr_line' id='line_1_5' title="bbox 322 1034 2428 1137; baseline 0.001 -29"><span class='ocrx_word' id='word_1_28' title='bbox 322 1037 566 1137; x_wconf 87' lang='lat' dir='ltr'><strong>scripti</strong></span> <span class='ocrx_word' id='word_1_29' title='bbox 581 1095 602 1127; x_wconf 76' lang='grc'>,</span> <span class='ocrx_word' id='word_1_30' title='bbox 626 1064 715 1109; x_wconf 92' lang='lat' dir='ltr'><strong>ne</strong></span> <span class='ocrx_word' id='word_1_31' title='bbox 741 1037 1112 1135; x_wconf 82' lang='lat' dir='ltr'><strong>sapientior</strong></span> <span class='ocrx_word' id='word_1_32' title='bbox 1132 1035 1445 1109; x_wconf 85' lang='lat' dir='ltr'><strong>videatur</strong></span> <span class='ocrx_word' id='word_1_33' title='bbox 1464 1054 1530 1105; x_wconf 90' lang='lat' dir='ltr'><strong>et</strong></span> <span class='ocrx_word' id='word_1_34' title='bbox 1547 1035 1794 1106; x_wconf 83' lang='lat' dir='ltr'><strong>certior</strong></span> <span class='ocrx_word' id='word_1_35' title='bbox 1814 1034 1929 1106; x_wconf 89' lang='lat' dir='ltr'><strong>ille</strong></span> <span class='ocrx_word' id='word_1_36' title='bbox 1951 1034 2428 1111; x_wconf 88' lang='lat' dir='ltr'><strong>abdicatorum</strong></span> 
     </span>
     <span class='ocr_line' id='line_1_6' title="bbox 320 1148 2432 1242; baseline -0 -18"><span class='ocrx_word' id='word_1_37' title='bbox 320 1172 610 1224; x_wconf 85' lang='lat' dir='ltr'><strong>senatus</strong></span> <span class='ocrx_word' id='word_1_38' title='bbox 632 1166 677 1222; x_wconf 91' lang='lat'><strong>¹.</strong></span> <span class='ocrx_word' id='word_1_39' title='bbox 700 1153 969 1242; x_wconf 82' lang='lat' dir='ltr'><strong>Fateor,</strong></span> <span class='ocrx_word' id='word_1_40' title='bbox 999 1171 1425 1222; x_wconf 87' lang='lat' dir='ltr'><strong>armatorum</strong></span> <span class='ocrx_word' id='word_1_41' title='bbox 1457 1149 1634 1220; x_wconf 87' lang='lat' dir='ltr'><strong>facie</strong></span> <span class='ocrx_word' id='word_1_42' title='bbox 1666 1176 1805 1219; x_wconf 91' lang='lat' dir='ltr'><strong>non</strong></span> <span class='ocrx_word' id='word_1_43' title='bbox 1841 1148 2182 1221; x_wconf 88' lang='lat' dir='ltr'><strong>immerito</strong></span> <span class='ocrx_word' id='word_1_44' title='bbox 2201 1149 2256 1241; x_wconf 73' lang='lat'><strong>*,</strong></span> <span class='ocrx_word' id='word_1_45' title='bbox 2295 1171 2432 1223; x_wconf 89' lang='lat' dir='ltr'><strong>ter-</strong></span> 
     </span>
     <span class='ocr_line' id='line_1_7' title="bbox 323 1260 2428 1362; baseline 0 -27"><span class='ocrx_word' id='word_1_46' title='bbox 323 1291 596 1336; x_wconf 45' lang='lat' dir='ltr'><strong>remur(</strong></span> <span class='ocrx_word' id='word_1_47' title='bbox 617 1264 811 1335; x_wconf 86' lang='lat' dir='ltr'><strong>enim</strong></span> <span class='ocrx_word' id='word_1_48' title='bbox 857 1290 982 1335; x_wconf 87' lang='lat' dir='ltr'><strong>sua</strong></span> <span class='ocrx_word' id='word_1_49' title='bbox 1030 1282 1274 1334; x_wconf 86' lang='lat' dir='ltr'><strong>morte.</strong></span> <span class='ocrx_word' id='word_1_50' title='bbox 1329 1260 1958 1351; x_wconf 84' lang='lat' dir='ltr'><strong>Quemadmodum</strong></span> <span class='ocrx_word' id='word_1_51' title='bbox 2006 1290 2286 1362; x_wconf 90' lang='lat' dir='ltr'><strong>possum</strong></span> <span class='ocrx_word' id='word_1_52' title='bbox 2329 1285 2428 1356; x_wconf 85' lang='lat' dir='ltr'><strong>te,</strong></span> 
     </span>
     <span class='ocr_line' id='line_1_8' title="bbox 320 1370 2433 1479; baseline -0.001 -26"><span class='ocrx_word' id='word_1_53' title='bbox 320 1370 435 1453; x_wconf 81' lang='lat' dir='ltr'><strong>ffli</strong></span> <span class='ocrx_word' id='word_1_54' title='bbox 481 1380 876 1468; x_wconf 81' lang='lat' dir='ltr'><strong>carissime,</strong></span> <span class='ocrx_word' id='word_1_55' title='bbox 919 1377 1027 1450; x_wconf 86' lang='lat' dir='ltr'><strong>vel</strong></span> <span class='ocrx_word' id='word_1_56' title='bbox 1070 1378 1143 1448; x_wconf 90' lang='lat' dir='ltr'><strong>in</strong></span> <span class='ocrx_word' id='word_1_57' title='bbox 1185 1396 1406 1448; x_wconf 91' lang='lat' dir='ltr'><strong>morte</strong></span> <span class='ocrx_word' id='word_1_58' title='bbox 1450 1376 1820 1466; x_wconf 85' lang='lat' dir='ltr'><strong>revocabo,</strong></span> <span class='ocrx_word' id='word_1_59' title='bbox 1871 1377 2166 1450; x_wconf 86' lang='lat' dir='ltr'><strong>inferam</strong></span> <span class='ocrx_word' id='word_1_60' title='bbox 2213 1378 2433 1479; x_wconf 90' lang='lat' dir='ltr'><strong>majo—</strong></span> 
     </span>
     <span class='ocr_line' id='line_1_9' title="bbox 319 1490 2430 1594; baseline -0.001 -27"><span class='ocrx_word' id='word_1_61' title='bbox 319 1522 498 1567; x_wconf 86' lang='lat' dir='ltr'><strong>rum</strong></span> <span class='ocrx_word' id='word_1_62' title='bbox 523 1493 888 1594; x_wconf 83' lang='lat' dir='ltr'><strong>sepulcris,</strong></span> <span class='ocrx_word' id='word_1_63' title='bbox 919 1513 986 1566; x_wconf 88' lang='lat' dir='ltr'><strong>et</strong></span> <span class='ocrx_word' id='word_1_64' title='bbox 1017 1492 1275 1592; x_wconf 77' lang='lat' dir='ltr'><strong>elogio,</strong></span> <span class='ocrx_word' id='word_1_65' title='bbox 1308 1490 1499 1588; x_wconf 91' lang='lat' dir='ltr'><strong>quod</strong></span> <span class='ocrx_word' id='word_1_66' title='bbox 1528 1492 1772 1591; x_wconf 86' lang='lat' dir='ltr'><strong>optasti</strong></span> <span class='ocrx_word' id='word_1_67' title='bbox 1795 1548 1813 1582; x_wconf 88' lang='lat'><strong>,</strong></span> <span class='ocrx_word' id='word_1_68' title='bbox 1847 1517 2106 1565; x_wconf 87' lang='lat' dir='ltr'><strong>nomen</strong></span> <span class='ocrx_word' id='word_1_69' title='bbox 2125 1506 2149 1537; x_wconf 84' lang='lat'>²</span> <span class='ocrx_word' id='word_1_70' title='bbox 2186 1492 2430 1565; x_wconf 86' lang='lat' dir='ltr'><strong>inscri-</strong></span> 
     </span>
    </p>
   </div>
   <div class='ocr_carea' id='block_1_3' title="bbox 322 1614 526 1684">
    <p class='ocr_par' dir='ltr' id='par_1_3' title="bbox 322 1614 526 1684">
     <span class='ocr_line' id='line_1_10' title="bbox 322 1614 526 1684; baseline -0.02 1"><span class='ocrx_word' id='word_1_71' title='bbox 322 1614 526 1684; x_wconf 88' lang='lat' dir='ltr'><strong>bam.</strong></span> 
     </span>
    </p>
   </div>
   <div class='ocr_carea' id='block_1_4' title="bbox 315 1793 1350 2344">
    <p class='ocr_par' dir='ltr' id='par_1_4' title="bbox 315 1793 1350 2344">
     <span class='ocr_line' id='line_1_11' title="bbox 331 1793 1343 1870; baseline -0.003 -20"><span class='ocrx_word' id='word_1_72' title='bbox 331 1825 356 1846; x_wconf 79' lang='grc' dir='ltr'>ι</span> <span class='ocrx_word' id='word_1_73' title='bbox 382 1812 474 1850; x_wconf 88' lang='lat' dir='ltr'><strong>tus</strong></span> <span class='ocrx_word' id='word_1_74' title='bbox 493 1835 512 1863; x_wconf 90' lang='lat'><strong>,</strong></span> <span class='ocrx_word' id='word_1_75' title='bbox 534 1811 689 1850; x_wconf 81' lang='lat' dir='ltr'><strong>tenax</strong></span> <span class='ocrx_word' id='word_1_76' title='bbox 706 1836 723 1863; x_wconf 89' lang='lat'>‚</span> <span class='ocrx_word' id='word_1_77' title='bbox 747 1809 848 1848; x_wconf 87' lang='lat' dir='ltr'><strong>etc.</strong></span> <span class='ocrx_word' id='word_1_78' title='bbox 871 1819 893 1842; x_wconf 78' lang='grc' dir='ltr'><strong>ιι</strong></span> <span class='ocrx_word' id='word_1_79' title='bbox 923 1797 1000 1849; x_wconf 91' lang='lat' dir='ltr'><strong>Ita</strong></span> <span class='ocrx_word' id='word_1_80' title='bbox 1025 1808 1079 1849; x_wconf 91' lang='lat' dir='ltr'><strong>et</strong></span> <span class='ocrx_word' id='word_1_81' title='bbox 1103 1793 1195 1848; x_wconf 77' lang='lat' dir='ltr'><strong>ille</strong></span> <span class='ocrx_word' id='word_1_82' title='bbox 1216 1812 1310 1870; x_wconf 69' lang='lat' dir='ltr'><strong>ego</strong></span> <span class='ocrx_word' id='word_1_83' title='bbox 1325 1832 1343 1860; x_wconf 91' lang='lat'><strong>,</strong></span> 
     </span>
     <span class='ocr_line' id='line_1_12' title="bbox 324 1875 1350 1947; baseline -0.005 -17"><span class='ocrx_word' id='word_1_84' title='bbox 324 1879 404 1930; x_wconf 87' lang='lat' dir='ltr'><strong>de</strong></span> <span class='ocrx_word' id='word_1_85' title='bbox 439 1895 545 1947; x_wconf 89' lang='lat' dir='ltr'><strong>quo</strong></span> <span class='ocrx_word' id='word_1_86' title='bbox 575 1876 644 1929; x_wconf 88' lang='lat' dir='ltr'><strong>ad</strong></span> <span class='ocrx_word' id='word_1_87' title='bbox 670 1875 821 1929; x_wconf 90' lang='lat' dir='ltr'><strong>Decl.</strong></span> <span class='ocrx_word' id='word_1_88' title='bbox 858 1875 1194 1930; x_wconf 83' lang='lat' dir='ltr'><strong>CCCLxxn.</strong></span> <span class='ocrx_word' id='word_1_89' title='bbox 1236 1875 1350 1926; x_wconf 80' lang='lat' dir='ltr'><strong>Ma-</strong></span> 
     </span>
     <span class='ocr_line' id='line_1_13' title="bbox 325 1956 1348 2029; baseline -0.003 -19"><span class='ocrx_word' id='word_1_90' title='bbox 325 1959 433 2010; x_wconf 85' lang='lat' dir='ltr'><strong>lim</strong></span> <span class='ocrx_word' id='word_1_91' title='bbox 453 1976 577 2009; x_wconf 80' lang='lat' dir='ltr'><strong>vero</strong></span> <span class='ocrx_word' id='word_1_92' title='bbox 612 1956 819 2028; x_wconf 73' lang='lat' dir='ltr'><strong>legere:</strong></span> <span class='ocrx_word' id='word_1_93' title='bbox 852 1975 946 2029; x_wconf 69' lang='lat' dir='ltr'><strong>ego</strong></span> <span class='ocrx_word' id='word_1_94' title='bbox 986 1956 1079 2009; x_wconf 80' lang='lat' dir='ltr'><strong>ille</strong></span> <span class='ocrx_word' id='word_1_95' title='bbox 1116 1956 1268 2008; x_wconf 81' lang='lat' dir='ltr'><strong>tristis</strong></span> <span class='ocrx_word' id='word_1_96' title='bbox 1297 1966 1348 2007; x_wconf 82' lang='lat' dir='ltr'><strong>et</strong></span> 
     </span>
     <span class='ocr_line' id='line_1_14' title="bbox 325 2036 1347 2109; baseline -0.006 -18"><span class='ocrx_word' id='word_1_97' title='bbox 325 2055 496 2091; x_wconf 69' lang='grc' dir='ltr'><strong>εει-επις</strong></span> <span class='ocrx_word' id='word_1_98' title='bbox 508 2054 668 2109; x_wconf 81' lang='lat' dir='ltr'><strong>quum</strong></span> <span class='ocrx_word' id='word_1_99' title='bbox 685 2036 994 2101; x_wconf 79' lang='lat' dir='ltr'><strong>abdicarem,</strong></span> <span class='ocrx_word' id='word_1_100' title='bbox 1007 2045 1158 2108; x_wconf 80' lang='lat' dir='ltr'><strong>pater</strong></span> <span class='ocrx_word' id='word_1_101' title='bbox 1174 2045 1347 2086; x_wconf 76' lang='lat' dir='ltr'><strong>tamen</strong></span> 
     </span>
     <span class='ocr_line' id='line_1_15' title="bbox 315 2115 1348 2189; baseline -0.003 -21"><span class='ocrx_word' id='word_1_102' title='bbox 315 2118 421 2189; x_wconf 79' lang='lat' dir='ltr'><strong>fui</strong></span> <span class='ocrx_word' id='word_1_103' title='bbox 431 2155 450 2183; x_wconf 89' lang='lat'><em>‚</em></span> <span class='ocrx_word' id='word_1_104' title='bbox 477 2129 577 2168; x_wconf 92' lang='lat' dir='ltr'><strong>etc.</strong></span> <span class='ocrx_word' id='word_1_105' title='bbox 604 2117 832 2181; x_wconf 75' lang='lat' dir='ltr'><strong>servavi,</strong></span> <span class='ocrx_word' id='word_1_106' title='bbox 856 2115 977 2168; x_wconf 86' lang='lat' dir='ltr'><strong>licet</strong></span> <span class='ocrx_word' id='word_1_107' title='bbox 1001 2134 1110 2167; x_wconf 90' lang='lat' dir='ltr'><strong>non</strong></span> <span class='ocrx_word' id='word_1_108' title='bbox 1134 2116 1348 2187; x_wconf 78' lang='lat' dir='ltr'><strong>profite-</strong></span> 
     </span>
     <span class='ocr_line' id='line_1_16' title="bbox 331 2196 1348 2266; baseline -0.003 -19"><span class='ocrx_word' id='word_1_109' title='bbox 331 2216 441 2260; x_wconf 85' lang='lat' dir='ltr'><strong>rer,</strong></span> <span class='ocrx_word' id='word_1_110' title='bbox 475 2197 709 2247; x_wconf 87' lang='lat' dir='ltr'><strong>animum</strong></span> <span class='ocrx_word' id='word_1_111' title='bbox 746 2208 1042 2266; x_wconf 86' lang='lat' dir='ltr'><strong>paternum.</strong></span> <span class='ocrx_word' id='word_1_112' title='bbox 1080 2196 1260 2247; x_wconf 84' lang='lat' dir='ltr'><strong>Posset</strong></span> <span class='ocrx_word' id='word_1_113' title='bbox 1295 2205 1348 2245; x_wconf 91' lang='lat' dir='ltr'><strong>et</strong></span> 
     </span>
     <span class='ocr_line' id='line_1_17' title="bbox 330 2273 1348 2344; baseline -0.006 -17"><span class='ocrx_word' id='word_1_114' title='bbox 330 2274 596 2327; x_wconf 83' lang='lat' dir='ltr'><strong>excidisse</strong></span> <span class='ocrx_word' id='word_1_115' title='bbox 615 2294 743 2340; x_wconf 73' lang='lat' dir='ltr'><strong>vox,</strong></span> <span class='ocrx_word' id='word_1_116' title='bbox 768 2287 820 2325; x_wconf 88' lang='lat' dir='ltr'><strong>et</strong></span> <span class='ocrx_word' id='word_1_117' title='bbox 842 2274 970 2344; x_wconf 77' lang='lat' dir='ltr'><strong>legi,</strong></span> <span class='ocrx_word' id='word_1_118' title='bbox 998 2273 1253 2342; x_wconf 76' lang='lat' dir='ltr'><strong>lacrymas</strong></span> <span class='ocrx_word' id='word_1_119' title='bbox 1275 2281 1348 2321; x_wconf 84' lang='lat' dir='ltr'><strong>ta·</strong></span> 
     </span>
    </p>
   </div>
   <div class='ocr_carea' id='block_1_5' title="bbox 307 2348 1343 2426">
    <p class='ocr_par' dir='ltr' id='par_1_5' title="bbox 307 2348 1343 2426">
     <span class='ocr_line' id='line_1_18' title="bbox 307 2348 1343 2426; baseline -0.008 -18"><span class='ocrx_word' id='word_1_120' title='bbox 307 2348 460 2407; x_wconf 69' lang='lat' dir='ltr'><strong>⁸men</strong></span> <span class='ocrx_word' id='word_1_121' title='bbox 470 2354 612 2426; x_wconf 82' lang='lat' dir='ltr'><strong>fudi.</strong></span> <span class='ocrx_word' id='word_1_122' title='bbox 637 2352 782 2405; x_wconf 83' lang='lat' dir='ltr'><strong>Flevi</strong></span> <span class='ocrx_word' id='word_1_123' title='bbox 800 2355 1000 2424; x_wconf 88' lang='lat' dir='ltr'><strong>recepit</strong></span> <span class='ocrx_word' id='word_1_124' title='bbox 1018 2350 1150 2404; x_wconf 90' lang='lat' dir='ltr'><strong>Obr.</strong></span> <span class='ocrx_word' id='word_1_125' title='bbox 1177 2352 1343 2402; x_wconf 75' lang='grc' dir='ltr'>Βῦιιιι.</span> 
     </span>
    </p>
   </div>
   <div class='ocr_carea' id='block_1_6' title="bbox 328 2427 1352 4159">
    <p class='ocr_par' dir='ltr' id='par_1_6' title="bbox 328 2427 1352 3760">
     <span class='ocr_line' id='line_1_19' title="bbox 419 2427 1345 2485; baseline -0.008 0"><span class='ocrx_word' id='word_1_126' title='bbox 419 2451 436 2485; x_wconf 84' lang='grc' dir='ltr'>ι</span> <span class='ocrx_word' id='word_1_127' title='bbox 453 2472 464 2483; x_wconf 93' lang='grc'><em>.</em></span> <span class='ocrx_word' id='word_1_128' title='bbox 507 2432 874 2485; x_wconf 79' lang='lat' dir='ltr'><strong>Abdicatorum</strong></span> <span class='ocrx_word' id='word_1_129' title='bbox 917 2439 1134 2482; x_wconf 81' lang='lat' dir='ltr'><strong>senatus.</strong></span> <span class='ocrx_word' id='word_1_130' title='bbox 1177 2427 1345 2480; x_wconf 83' lang='lat' dir='ltr'><strong>Plaut.</strong></span> 
     </span>
     <span class='ocr_line' id='line_1_20' title="bbox 329 2505 1347 2580; baseline -0.006 -17"><span class='ocrx_word' id='word_1_131' title='bbox 329 2509 567 2563; x_wconf 86' lang='lat' dir='ltr'><strong>Mostell.</strong></span> <span class='ocrx_word' id='word_1_132' title='bbox 585 2510 652 2576; x_wconf 81' lang='lat' dir='ltr'><strong>V,</strong></span> <span class='ocrx_word' id='word_1_133' title='bbox 676 2527 720 2575; x_wconf 86' lang='grc' dir='ltr'><strong>ι,</strong></span> <span class='ocrx_word' id='word_1_134' title='bbox 738 2510 768 2561; x_wconf 84' lang='lat'>8</span> <span class='ocrx_word' id='word_1_135' title='bbox 783 2530 795 2560; x_wconf 89' lang='lat'><strong>:</strong></span> <span class='ocrx_word' id='word_1_136' title='bbox 819 2533 840 2556; x_wconf 81' lang='grc' dir='ltr'><strong>ιι</strong></span> <span class='ocrx_word' id='word_1_137' title='bbox 856 2508 1022 2580; x_wconf 88' lang='lat' dir='ltr'><strong>Capio</strong></span> <span class='ocrx_word' id='word_1_138' title='bbox 1038 2505 1317 2559; x_wconf 82' lang='lat' dir='ltr'><strong>consilium</strong></span> <span class='ocrx_word' id='word_1_139' title='bbox 1330 2543 1347 2573; x_wconf 92' lang='lat'><strong>,</strong></span> 
     </span>
     <span class='ocr_line' id='line_1_21' title="bbox 338 2602 1347 2658; baseline -0.003 -20"><span class='ocrx_word' id='word_1_140' title='bbox 338 2616 361 2638; x_wconf 68' lang='grc' dir='ltr'>ι</span> <span class='ocrx_word' id='word_1_141' title='bbox 384 2603 446 2641; x_wconf 87' lang='lat' dir='ltr'><strong>ut</strong></span> <span class='ocrx_word' id='word_1_142' title='bbox 471 2602 712 2641; x_wconf 86' lang='lat' dir='ltr'><strong>senatum</strong></span> <span class='ocrx_word' id='word_1_143' title='bbox 734 2605 1125 2658; x_wconf 76' lang='lat' dir='ltr'><strong>congerronum</strong></span> <span class='ocrx_word' id='word_1_144' title='bbox 1151 2602 1347 2637; x_wconf 84' lang='lat' dir='ltr'><strong>convo·</strong></span> 
     </span>
     <span class='ocr_line' id='line_1_22' title="bbox 338 2662 1345 2729; baseline 0 -14"><span class='ocrx_word' id='word_1_145' title='bbox 338 2696 360 2715; x_wconf 83' lang='grc'><strong>..</strong></span> <span class='ocrx_word' id='word_1_146' title='bbox 384 2687 520 2721; x_wconf 86' lang='lat' dir='ltr'><strong>cem.</strong></span> <span class='ocrx_word' id='word_1_147' title='bbox 545 2690 566 2713; x_wconf 74' lang='grc' dir='ltr'>ι</span> <span class='ocrx_word' id='word_1_148' title='bbox 586 2666 1020 2720; x_wconf 68' lang='lat' dir='ltr'><strong>Semnum—Non</strong></span> <span class='ocrx_word' id='word_1_149' title='bbox 1037 2662 1345 2729; x_wconf 76' lang='lat' dir='ltr'><strong>immerito‘‚</strong></span> 
     </span>
     <span class='ocr_line' id='line_1_23' title="bbox 331 2744 1350 2801; baseline -0.008 -1"><span class='ocrx_word' id='word_1_150' title='bbox 331 2761 586 2801; x_wconf 66' lang='lat' dir='ltr'><strong>terremur</strong></span> <span class='ocrx_word' id='word_1_151' title='bbox 618 2747 777 2799; x_wconf 81' lang='lat' dir='ltr'><strong>enim.</strong></span> <span class='ocrx_word' id='word_1_152' title='bbox 814 2747 1003 2798; x_wconf 83' lang='lat' dir='ltr'><strong>Forte:</strong></span> <span class='ocrx_word' id='word_1_153' title='bbox 1045 2744 1231 2797; x_wconf 76' lang='lat' dir='ltr'><strong>Fateor</strong></span> <span class='ocrx_word' id='word_1_154' title='bbox 1261 2761 1350 2793; x_wconf 73' lang='lat' dir='ltr'><strong>ar-</strong></span> 
     </span>
     <span class='ocr_line' id='line_1_24' title="bbox 332 2824 1351 2896; baseline -0.006 -18"><span class='ocrx_word' id='word_1_155' title='bbox 332 2838 600 2878; x_wconf 80' lang='lat' dir='ltr'><strong>matorum</strong></span> <span class='ocrx_word' id='word_1_156' title='bbox 617 2824 766 2896; x_wconf 82' lang='lat' dir='ltr'><strong>facie</strong></span> <span class='ocrx_word' id='word_1_157' title='bbox 785 2843 892 2881; x_wconf 79' lang='lat' dir='ltr'><strong>non</strong></span> <span class='ocrx_word' id='word_1_158' title='bbox 918 2824 1176 2876; x_wconf 83' lang='lat' dir='ltr'><strong>immerito</strong></span> <span class='ocrx_word' id='word_1_159' title='bbox 1202 2832 1351 2874; x_wconf 82' lang='lat' dir='ltr'><strong>terre-</strong></span> 
     </span>
     <span class='ocr_line' id='line_1_25' title="bbox 332 2901 1347 2955; baseline -0.006 0"><span class='ocrx_word' id='word_1_160' title='bbox 332 2922 470 2955; x_wconf 81' lang='lat' dir='ltr'><strong>mur.</strong></span> <span class='ocrx_word' id='word_1_161' title='bbox 505 2903 720 2954; x_wconf 78' lang='lat' dir='ltr'><strong>Ter-rent</strong></span> <span class='ocrx_word' id='word_1_162' title='bbox 753 2915 805 2954; x_wconf 86' lang='lat' dir='ltr'><strong>et</strong></span> <span class='ocrx_word' id='word_1_163' title='bbox 837 2923 928 2955; x_wconf 83' lang='lat' dir='ltr'><strong>sua</strong></span> <span class='ocrx_word' id='word_1_164' title='bbox 964 2913 1142 2954; x_wconf 80' lang='lat' dir='ltr'><strong>morte.</strong></span> <span class='ocrx_word' id='word_1_165' title='bbox 1182 2901 1347 2953; x_wconf 74' lang='lat' dir='ltr'><strong>Gaon.</strong></span> 
     </span>
     <span class='ocr_line' id='line_1_26' title="bbox 333 2978 1351 3033; baseline -0.002 0"><span class='ocrx_word' id='word_1_166' title='bbox 333 2983 513 3033; x_wconf 86' lang='lat' dir='ltr'><strong>Locus</strong></span> <span class='ocrx_word' id='word_1_167' title='bbox 545 2979 696 3033; x_wconf 76' lang='lat' dir='ltr'><strong>baud</strong></span> <span class='ocrx_word' id='word_1_168' title='bbox 730 2978 893 3031; x_wconf 87' lang='lat' dir='ltr'><strong>dubie</strong></span> <span class='ocrx_word' id='word_1_169' title='bbox 927 2982 1173 3033; x_wconf 79' lang='lat' dir='ltr'><strong>affectus.</strong></span> <span class='ocrx_word' id='word_1_170' title='bbox 1207 2982 1351 3032; x_wconf 89' lang='lat' dir='ltr'><strong>Con-</strong></span> 
     </span>
     <span class='ocr_line' id='line_1_27' title="bbox 328 3058 1348 3131; baseline -0.004 -18"><span class='ocrx_word' id='word_1_171' title='bbox 328 3062 469 3130; x_wconf 84' lang='lat' dir='ltr'><strong>jeci:</strong></span> <span class='ocrx_word' id='word_1_172' title='bbox 497 3058 702 3124; x_wconf 78' lang='lat' dir='ltr'><strong>Fateor,</strong></span> <span class='ocrx_word' id='word_1_173' title='bbox 727 3069 1046 3110; x_wconf 81' lang='lat' dir='ltr'><strong>armatorum</strong></span> <span class='ocrx_word' id='word_1_174' title='bbox 1066 3060 1217 3131; x_wconf 86' lang='lat' dir='ltr'><strong>facie</strong></span> <span class='ocrx_word' id='word_1_175' title='bbox 1243 3077 1348 3110; x_wconf 78' lang='lat' dir='ltr'><strong>non</strong></span> 
     </span>
     <span class='ocr_line' id='line_1_28' title="bbox 337 3138 1352 3190; baseline -0.004 0"><span class='ocrx_word' id='word_1_176' title='bbox 337 3138 598 3190; x_wconf 83' lang='lat' dir='ltr'><strong>immerito</strong></span> <span class='ocrx_word' id='word_1_177' title='bbox 616 3148 890 3188; x_wconf 79' lang='lat' dir='ltr'><strong>terremur.-</strong></span> <span class='ocrx_word' id='word_1_178' title='bbox 906 3138 1096 3188; x_wconf 83' lang='lat' dir='ltr'><strong>etenim</strong></span> <span class='ocrx_word' id='word_1_179' title='bbox 1113 3147 1232 3187; x_wconf 79' lang='lat' dir='ltr'><strong>sunt</strong></span> <span class='ocrx_word' id='word_1_180' title='bbox 1245 3154 1352 3186; x_wconf 84' lang='lat' dir='ltr'><strong>mo·</strong></span> 
     </span>
     <span class='ocr_line' id='line_1_29' title="bbox 339 3216 1348 3271; baseline -0.002 0"><span class='ocrx_word' id='word_1_181' title='bbox 339 3220 509 3271; x_wconf 84' lang='lat' dir='ltr'><strong>rituri.</strong></span> <span class='ocrx_word' id='word_1_182' title='bbox 537 3220 607 3270; x_wconf 85' lang='lat' dir='ltr'><strong>Ut</strong></span> <span class='ocrx_word' id='word_1_183' title='bbox 630 3216 733 3268; x_wconf 81' lang='lat' dir='ltr'><strong>hoc</strong></span> <span class='ocrx_word' id='word_1_184' title='bbox 756 3216 945 3269; x_wconf 80' lang='lat' dir='ltr'><strong>dixerit</strong></span> <span class='ocrx_word' id='word_1_185' title='bbox 967 3216 1036 3268; x_wconf 88' lang='lat' dir='ltr'><strong>ad</strong></span> <span class='ocrx_word' id='word_1_186' title='bbox 1058 3216 1348 3269; x_wconf 83' lang='lat' dir='ltr'><strong>movendos</strong></span> 
     </span>
     <span class='ocr_line' id='line_1_30' title="bbox 336 3294 1348 3368; baseline -0.005 -17"><span class='ocrx_word' id='word_1_187' title='bbox 336 3314 543 3351; x_wconf 86' lang='lat' dir='ltr'><strong>terrore</strong></span> <span class='ocrx_word' id='word_1_188' title='bbox 583 3308 760 3368; x_wconf 83' lang='lat' dir='ltr'><strong>patres</strong></span> <span class='ocrx_word' id='word_1_189' title='bbox 781 3332 799 3357; x_wconf 87' lang='lat'><strong>,</strong></span> <span class='ocrx_word' id='word_1_190' title='bbox 841 3294 1033 3366; x_wconf 87' lang='lat' dir='ltr'><strong>quibus</strong></span> <span class='ocrx_word' id='word_1_191' title='bbox 1073 3294 1348 3366; x_wconf 87' lang='lat' dir='ltr'><strong>desperata</strong></span> 
     </span>
     <span class='ocr_line' id='line_1_31' title="bbox 341 3371 1350 3444; baseline -0.005 -16"><span class='ocrx_word' id='word_1_192' title='bbox 341 3376 571 3428; x_wconf 84' lang='lat' dir='ltr'><strong>filiorum</strong></span> <span class='ocrx_word' id='word_1_193' title='bbox 595 3373 662 3425; x_wconf 90' lang='lat' dir='ltr'><strong>ab</strong></span> <span class='ocrx_word' id='word_1_194' title='bbox 688 3371 910 3425; x_wconf 85' lang='lat' dir='ltr'><strong>audacia</strong></span> <span class='ocrx_word' id='word_1_195' title='bbox 933 3373 1229 3425; x_wconf 88' lang='lat' dir='ltr'><strong>immineret</strong></span> <span class='ocrx_word' id='word_1_196' title='bbox 1257 3391 1350 3444; x_wconf 87' lang='lat' dir='ltr'><strong>pe-</strong></span> 
     </span>
     <span class='ocr_line' id='line_1_32' title="bbox 340 3450 1347 3525; baseline -0.005 -18"><span class='ocrx_word' id='word_1_197' title='bbox 340 3453 592 3520; x_wconf 88' lang='lat' dir='ltr'><strong>riculum,</strong></span> <span class='ocrx_word' id='word_1_198' title='bbox 613 3471 721 3525; x_wconf 88' lang='lat' dir='ltr'><strong>quo</strong></span> <span class='ocrx_word' id='word_1_199' title='bbox 741 3452 835 3504; x_wconf 81' lang='lat' dir='ltr'><strong>filii</strong></span> <span class='ocrx_word' id='word_1_200' title='bbox 854 3450 1232 3524; x_wconf 57' lang='lat' dir='ltr'><strong>quidemhaud</strong></span> <span class='ocrx_word' id='word_1_201' title='bbox 1252 3451 1347 3502; x_wconf 87' lang='lat' dir='ltr'><strong>du—</strong></span> 
     </span>
     <span class='ocr_line' id='line_1_33' title="bbox 339 3531 1349 3601; baseline -0.006 -15"><span class='ocrx_word' id='word_1_202' title='bbox 339 3533 457 3600; x_wconf 86' lang='lat' dir='ltr'><strong>bie,</strong></span> <span class='ocrx_word' id='word_1_203' title='bbox 480 3533 616 3583; x_wconf 87' lang='lat' dir='ltr'><strong>forte</strong></span> <span class='ocrx_word' id='word_1_204' title='bbox 638 3550 763 3583; x_wconf 77' lang='lat' dir='ltr'><strong>vero</strong></span> <span class='ocrx_word' id='word_1_205' title='bbox 787 3543 840 3582; x_wconf 89' lang='lat' dir='ltr'><strong>et</strong></span> <span class='ocrx_word' id='word_1_206' title='bbox 864 3531 964 3601; x_wconf 88' lang='lat' dir='ltr'><strong>ipsi</strong></span> <span class='ocrx_word' id='word_1_207' title='bbox 990 3542 1163 3582; x_wconf 86' lang='lat' dir='ltr'><strong>essent</strong></span> <span class='ocrx_word' id='word_1_208' title='bbox 1186 3532 1349 3582; x_wconf 82' lang='lat' dir='ltr'><strong>inter-</strong></span> 
     </span>
     <span class='ocr_line' id='line_1_34' title="bbox 342 3610 1348 3680; baseline -0.004 -17"><span class='ocrx_word' id='word_1_209' title='bbox 342 3614 481 3665; x_wconf 85' lang='lat' dir='ltr'><strong>ituri.</strong></span> <span class='ocrx_word' id='word_1_210' title='bbox 512 3610 652 3662; x_wconf 84' lang='lat' dir='ltr'><strong>Flor.</strong></span> <span class='ocrx_word' id='word_1_211' title='bbox 683 3611 766 3675; x_wconf 82' lang='lat'><strong>11,</strong></span> <span class='ocrx_word' id='word_1_212' title='bbox 794 3610 853 3661; x_wconf 83' lang='lat'><strong>18</strong></span> <span class='ocrx_word' id='word_1_213' title='bbox 877 3629 889 3658; x_wconf 67' lang='grc' dir='ltr'>ι</span> <span class='ocrx_word' id='word_1_214' title='bbox 932 3632 953 3655; x_wconf 76' lang='grc' dir='ltr'><strong><em>κ</em></strong></span> <span class='ocrx_word' id='word_1_215' title='bbox 973 3610 1096 3660; x_wconf 83' lang='lat' dir='ltr'><strong>Non</strong></span> <span class='ocrx_word' id='word_1_216' title='bbox 1126 3621 1205 3661; x_wconf 83' lang='lat' dir='ltr'><strong>est</strong></span> <span class='ocrx_word' id='word_1_217' title='bbox 1230 3627 1348 3680; x_wconf 87' lang='lat' dir='ltr'><strong>per-</strong></span> 
     </span>
     <span class='ocr_line' id='line_1_35' title="bbox 348 3686 1346 3760; baseline 0.001 -23"><span class='ocrx_word' id='word_1_218' title='bbox 348 3717 369 3737; x_wconf 70' lang='lat'>«</span> <span class='ocrx_word' id='word_1_219' title='bbox 389 3691 547 3741; x_wconf 89' lang='lat' dir='ltr'><strong>missa</strong></span> <span class='ocrx_word' id='word_1_220' title='bbox 569 3707 749 3760; x_wconf 78' lang='lat' dir='ltr'><strong>pugna</strong></span> <span class='ocrx_word' id='word_1_221' title='bbox 772 3688 1053 3739; x_wconf 85' lang='lat' dir='ltr'><strong>morituris.</strong></span> <span class='ocrx_word' id='word_1_222' title='bbox 1076 3710 1098 3733; x_wconf 70' lang='lat' dir='ltr'><em>n</em></span> <span class='ocrx_word' id='word_1_223' title='bbox 1129 3686 1346 3739; x_wconf 70' lang='lat' dir='ltr'><strong>Senum.</strong></span> 
     </span>
    </p>

    <p class='ocr_par' dir='ltr' id='par_1_7' title="bbox 342 3766 1349 4159">
     <span class='ocr_line' id='line_1_36' title="bbox 417 3766 1348 3840; baseline -0.002 -20"><span class='ocrx_word' id='word_1_224' title='bbox 417 3787 464 3820; x_wconf 85' lang='lat'><strong>2.</strong></span> <span class='ocrx_word' id='word_1_225' title='bbox 502 3767 574 3819; x_wconf 76' lang='lat' dir='ltr'><strong>Et</strong></span> <span class='ocrx_word' id='word_1_226' title='bbox 609 3767 778 3840; x_wconf 74' lang='lat' dir='ltr'><strong>eloqio</strong></span> <span class='ocrx_word' id='word_1_227' title='bbox 815 3766 955 3839; x_wconf 80' lang='lat' dir='ltr'><strong>quod</strong></span> <span class='ocrx_word' id='word_1_228' title='bbox 990 3766 1211 3838; x_wconf 85' lang='lat' dir='ltr'><strong>optasti,</strong></span> <span class='ocrx_word' id='word_1_229' title='bbox 1255 3785 1348 3818; x_wconf 83' lang='lat' dir='ltr'><strong>no·</strong></span> 
     </span>
     <span class='ocr_line' id='line_1_37' title="bbox 342 3847 1349 3913; baseline -0.005 -9"><span class='ocrx_word' id='word_1_230' title='bbox 342 3870 462 3904; x_wconf 82' lang='lat' dir='ltr'><strong>men</strong></span> <span class='ocrx_word' id='word_1_231' title='bbox 513 3849 802 3901; x_wconf 75' lang='lat' dir='ltr'><strong>inscribam.</strong></span> <span class='ocrx_word' id='word_1_232' title='bbox 860 3847 1214 3900; x_wconf 81' lang='lat' dir='ltr'><strong>Cohaerebunt</strong></span> <span class='ocrx_word' id='word_1_233' title='bbox 1237 3886 1253 3913; x_wconf 92' lang='lat'><strong>,</strong></span> <span class='ocrx_word' id='word_1_234' title='bbox 1305 3851 1349 3901; x_wconf 91' lang='lat' dir='ltr'><strong>si</strong></span> 
     </span>
     <span class='ocr_line' id='line_1_38' title="bbox 348 3927 1347 4001; baseline -0.004 -19"><span class='ocrx_word' id='word_1_235' title='bbox 348 3930 540 3983; x_wconf 78' lang='lat' dir='ltr'><strong>scribas</strong></span> <span class='ocrx_word' id='word_1_236' title='bbox 555 3966 572 3993; x_wconf 91' lang='lat'><strong>,</strong></span> <span class='ocrx_word' id='word_1_237' title='bbox 596 3939 649 3979; x_wconf 86' lang='lat' dir='ltr'><strong>et</strong></span> <span class='ocrx_word' id='word_1_238' title='bbox 667 3927 893 4001; x_wconf 75' lang='lat' dir='ltr'><strong>eloqium</strong></span> <span class='ocrx_word' id='word_1_239' title='bbox 911 3967 930 3995; x_wconf 88' lang='lat'><em>‚</em></span> <span class='ocrx_word' id='word_1_240' title='bbox 959 3929 1102 4001; x_wconf 80' lang='lat' dir='ltr'><strong>quod</strong></span> <span class='ocrx_word' id='word_1_241' title='bbox 1126 3930 1347 4000; x_wconf 82' lang='lat' dir='ltr'><strong>optasti,</strong></span> 
     </span>
     <span class='ocr_line' id='line_1_39' title="bbox 344 4007 1349 4078; baseline -0.004 -15"><span class='ocrx_word' id='word_1_242' title='bbox 344 4023 395 4063; x_wconf 81' lang='lat' dir='ltr'><strong>et</strong></span> <span class='ocrx_word' id='word_1_243' title='bbox 418 4027 606 4060; x_wconf 78' lang='lat' dir='ltr'><strong>nomen</strong></span> <span class='ocrx_word' id='word_1_244' title='bbox 633 4008 918 4060; x_wconf 73' lang='lat' dir='ltr'><strong>inscribam.</strong></span> <span class='ocrx_word' id='word_1_245' title='bbox 956 4007 1109 4077; x_wconf 81' lang='lat' dir='ltr'><strong>Quod</strong></span> <span class='ocrx_word' id='word_1_246' title='bbox 1131 4010 1349 4078; x_wconf 76' lang='lat' dir='ltr'><strong>optasti,</strong></span> 
     </span>
     <span class='ocr_line' id='line_1_40' title="bbox 348 4086 1347 4159; baseline -0.004 -18"><span class='ocrx_word' id='word_1_247' title='bbox 348 4087 474 4145; x_wconf 78' lang='lat' dir='ltr'><strong>dum</strong></span> <span class='ocrx_word' id='word_1_248' title='bbox 488 4086 683 4143; x_wconf 85' lang='lat' dir='ltr'><strong>scilicet</strong></span> <span class='ocrx_word' id='word_1_249' title='bbox 700 4089 933 4139; x_wconf 80' lang='lat' dir='ltr'><strong>revocari</strong></span> <span class='ocrx_word' id='word_1_250' title='bbox 950 4086 1206 4159; x_wconf 77' lang='lat' dir='ltr'><strong>postulas.</strong></span> <span class='ocrx_word' id='word_1_251' title='bbox 1229 4087 1347 4140; x_wconf 81' lang='lat' dir='ltr'><strong>Scn.</strong></span> 
     </span>
    </p>
   </div>
   <div class='ocr_carea' id='block_1_7' title="bbox 1425 1793 2439 4159">
    <p class='ocr_par' dir='ltr' id='par_1_8' title="bbox 1425 1793 2439 4159">
     <span class='ocr_line' id='line_1_41' title="bbox 1425 1793 2429 1864; baseline 0.003 -19"><span class='ocrx_word' id='word_1_252' title='bbox 1425 1793 1651 1864; x_wconf 75' lang='lat' dir='ltr'><strong>Vulgata</strong></span> <span class='ocrx_word' id='word_1_253' title='bbox 1693 1808 1929 1861; x_wconf 71' lang='lat' dir='ltr'><strong>set-rata,</strong></span> <span class='ocrx_word' id='word_1_254' title='bbox 1968 1794 2056 1847; x_wconf 85' lang='lat' dir='ltr'><strong>hic</strong></span> <span class='ocrx_word' id='word_1_255' title='bbox 2093 1808 2277 1849; x_wconf 79' lang='lat' dir='ltr'><strong>sensus</strong></span> <span class='ocrx_word' id='word_1_256' title='bbox 2317 1810 2429 1848; x_wconf 86' lang='lat' dir='ltr'><strong>est:</strong></span> 
     </span>
     <span class='ocr_line' id='line_1_42' title="bbox 1428 1874 2432 1947; baseline 0.005 -22"><span class='ocrx_word' id='word_1_257' title='bbox 1428 1874 1633 1945; x_wconf 75' lang='lat' dir='ltr'><strong>elogio,</strong></span> <span class='ocrx_word' id='word_1_258' title='bbox 1651 1874 1734 1927; x_wconf 81' lang='lat' dir='ltr'><strong>vel</strong></span> <span class='ocrx_word' id='word_1_259' title='bbox 1762 1875 1916 1927; x_wconf 87' lang='lat' dir='ltr'><strong>titulo</strong></span> <span class='ocrx_word' id='word_1_260' title='bbox 1944 1874 2228 1947; x_wconf 78' lang='lat' dir='ltr'><strong>sepulcrali</strong></span> <span class='ocrx_word' id='word_1_261' title='bbox 2254 1878 2432 1930; x_wconf 86' lang='lat' dir='ltr'><strong>inscri-</strong></span> 
     </span>
     <span class='ocr_line' id='line_1_43' title="bbox 1426 1954 2435 2028; baseline 0.002 -21"><span class='ocrx_word' id='word_1_262' title='bbox 1426 1954 1551 2007; x_wconf 83' lang='lat' dir='ltr'><strong>bam</strong></span> <span class='ocrx_word' id='word_1_263' title='bbox 1578 1974 1754 2007; x_wconf 87' lang='lat' dir='ltr'><strong>meum</strong></span> <span class='ocrx_word' id='word_1_264' title='bbox 1779 1974 1992 2027; x_wconf 85' lang='lat' dir='ltr'><strong>qnoque</strong></span> <span class='ocrx_word' id='word_1_265' title='bbox 2016 1975 2239 2021; x_wconf 88' lang='lat' dir='ltr'><strong>nomen,</strong></span> <span class='ocrx_word' id='word_1_266' title='bbox 2264 1970 2322 2008; x_wconf 87' lang='lat' dir='ltr'><strong>ut</strong></span> <span class='ocrx_word' id='word_1_267' title='bbox 2347 1975 2435 2028; x_wconf 84' lang='lat' dir='ltr'><strong>ap·</strong></span> 
     </span>
     <span class='ocr_line' id='line_1_44' title="bbox 1427 2035 2433 2107; baseline 0.001 -21"><span class='ocrx_word' id='word_1_268' title='bbox 1427 2048 1615 2107; x_wconf 84' lang='lat' dir='ltr'><strong>pareat</strong></span> <span class='ocrx_word' id='word_1_269' title='bbox 1650 2054 1765 2101; x_wconf 88' lang='lat' dir='ltr'><strong>me,</strong></span> <span class='ocrx_word' id='word_1_270' title='bbox 1801 2035 1924 2088; x_wconf 89' lang='lat' dir='ltr'><strong>licet</strong></span> <span class='ocrx_word' id='word_1_271' title='bbox 1962 2035 2312 2089; x_wconf 79' lang='lat' dir='ltr'><strong>abdicaverim</strong></span> <span class='ocrx_word' id='word_1_272' title='bbox 2349 2049 2433 2104; x_wconf 87' lang='lat' dir='ltr'><strong>te,</strong></span> 
     </span>
     <span class='ocr_line' id='line_1_45' title="bbox 1427 2117 2435 2187; baseline 0.002 -21"><span class='ocrx_word' id='word_1_273' title='bbox 1427 2129 1632 2187; x_wconf 84' lang='lat' dir='ltr'><strong>patrem</strong></span> <span class='ocrx_word' id='word_1_274' title='bbox 1670 2128 1844 2167; x_wconf 84' lang='lat' dir='ltr'><strong>tamen</strong></span> <span class='ocrx_word' id='word_1_275' title='bbox 1884 2129 2030 2168; x_wconf 89' lang='lat' dir='ltr'><strong>tuum</strong></span> <span class='ocrx_word' id='word_1_276' title='bbox 2066 2118 2261 2168; x_wconf 77' lang='lat' dir='ltr'><strong>fuisse:</strong></span> <span class='ocrx_word' id='word_1_277' title='bbox 2298 2117 2435 2168; x_wconf 80' lang='lat' dir='ltr'><strong>Nam</strong></span> 
     </span>
     <span class='ocr_line' id='line_1_46' title="bbox 1427 2194 2434 2265; baseline 0.002 -20"><span class='ocrx_word' id='word_1_278' title='bbox 1427 2212 1573 2246; x_wconf 83' lang='lat' dir='ltr'><strong>more</strong></span> <span class='ocrx_word' id='word_1_279' title='bbox 1615 2212 1785 2264; x_wconf 73' lang='lat' dir='ltr'><strong>graeco</strong></span> <span class='ocrx_word' id='word_1_280' title='bbox 1802 2230 1819 2258; x_wconf 89' lang='lat'><strong>,</strong></span> <span class='ocrx_word' id='word_1_281' title='bbox 1865 2195 1986 2265; x_wconf 88' lang='lat' dir='ltr'><strong>quia</strong></span> <span class='ocrx_word' id='word_1_282' title='bbox 2030 2194 2434 2265; x_wconf 73' lang='lat' dir='ltr'><strong>cognominibus</strong></span> 
     </span>
     <span class='ocr_line' id='line_1_47' title="bbox 1427 2268 2434 2342; baseline 0.002 -20"><span class='ocrx_word' id='word_1_283' title='bbox 1427 2268 1679 2322; x_wconf 80' lang='lat' dir='ltr'><strong>carebant</strong></span> <span class='ocrx_word' id='word_1_284' title='bbox 1712 2270 1837 2336; x_wconf 82' lang='lat' dir='ltr'><strong>filii,</strong></span> <span class='ocrx_word' id='word_1_285' title='bbox 1865 2273 2028 2342; x_wconf 86' lang='lat' dir='ltr'><strong>patris</strong></span> <span class='ocrx_word' id='word_1_286' title='bbox 2058 2291 2250 2323; x_wconf 87' lang='lat' dir='ltr'><strong>nomen</strong></span> <span class='ocrx_word' id='word_1_287' title='bbox 2277 2271 2434 2324; x_wconf 90' lang='lat' dir='ltr'><strong>adde·</strong></span> 
     </span>
     <span class='ocr_line' id='line_1_48' title="bbox 1427 2348 2435 2415; baseline 0.003 -15"><span class='ocrx_word' id='word_1_288' title='bbox 1427 2348 1591 2415; x_wconf 88' lang='lat' dir='ltr'><strong>bant,</strong></span> <span class='ocrx_word' id='word_1_289' title='bbox 1617 2362 1676 2400; x_wconf 85' lang='lat' dir='ltr'><strong>ut</strong></span> <span class='ocrx_word' id='word_1_290' title='bbox 1702 2349 1885 2401; x_wconf 77' lang='lat' dir='ltr'><strong>Cimon</strong></span> <span class='ocrx_word' id='word_1_291' title='bbox 1909 2349 2198 2415; x_wconf 77' lang='lat' dir='ltr'><strong>Miltiadis,</strong></span> <span class='ocrx_word' id='word_1_292' title='bbox 2226 2365 2327 2402; x_wconf 86' lang='lat' dir='ltr'><strong>etc.</strong></span> <span class='ocrx_word' id='word_1_293' title='bbox 2356 2352 2435 2403; x_wconf 86' lang='lat' dir='ltr'><strong>lta</strong></span> 
     </span>
     <span class='ocr_line' id='line_1_49' title="bbox 1427 2427 2435 2500; baseline 0.002 -21"><span class='ocrx_word' id='word_1_294' title='bbox 1427 2427 1551 2480; x_wconf 89' lang='lat' dir='ltr'><strong>licet</strong></span> <span class='ocrx_word' id='word_1_295' title='bbox 1573 2447 1671 2498; x_wconf 88' lang='lat' dir='ltr'><strong>per</strong></span> <span class='ocrx_word' id='word_1_296' title='bbox 1691 2427 2079 2481; x_wconf 84' lang='lat' dir='ltr'><strong>abdicationem</strong></span> <span class='ocrx_word' id='word_1_297' title='bbox 2101 2429 2323 2481; x_wconf 80' lang='lat' dir='ltr'><strong>videaris</strong></span> <span class='ocrx_word' id='word_1_298' title='bbox 2345 2432 2435 2500; x_wconf 74' lang='lat' dir='ltr'><strong>Jus</strong></span> 
     </span>
     <span class='ocr_line' id='line_1_50' title="bbox 1428 2508 2435 2579; baseline 0.005 -21"><span class='ocrx_word' id='word_1_299' title='bbox 1428 2508 1658 2558; x_wconf 86' lang='lat' dir='ltr'><strong>nominis</strong></span> <span class='ocrx_word' id='word_1_300' title='bbox 1679 2508 1886 2578; x_wconf 86' lang='lat' dir='ltr'><strong>paterni</strong></span> <span class='ocrx_word' id='word_1_301' title='bbox 1913 2508 2232 2579; x_wconf 77' lang='lat' dir='ltr'><strong>perdidisse,</strong></span> <span class='ocrx_word' id='word_1_302' title='bbox 2253 2509 2435 2579; x_wconf 75' lang='lat' dir='ltr'><strong>legeris</strong></span> 
     </span>
     <span class='ocr_line' id='line_1_51' title="bbox 1427 2582 2437 2660; baseline 0.002 -20"><span class='ocrx_word' id='word_1_303' title='bbox 1427 2582 1609 2640; x_wconf 83' lang='lat' dir='ltr'><strong>tamen&#39;</strong></span> <span class='ocrx_word' id='word_1_304' title='bbox 1640 2590 1693 2640; x_wconf 89' lang='lat' dir='ltr'><strong>iu</strong></span> <span class='ocrx_word' id='word_1_305' title='bbox 1728 2588 1972 2660; x_wconf 87' lang='lat' dir='ltr'><strong>sepulcro</strong></span> <span class='ocrx_word' id='word_1_306' title='bbox 2009 2608 2155 2641; x_wconf 83' lang='lat' dir='ltr'><strong>meus</strong></span> <span class='ocrx_word' id='word_1_307' title='bbox 2189 2588 2344 2643; x_wconf 80' lang='lat' dir='ltr'><strong>filius.</strong></span> <span class='ocrx_word' id='word_1_308' title='bbox 2372 2590 2437 2642; x_wconf 85' lang='lat' dir='ltr'><strong>Et</strong></span> 
     </span>
     <span class='ocr_line' id='line_1_52' title="bbox 1427 2665 2437 2737; baseline 0 -19"><span class='ocrx_word' id='word_1_309' title='bbox 1427 2665 1532 2718; x_wconf 80' lang='lat' dir='ltr'><strong>hoc</strong></span> <span class='ocrx_word' id='word_1_310' title='bbox 1556 2667 1717 2717; x_wconf 89' lang='lat' dir='ltr'><strong>moris</strong></span> <span class='ocrx_word' id='word_1_311' title='bbox 1742 2668 1795 2717; x_wconf 87' lang='lat' dir='ltr'><strong>in</strong></span> <span class='ocrx_word' id='word_1_312' title='bbox 1821 2666 2075 2737; x_wconf 86' lang='lat' dir='ltr'><strong>sepulcris</strong></span> <span class='ocrx_word' id='word_1_313' title='bbox 2100 2668 2262 2718; x_wconf 79' lang='lat' dir='ltr'><strong>fuisse</strong></span> <span class='ocrx_word' id='word_1_314' title='bbox 2281 2665 2437 2719; x_wconf 89' lang='lat' dir='ltr'><strong>docet</strong></span> 
     </span>
     <span class='ocr_line' id='line_1_53' title="bbox 1425 2742 2439 2815; baseline -0.001 -19"><span class='ocrx_word' id='word_1_315' title='bbox 1425 2746 1560 2796; x_wconf 85' lang='lat' dir='ltr'><strong>Just.</strong></span> <span class='ocrx_word' id='word_1_316' title='bbox 1587 2745 1687 2810; x_wconf 85' lang='lat'><strong>111,</strong></span> <span class='ocrx_word' id='word_1_317' title='bbox 1711 2743 1773 2810; x_wconf 88' lang='lat'><strong>6,</strong></span> <span class='ocrx_word' id='word_1_318' title='bbox 1799 2743 1891 2795; x_wconf 89' lang='lat' dir='ltr'><strong>ubi</strong></span> <span class='ocrx_word' id='word_1_319' title='bbox 1915 2743 2104 2796; x_wconf 81' lang='lat' dir='ltr'><strong>milites</strong></span> <span class='ocrx_word' id='word_1_320' title='bbox 2134 2767 2156 2790; x_wconf 72' lang='grc' dir='ltr'><strong>ιι</strong></span> <span class='ocrx_word' id='word_1_321' title='bbox 2176 2742 2242 2796; x_wconf 91' lang='lat' dir='ltr'><strong>de</strong></span> <span class='ocrx_word' id='word_1_322' title='bbox 2268 2743 2439 2815; x_wconf 81' lang='lat' dir='ltr'><strong>sepul-</strong></span> 
     </span>
     <span class='ocr_line' id='line_1_54' title="bbox 1435 2820 2437 2892; baseline 0.002 -22"><span class='ocrx_word' id='word_1_323' title='bbox 1435 2847 1456 2870; x_wconf 72' lang='lat'><strong>·</strong></span> <span class='ocrx_word' id='word_1_324' title='bbox 1478 2836 1593 2875; x_wconf 86' lang='lat' dir='ltr'><strong>tura</strong></span> <span class='ocrx_word' id='word_1_325' title='bbox 1627 2820 1873 2886; x_wconf 83' lang='lat' dir='ltr'><strong>solliciti,</strong></span> <span class='ocrx_word' id='word_1_326' title='bbox 1902 2835 2127 2873; x_wconf 83' lang='lat' dir='ltr'><strong>tesseras</strong></span> <span class='ocrx_word' id='word_1_327' title='bbox 2160 2820 2437 2892; x_wconf 75' lang='lat' dir='ltr'><strong>insculptis</strong></span> 
     </span>
     <span class='ocr_line' id='line_1_55' title="bbox 1434 2898 2435 2972; baseline -0.001 -21"><span class='ocrx_word' id='word_1_328' title='bbox 1434 2922 1457 2945; x_wconf 75' lang='grc' dir='ltr'><strong>ιι</strong></span> <span class='ocrx_word' id='word_1_329' title='bbox 1479 2901 1584 2952; x_wconf 86' lang='lat' dir='ltr'><strong>suis</strong></span> <span class='ocrx_word' id='word_1_330' title='bbox 1606 2912 1658 2951; x_wconf 90' lang='lat' dir='ltr'><strong>et</strong></span> <span class='ocrx_word' id='word_1_331' title='bbox 1680 2912 1890 2972; x_wconf 83' lang='lat' dir='ltr'><strong>patrum</strong></span> <span class='ocrx_word' id='word_1_332' title='bbox 1906 2899 2239 2964; x_wconf 85' lang='lat' dir='ltr'><strong>nominibus,</strong></span> <span class='ocrx_word' id='word_1_333' title='bbox 2254 2898 2435 2950; x_wconf 82' lang='lat' dir='ltr'><strong>dextro</strong></span> 
     </span>
     <span class='ocr_line' id='line_1_56' title="bbox 1436 2978 2436 3049; baseline 0.002 -20"><span class='ocrx_word' id='word_1_334' title='bbox 1436 3003 1458 3027; x_wconf 76' lang='grc' dir='ltr'>ι</span> <span class='ocrx_word' id='word_1_335' title='bbox 1477 2978 1697 3031; x_wconf 87' lang='lat' dir='ltr'><strong>brachio</strong></span> <span class='ocrx_word' id='word_1_336' title='bbox 1728 2979 1978 3049; x_wconf 74' lang='lat' dir='ltr'><strong>deligant.</strong></span> <span class='ocrx_word' id='word_1_337' title='bbox 1999 3002 2022 3025; x_wconf 76' lang='grc' dir='ltr'><strong>ιο</strong></span> <span class='ocrx_word' id='word_1_338' title='bbox 2055 2980 2120 3030; x_wconf 78' lang='lat' dir='ltr'><strong>Et</strong></span> <span class='ocrx_word' id='word_1_339' title='bbox 2148 2982 2217 3030; x_wconf 87' lang='lat' dir='ltr'><strong>ita</strong></span> <span class='ocrx_word' id='word_1_340' title='bbox 2248 2998 2436 3031; x_wconf 81' lang='lat' dir='ltr'><strong>uxores</strong></span> 
     </span>
     <span class='ocr_line' id='line_1_57' title="bbox 1429 3057 2432 3110; baseline 0.002 -2"><span class='ocrx_word' id='word_1_341' title='bbox 1429 3059 1603 3108; x_wconf 84' lang='lat' dir='ltr'><strong>man&#39;ti</strong></span> <span class='ocrx_word' id='word_1_342' title='bbox 1634 3074 1831 3110; x_wconf 89' lang='lat' dir='ltr'><strong>nomeu</strong></span> <span class='ocrx_word' id='word_1_343' title='bbox 1861 3057 2014 3108; x_wconf 87' lang='lat' dir='ltr'><strong>titulo</strong></span> <span class='ocrx_word' id='word_1_344' title='bbox 2043 3057 2432 3110; x_wconf 82' lang='lat' dir='ltr'><strong>inscribebant:</strong></span> 
     </span>
     <span class='ocr_line' id='line_1_58' title="bbox 1432 3135 2437 3208; baseline 0.003 -22"><span class='ocrx_word' id='word_1_345' title='bbox 1432 3135 1575 3206; x_wconf 90' lang='lat' dir='ltr'><strong>quod</strong></span> <span class='ocrx_word' id='word_1_346' title='bbox 1604 3154 1713 3187; x_wconf 88' lang='lat' dir='ltr'><strong>non</strong></span> <span class='ocrx_word' id='word_1_347' title='bbox 1742 3135 1950 3188; x_wconf 73' lang='lat' dir='ltr'><strong>videtur</strong></span> <span class='ocrx_word' id='word_1_348' title='bbox 1977 3136 2210 3201; x_wconf 85' lang='lat' dir='ltr'><strong>factum,</strong></span> <span class='ocrx_word' id='word_1_349' title='bbox 2243 3139 2287 3188; x_wconf 88' lang='lat' dir='ltr'><strong>si</strong></span> <span class='ocrx_word' id='word_1_350' title='bbox 2316 3151 2437 3208; x_wconf 85' lang='lat' dir='ltr'><strong>post</strong></span> 
     </span>
     <span class='ocr_line' id='line_1_59' title="bbox 1429 3210 2437 3283; baseline 0.005 -19"><span class='ocrx_word' id='word_1_351' title='bbox 1429 3226 1651 3264; x_wconf 88' lang='lat' dir='ltr'><strong>mortem</strong></span> <span class='ocrx_word' id='word_1_352' title='bbox 1690 3215 1861 3264; x_wconf 86' lang='lat' dir='ltr'><strong>mariti</strong></span> <span class='ocrx_word' id='word_1_353' title='bbox 1903 3210 2211 3283; x_wconf 79' lang='lat' dir='ltr'><strong>pudicitiam</strong></span> <span class='ocrx_word' id='word_1_354' title='bbox 2248 3215 2437 3269; x_wconf 83' lang='lat' dir='ltr'><strong>violas-</strong></span> 
     </span>
     <span class='ocr_line' id='line_1_60' title="bbox 1430 3289 2430 3365; baseline 0.003 -22"><span class='ocrx_word' id='word_1_355' title='bbox 1430 3303 1575 3343; x_wconf 86' lang='lat' dir='ltr'><strong>sent:</strong></span> <span class='ocrx_word' id='word_1_356' title='bbox 1604 3289 1746 3341; x_wconf 89' lang='lat' dir='ltr'><strong>unde</strong></span> <span class='ocrx_word' id='word_1_357' title='bbox 1770 3289 1908 3342; x_wconf 89' lang='lat' dir='ltr'><strong>Dido</strong></span> <span class='ocrx_word' id='word_1_358' title='bbox 1934 3290 2074 3361; x_wconf 90' lang='lat' dir='ltr'><strong>apud</strong></span> <span class='ocrx_word' id='word_1_359' title='bbox 2095 3291 2246 3343; x_wconf 82' lang='lat' dir='ltr'><strong>ovid.</strong></span> <span class='ocrx_word' id='word_1_360' title='bbox 2270 3295 2430 3365; x_wconf 80' lang='lat' dir='ltr'><strong>Epist.</strong></span> 
     </span>
     <span class='ocr_line' id='line_1_61' title="bbox 1429 3371 2434 3446; baseline 0.006 -25"><span class='ocrx_word' id='word_1_361' title='bbox 1429 3372 1551 3436; x_wconf 86' lang='lat' dir='ltr'><strong>vn,</strong></span> <span class='ocrx_word' id='word_1_362' title='bbox 1580 3372 1706 3441; x_wconf 82' lang='lat'><strong>193:</strong></span> <span class='ocrx_word' id='word_1_363' title='bbox 1734 3394 1757 3417; x_wconf 71' lang='grc' dir='ltr'>ι</span> <span class='ocrx_word' id='word_1_364' title='bbox 1777 3371 1915 3436; x_wconf 85' lang='lat' dir='ltr'><strong>Nec,</strong></span> <span class='ocrx_word' id='word_1_365' title='bbox 1937 3386 2250 3444; x_wconf 85' lang='lat' dir='ltr'><strong>consumpta</strong></span> <span class='ocrx_word' id='word_1_366' title='bbox 2266 3377 2434 3446; x_wconf 75' lang='lat' dir='ltr'><strong>rogis,</strong></span> 
     </span>
     <span class='ocr_line' id='line_1_62' title="bbox 1436 3448 2436 3522; baseline 0.009 -25"><span class='ocrx_word' id='word_1_367' title='bbox 1436 3448 1765 3518; x_wconf 71' lang='lat' dir='ltr'><strong>«inscribar,</strong></span> <span class='ocrx_word' id='word_1_368' title='bbox 1800 3450 1965 3502; x_wconf 79' lang='lat' dir='ltr'><strong>Elissa</strong></span> <span class='ocrx_word' id='word_1_369' title='bbox 2007 3450 2206 3503; x_wconf 68' lang='lat' dir='ltr'><strong>sicha-i.</strong></span> <span class='ocrx_word' id='word_1_370' title='bbox 2231 3476 2252 3501; x_wconf 73' lang='grc' dir='ltr'><strong>ιο</strong></span> <span class='ocrx_word' id='word_1_371' title='bbox 2296 3455 2436 3522; x_wconf 84' lang='lat' dir='ltr'><strong>Quia</strong></span> 
     </span>
     <span class='ocr_line' id='line_1_63' title="bbox 1429 3530 2435 3601; baseline 0.005 -22"><span class='ocrx_word' id='word_1_372' title='bbox 1429 3530 1604 3580; x_wconf 75' lang='lat' dir='ltr'><strong>AEneoe</strong></span> <span class='ocrx_word' id='word_1_373' title='bbox 1642 3546 1697 3580; x_wconf 89' lang='lat' dir='ltr'><strong>se</strong></span> <span class='ocrx_word' id='word_1_374' title='bbox 1733 3530 2107 3599; x_wconf 84' lang='lat' dir='ltr'><strong>prostituerat,</strong></span> <span class='ocrx_word' id='word_1_375' title='bbox 2146 3531 2347 3601; x_wconf 87' lang='lat' dir='ltr'><strong>pudore</strong></span> <span class='ocrx_word' id='word_1_376' title='bbox 2384 3545 2435 3584; x_wconf 87' lang='lat' dir='ltr'><strong>et</strong></span> 
     </span>
     <span class='ocr_line' id='line_1_64' title="bbox 1432 3606 2433 3677; baseline 0.004 -18"><span class='ocrx_word' id='word_1_377' title='bbox 1432 3607 1756 3660; x_wconf 88' lang='lat' dir='ltr'><strong>conscientia</strong></span> <span class='ocrx_word' id='word_1_378' title='bbox 1790 3606 2003 3660; x_wconf 84' lang='lat' dir='ltr'><strong>admissi</strong></span> <span class='ocrx_word' id='word_1_379' title='bbox 2034 3624 2210 3677; x_wconf 84' lang='lat' dir='ltr'><strong>mota,</strong></span> <span class='ocrx_word' id='word_1_380' title='bbox 2238 3630 2293 3662; x_wconf 81' lang='lat' dir='ltr'><strong>se</strong></span> <span class='ocrx_word' id='word_1_381' title='bbox 2326 3630 2433 3663; x_wconf 89' lang='lat' dir='ltr'><strong>non</strong></span> 
     </span>
     <span class='ocr_line' id='line_1_65' title="bbox 1430 3687 2430 3761; baseline 0.001 -19"><span class='ocrx_word' id='word_1_382' title='bbox 1430 3689 1661 3742; x_wconf 84' lang='lat' dir='ltr'><strong>audebat</strong></span> <span class='ocrx_word' id='word_1_383' title='bbox 1693 3687 1875 3740; x_wconf 78' lang='lat' dir='ltr'><strong>Sichoei</strong></span> <span class='ocrx_word' id='word_1_384' title='bbox 1907 3707 2121 3741; x_wconf 82' lang='lat' dir='ltr'><strong>uxorem</strong></span> <span class='ocrx_word' id='word_1_385' title='bbox 2159 3691 2430 3761; x_wconf 83' lang='lat' dir='ltr'><strong>profiteri:</strong></span> 
     </span>
     <span class='ocr_line' id='line_1_66' title="bbox 1427 3768 2435 3838; baseline 0.002 -17"><span class='ocrx_word' id='word_1_386' title='bbox 1427 3768 1565 3821; x_wconf 88' lang='lat' dir='ltr'><strong>idem</strong></span> <span class='ocrx_word' id='word_1_387' title='bbox 1587 3786 1715 3838; x_wconf 77' lang='lat' dir='ltr'><strong>ergo</strong></span> <span class='ocrx_word' id='word_1_388' title='bbox 1734 3770 1895 3820; x_wconf 87' lang='lat' dir='ltr'><strong>moris</strong></span> <span class='ocrx_word' id='word_1_389' title='bbox 1916 3770 1971 3820; x_wconf 88' lang='lat' dir='ltr'><strong>in</strong></span> <span class='ocrx_word' id='word_1_390' title='bbox 1995 3769 2249 3821; x_wconf 84' lang='lat' dir='ltr'><strong>abdicatis</strong></span> <span class='ocrx_word' id='word_1_391' title='bbox 2274 3771 2435 3824; x_wconf 73' lang='lat' dir='ltr'><strong>fnisse</strong></span> 
     </span>
     <span class='ocr_line' id='line_1_67' title="bbox 1429 3845 2432 3919; baseline 0.002 -19"><span class='ocrx_word' id='word_1_392' title='bbox 1429 3846 1683 3900; x_wconf 85' lang='lat' dir='ltr'><strong>credibile</strong></span> <span class='ocrx_word' id='word_1_393' title='bbox 1706 3859 1811 3910; x_wconf 84' lang='lat' dir='ltr'><strong>est;</strong></span> <span class='ocrx_word' id='word_1_394' title='bbox 1835 3849 1956 3919; x_wconf 87' lang='lat' dir='ltr'><strong>quia</strong></span> <span class='ocrx_word' id='word_1_395' title='bbox 1980 3845 2084 3915; x_wconf 87' lang='lat' dir='ltr'><strong>illi,</strong></span> <span class='ocrx_word' id='word_1_396' title='bbox 2109 3860 2165 3899; x_wconf 86' lang='lat' dir='ltr'><strong>ut</strong></span> <span class='ocrx_word' id='word_1_397' title='bbox 2194 3866 2303 3919; x_wconf 88' lang='lat' dir='ltr'><strong>seq.</strong></span> <span class='ocrx_word' id='word_1_398' title='bbox 2328 3852 2432 3902; x_wconf 87' lang='lat' dir='ltr'><strong>De-</strong></span> 
     </span>
     <span class='ocr_line' id='line_1_68' title="bbox 1430 3924 2431 3997; baseline 0.002 -19"><span class='ocrx_word' id='word_1_399' title='bbox 1430 3925 1774 3992; x_wconf 86' lang='lat' dir='ltr'><strong>clamatione,</strong></span> <span class='ocrx_word' id='word_1_400' title='bbox 1788 3938 1991 3997; x_wconf 87' lang='lat' dir='ltr'><strong>patrem</strong></span> <span class='ocrx_word' id='word_1_401' title='bbox 2006 3944 2113 3977; x_wconf 91' lang='lat' dir='ltr'><strong>non</strong></span> <span class='ocrx_word' id='word_1_402' title='bbox 2129 3924 2324 3979; x_wconf 85' lang='lat' dir='ltr'><strong>habere</strong></span> <span class='ocrx_word' id='word_1_403' title='bbox 2340 3928 2431 3980; x_wconf 84' lang='lat' dir='ltr'><strong>fin-</strong></span> 
     </span>
     <span class='ocr_line' id='line_1_69' title="bbox 1429 4003 2429 4076; baseline 0.003 -19"><span class='ocrx_word' id='word_1_404' title='bbox 1429 4005 1710 4075; x_wconf 77' lang='lat' dir='ltr'><strong>gebantur.</strong></span> <span class='ocrx_word' id='word_1_405' title='bbox 1744 4006 1912 4057; x_wconf 74' lang='lat' dir='ltr'><strong>Bou.</strong></span> <span class='ocrx_word' id='word_1_406' title='bbox 1937 4033 2011 4045; x_wconf 91' lang='lat'>—</span> <span class='ocrx_word' id='word_1_407' title='bbox 2034 4003 2271 4076; x_wconf 71' lang='lat' dir='ltr'><strong>Elogium</strong></span> <span class='ocrx_word' id='word_1_408' title='bbox 2304 4005 2357 4060; x_wconf 88' lang='lat' dir='ltr'><strong>h.</strong></span> <span class='ocrx_word' id='word_1_409' title='bbox 2394 4007 2429 4059; x_wconf 85' lang='lat' dir='ltr'><strong>l.</strong></span> 
     </span>
     <span class='ocr_line' id='line_1_70' title="bbox 1431 4086 2180 4159; baseline -0.001 -22"><span class='ocrx_word' id='word_1_410' title='bbox 1431 4086 1616 4139; x_wconf 82' lang='lat' dir='ltr'><strong>titulus</strong></span> <span class='ocrx_word' id='word_1_411' title='bbox 1641 4100 1746 4151; x_wconf 87' lang='lat' dir='ltr'><strong>est,</strong></span> <span class='ocrx_word' id='word_1_412' title='bbox 1769 4104 1865 4139; x_wconf 82' lang='lat' dir='ltr'><strong>seu</strong></span> <span class='ocrx_word' id='word_1_413' title='bbox 1888 4086 2180 4159; x_wconf 78' lang='lat' dir='ltr'><strong>inscriptio.</strong></span> 
     </span>
    </p>
   </div>
   <div class='ocr_carea' id='block_1_8' title="bbox 1254 4289 1530 4306">
    <p class='ocr_par' dir='ltr' id='par_1_9' title="bbox 1254 4289 1530 4306">
     <span class='ocr_line' id='line_1_71' title="bbox 1254 4289 1530 4306; baseline 0 811"><span class='ocrx_word' id='word_1_414' title='bbox 1254 4289 1530 4306; x_wconf 95' lang='lat' dir='ltr'><strong> </strong></span> 
     </span>
    </p>
   </div>
  </div>
 </body>
</html>
