3200 5117
789 508 863 575 16
1289 513 1381 577 Μ.
1432 510 1678 576 FABII
1724 510 2357 594 QUINTILIANI

780 659 924 704 non
965 632 1148 706 illius
1189 634 1660 723 festinatione,
1696 632 1838 706 noli
1867 655 2099 705 tamen
2131 635 2367 706 mirari
2397 635 2765 734 pudicam,
2806 635 2863 708 si

780 748 1046 821 castitas
1080 775 1224 821 non
1258 749 1490 820 statim
1530 748 1645 818 irae
1682 774 1819 819 suae
1857 749 2195 847 imperare
2227 750 2477 848 potuit:
2509 750 2665 822 satis
2695 777 2872 849 prae·

778 884 906 934 stat
934 884 1154 963 rapta,
1193 890 1345 963 quae
1387 889 1533 935 non
1569 862 1702 935 cito
1736 883 1944 961 optat.
1992 866 2082 934 At
2109 863 2298 934 enim
2323 865 2473 963 jam
2503 866 2865 937 vulnerato

780 969 1070 1079 opmirit,
1114 980 1447 1080 quoniam
1481 979 1900 1052 moriturum
1934 980 2225 1051 sciebat:
2271 981 2563 1079 captavit
2590 981 2871 1053 heredi-

780 1116 1019 1168 tatem.
1042 1099 1232 1168 Num
1257 1096 1467 1194 igitur
1491 1077 1810 1167 animum
1838 1095 2082 1195 puellae
2104 1123 2146 1168 a
2171 1097 2415 1195 primis
2440 1098 2868 1197 temporibus

782 1232 1013 1310 raptor
1068 1211 1406 1311 ignoravit
1434 1210 1462 1282 Ρ
1516 1214 1861 1309 Magnum
1914 1210 2291 1283 clementiae
2344 1233 2862 1311 argumentum.

781 1328 917 1412 Cui
952 1349 1248 1427 potestas
1290 1327 1595 1400 adeundi
1645 1328 2074 1425 magistratus
2107 1329 2373 1420 statim,
2409 1330 2660 1400 emissa
2692 1355 2868 1401 con·

780 1444 975 1516 tinuo
999 1471 1126 1516 vox
1145 1501 1163 1533 ,
1195 1471 1334 1542 qua
1359 1470 1429 1515 se
1454 1465 1522 1515 et
1551 1443 1882 1544 injuriam
1906 1469 2105 1514 suam
2132 1443 2605 1532 ulcisceretur,
2639 1442 2870 1513 finiret

782 1586 993 1634 onera
1037 1558 1320 1658 pudoris
1363 1558 1507 1648 sui,
1549 1558 1745 1629 audit
1790 1578 2102 1656 rogantes
2152 1557 2273 1629 diu
2314 1585 2329 1629 ε
2376 1558 2683 1657 primum
2733 1557 2868 1628 hoc

678 1667 699 1678 ’
782 1670 1267 1772 praejudicium
1298 1670 1446 1772 ejus
1479 1692 1614 1762 est,
1652 1698 1803 1770 quae
1833 1672 2090 1744 exorari
2119 1672 2350 1770 possit.
2383 1673 2631 1770 Rogari
2657 1671 2864 1761 velle,

782 1813 905 1885 pro
942 1808 1175 1886 rogato
1206 1808 1339 1859 est:
1387 1786 1519 1859 hoc
1547 1807 1821 1858 tantum
1852 1813 1994 1859 non
2025 1800 2043 1831 ¹
2082 1787 2239 1859 satis
2268 1806 2439 1877 erat,
2469 1786 2775 1886 judiceS,
2810 1785 2866 1856 si

703 1959 709 1964 .
783 1902 1115 1994 dicerem,
1156 1931 1299 1977 non
1340 1904 1635 2003 negavit.
1681 1905 1893 2002 Atqui
1942 1904 2141 1976 dolor
2182 1904 2515 2002 erumpit,
2550 1925 2619 1975 et
2655 1929 2872 1974 num-

783 2045 998 2116 quam
1040 2019 1139 2090 ira
1178 2021 1323 2092 fere
1366 2019 1637 2092 silentio
1671 2019 2081 2091 continetur.
2127 2019 2409 2091 Miseret
2446 2044 2563 2090 me
2605 2017 2872 2089 adoles-

784 2132 997 2205 centis
1044 2134 1295 2232 optimi
1355 2134 1615 2233 alioqui
1670 2154 1737 2206 et
1792 2133 1999 2205 nimis
2047 2133 2420 2205 verecundi
2456 2191 2475 2223 ,
2532 2133 2721 2232 quod
2773 2133 2870 2205 sic

784 2245 1105 2318 animum
1153 2246 1300 2347 ejus
1342 2248 1934 2348 interpretamini:
1987 2247 2198 2319 satius
2239 2268 2382 2319 erat
2414 2246 2682 2337 dicere,
2724 2273 2867 2318 non

784 2362 1094 2457 negavit:
1145 2362 1368 2435 audeo
1413 2363 1683 2453 dicere,
1741 2360 1915 2433 illud
1960 2362 2314 2460 promisit,
2360 2389 2592 2462 neque
2637 2389 2866 2435 unum

788 2475 1240 2573 promittendi
1265 2504 1484 2576 genus
1515 2497 1630 2549 est.
1660 2476 2002 2549 Voluntas
2024 2475 2403 2549 hominum
2427 2504 2571 2550 non
2596 2497 2868 2549 tantum

784 2618 948 2663 voce
976 2592 1239 2689 signata
1268 2614 1387 2664 est.
1414 2596 1521 2663 An
1541 2619 1702 2664 vero
1720 2594 1776 2664 si
1798 2619 2016 2664 manu
2039 2589 2493 2701 promisisset,
2514 2620 2606 2665 an
2632 2592 2868 2665 'vultu

786 2705 1137 2778 annuisset
1156 2764 1176 2798 ,
1206 2708 1474 2780 dedisse
1496 2708 1710 2780 fidem
1737 2728 1805 2780 et
1826 2710 2273 2781 confirmasse
2295 2736 2490 2809 spem
2517 2709 2751 2808 puella
2775 2708 2873 2778 vi-

788 2820 1059 2892 deretur
1075 2878 1095 2911 ,
1126 2848 1277 2918 quae
1306 2823 1480 2894 facie
1504 2823 1833 2894 affectum
1851 2878 1870 2912 ,
1897 2849 2049 2921 quae
2072 2823 2228 2898 totis
2251 2823 2471 2895 oculis
2500 2821 2871 2896 misericor-

789 2937 981 3009 diam
1029 2937 1372 3035 prodidit?
1415 2938 1599 3010 flevit
1634 2966 1648 3010 :
1696 2939 1885 3011 idern
1920 2939 2084 3012 fecit
2116 2937 2305 3038 quod
2337 2938 2471 3027 illi,
2519 2938 2641 3035 qui
2673 2963 2874 3035 roga-

790 3052 985 3140 bant;
1009 3051 1095 3123 ad
1121 3053 1554 3124 mentionem
1577 3053 1902 3150 periculi,
1933 3054 2023 3125 ad
2048 3052 2477 3126 mentionem
2502 3051 2872 3139 carnifici5‚

792 3164 1036 3238 uberes
1077 3165 1391 3239 lacrimas
1438 3168 1787 3267 profudit3
1844 3167 2021 3241 c'erte
2068 3195 2211 3240 non
2252 3166 2452 3238 video
2493 3166 2825 3237 affectum
2850 3221 2872 3253 ‚

792 3279 912 3376 qui
957 3281 1245 3352 occidat.
1281 3280 1414 3354 Sed
1457 3284 1672 3354 tacuit
1708 3311 1722 3354 ε
1772 3283 2033 3382 alioqui
2066 3282 2197 3354 hoc
2227 3308 2346 3353 vos
2379 3279 2749 3378 exigebatis
2781 3279 2870 3350 ab

793 3419 903 3481 ea,
951 3420 1102 3491 quae
1150 3397 1360 3469 modo
1412 3397 1600 3496 virgo
1641 3398 1865 3470 fuerat
1882 3397 1934 3489 3,
1971 3424 2122 3494 quae
2163 3398 2295 3470 hoc
2327 3423 2588 3470 nomen
2633 3394 2876 3497 paullo

868 3596 910 3630 ι.
957 3579 1186 3633 Tantum
1233 3600 1357 3634 non.
1393 3586 1516 3655 [εὖ.
1562 3595 1794 3637 tantum-
1873 3583 2240 3656 donon‚quod
2259 3584 2500 3657 pluribus
2519 3583 2606 3636 hic
2624 3585 2878 3653 persequi

795 3677 926 3726 non,
964 3677 1071 3710 uno
1118 3660 1410 3730 vocabulo,
1454 3662 1602 3735 quod
1637 3666 1793 3733 etiam
1874 3685 1982 3718 non
2020 3680 2098 3718 est
2121 3668 2346 3719 instituti
2376 3667 2558 3718 nostri.
2587 3667 2732 3715 Prm.
2772 3662 2876 3716 Sed

791 3736 1031 3809 pluribus
1073 3751 1348 3793 auctorum
1392 3755 1627 3795 veterum
1661 3742 1793 3796 locis
1874 3767 1967 3800 cur
1990 3767 2100 3801 non
2132 3748 2307 3801 divisis
2333 3745 2584 3800 vocibus?
2621 3757 2680 3796 ut
2714 3746 2875 3798 toties

791 3820 1125 3889 ignoratione
1170 3836 1478 3894 corruptum
1529 3838 1635 3891 est,
1681 3843 1790 3877 non
1865 3828 1980 3896 jam
2014 3829 2070 3878 in
2100 3823 2584 3879 Declamationibus
2607 3824 2877 3896 prioribus

790 3898 952 3951 modo
994 3901 1139 3973 apud
1176 3902 1441 3956 Valerium
1476 3906 1795 3974 Maximum,
1873 3907 2117 3962 vidimus.

794 3976 885 4029 sed
921 3992 974 4031 et
1009 3979 1151 4052 apud
1188 3981 1468 4050 Senecam,
1506 3986 1794 4038 Asconium
1948 4009 1996 4043 2.
2024 3990 2110 4043 An
2140 3988 2305 4041 vultu.
2326 3989 2449 4059 Leg.
2476 3997 2569 4039 aut
2591 3985 2752 4038 vultu.

794 4070 846 4110 et
896 4057 1206 4111 Suetonium
1250 4062 1655 4132 Tranquillum,
1702 4067 1794 4136 qui
1945 4069 1994 4121 3.
2039 4068 2162 4138 Quoe
2193 4067 2344 4120 modo
2377 4066 2523 4142 vir-90
2550 4066 2754 4137 fuerat.
2791 4061 2873 4116 cl.

794 4148 845 4192 et
881 4134 1064 4189 eadem
1096 4138 1265 4190 forma
1293 4141 1642 4215 tantumquod
1664 4141 1794 4195 dixit
1873 4147 2073 4200 Bestius
2108 4146 2174 4199 de
2208 4147 2397 4198 ration.
2423 4143 2641 4198 Emend.
2676 4145 2801 4212 Leg.
2826 4159 2872 4192 c.

794 4233 920 4285 pro,
946 4214 1185 4282 vixdum,
1211 4230 1270 4270 ut
1292 4217 1658 4287 Marcellinus,
1681 4241 1793 4274 mo-
1873 4225 2010 4293 XIV,
2036 4225 2078 4295 §-
2113 4226 2145 4281 8
2168 4248 2179 4277 :
2204 4228 2279 4278 ita
2312 4225 2438 4296 legit
2478 4217 2873 4294 et⁴distinguitz

1546 4501 1577 4526 s
