3200 5117
754 457 1600 554 DECLAMATloNES·
1648 478 2022 557 cccxtx.

341 623 633 705 potsunt
660 621 806 674 uno
827 598 1097 701 judicio
1122 599 1442 697 cognosci
1469 627 1483 670 :
1512 625 1793 696 aequum
1821 622 1919 673 est
1942 630 2129 675 ream
2164 629 2438 704 respon-

341 720 505 792 dere
543 718 632 791 ad
674 717 782 808 id,
828 714 1019 814 quod
1062 714 1409 817 objicitur.
1455 719 1676 806 Puta,
1711 716 2023 790 omittere
2057 745 2209 802 me,
2244 717 2434 817 quod

339 855 542 908 antea
575 830 991 934 objecerim3
1026 855 1171 906 non
1205 857 1634 930 perseverare
1667 830 1741 902 in
1777 857 1897 922 eo,
1932 854 2209 932 propter
2246 835 2437 932 quod

340 946 620 1021 detuli¹:
648 944 736 1018 de
766 944 907 1020 vita
935 943 1217 1043 cogitari
1244 970 1525 1043 oequum
1555 965 1689 1036 est,
1716 944 1804 1017 de
1834 946 2094 1046 majore
2120 974 2191 1018 re
2221 949 2435 1044 quaeri

340 1062 558 1163 prius.
592 1064 834 1134 Postea
865 1059 1093 1132 dimm
1114 1115 1134 1151 ,
1181 1086 1261 1132 ex
1302 1088 1444 1161 qua
1476 1059 1873 1134 diffidentia
1913 1060 2214 1160 praeferri
2237 1060 2437 1162 judi-

340 1177 535 1252 cium
559 1175 880 1252 adulterii
902 1174 1106 1248 velit:
1139 1174 1417 1247 interim
1445 1174 1587 1248 duo
1613 1174 1912 1250 crimina
1937 1175 2125 1275 apud
2145 1202 2268 1248 vos
2290 1204 2441 1274 pro-

341 1311 721 1391 ponuntur,
766 1288 1226 1380 adulterium,
1263 1310 1332 1362 et
1369 1288 1867 1389 parricidium:
1918 1288 2005 1362 de
2050 1310 2202 1362 utro
2245 1289 2440 1388 prius

341 1406 660 1504 cognosci
694 1402 1009 1503 oportet?
1047 1402 1337 1476 hoccine
1375 1429 1659 1501 aequum
1693 1423 1829 1494 est,
1873 1403 2144 1476 sceleris
2176 1403 2440 1503 gravis-

341 1521 539 1612 simi,
572 1520 843 1596 sceleris
874 1518 1278 1594 atrocissimi
1311 1518 1772 1591 dilationem
1753 1519 2143 1619 tmpetrari,
2179 1519 2343 1618 quia
2376 1542 2443 1594 et

2304 482 2431 570 287

338 1750 609 1821 tionem
637 1748 995 1821 redderet:
1028 1747 1366 1846 quoniam
1392 1747 1480 1820 ad
1511 1747 2004 1847 parricidium,
2033 1749 2276 1847 prioris
2309 1750 2442 1820 cri-

341 1863 554 1935 minis
597 1861 992 1935 diffidentia
1010 1917 1031 1952 ‚
1064 1861 1289 1952 venit,
1334 1862 1471 1934 huc
1513 1863 1879 1956 trahitur²‚
1925 1883 2205 1963 propter
2250 1864 2441 1961 quod

343 1976 597 2051 occidit
620 1975 869 2050 filium.
900 1975 1009 2060 Ab
1038 1974 1169 2048 hac
1197 1977 1502 2052 occisum
1528 2005 1671 2052 esse
1693 1976 1851 2050 dico
1875 2003 1892 2048 :
1924 1976 2268 2077 quamdiu
2285 2033 2305 2067 ‚
2326 1977 2445 2079 ju·

343 2093 552 2183 dices,
577 2092 837 2184 sinetis,
861 2090 995 2178 hoc
1016 2116 1162 2180 esse
1188 2090 1530 2182 dubium?
1550 2093 1714 2165 vivit
1736 2091 2020 2165 interim
2051 2091 2127 2164 in
2148 2092 2441 2182 civitate,

344 2208 529 2282 inter
559 2235 686 2281 nos
716 2229 820 2282 est
848 2208 1118 2281 femina
1146 2208 1323 2281 inter
1348 2208 1667 2308 prodigia
1694 2207 2166 2298 numeranda,
2197 2207 2445 2305 implet

343 2350 725 2397 numerum
750 2322 1066 2412 civitatis;
1104 2344 1175 2397 et
1194 2323 1398 2414 vivit,
1433 2322 1611 2396 dum
1635 2325 1741 2396 bis
1772 2350 1889 2398 rea
1912 2322 2037 2395 sit:
2069 2323 2441 2423 praesertim

345 2440 420 2512 in
457 2440 586 2512 hac
620 2441 932 2530 civitate,
967 2440 1042 2512 in
1077 2467 1217 2539 qua
1233 2439 1511 2542 judicia
1551 2440 1675 2512 diu
1711 2439 2153 2512 differuntur.
2189 2441 2297 2511 De
2327 2466 2442 2511 me

344 2554 586 2654 utique
618 2553 852 2627 mirari
885 2581 1030 2628 non
1054 2554 1364 2654 potestis»,
1390 2554 1444 2627 si
1475 2582 1721 2629 omnes
1749 2581 1977 2628 moras
2007 2553 2126 2626 odi
2145 2610 2164 2643 ,
2200 2579 2444 2626 omnes

346 2667 746 2742 dilationes:
771 2668 972 2742 liceat
990 2667 1345 2742 vindicare
1370 2667 1600 2744 filium
1616 2726 1636 2758 ,
1661 2669 1839 2742 dum
1852 2669 2042 2758 vivo;
2063 2688 2439 2764 antequam

348 2783 434 2855 ad
458 2805 922 2857 accusatorem
944 2804 1328 2858 transeatur
1346 2812 1388 2857 a
1409 2805 1576 2857 teste
1593 2784 1646 2856 3.
1677 2786 1789 2857 An
1808 2783 1941 2858 hoc
1964 2808 2244 2882 aequum
2260 2839 2279 2872 ‚
2311 2780 2444 2852 hoc

424 2931 445 2967 1
457 2916 813 3006 ,Quoddomltl
821 2915 1222 2988 Quodtedetult’.
1232 2917 1353 2971 Scu.
1433 2934 1652 2972 uxorem
1700 2916 1941 2970 adulterii
1984 2914 2328 2988 postulante,
2374 2912 2444 2964 ad

346 2994 513 3050 -De
536 2995 643 3047 vita
661 2997 909 3085 coyitmi,
934 3013 1141 3068 oequum
1165 3004 1271 3062 est,
1291 2993 1357 3046 de
1434 2996 1630 3060 filium,
1654 2998 1748 3066 qui
1771 2997 1915 3048 testis
1935 2996 2147 3046 futurus
2169 3006 2312 3058 erat,
2337 3005 2446 3044 tan·

346 3074 547 3144 majore
562 3075 739 3145 quoen‘.
765 3073 1059 3145 Significat,
1079 3072 1224 3145 quod
1243 3072 1354 3125 cla-
1436 3076 1583 3145 tique
1607 3072 1871 3145 parricidii
1893 3075 2234 3145 quaestionem
2259 3070 2444 3122 ordine

345 3153 457 3204 rius
470 3165 687 3223 postea,
702 3167 753 3206 et
768 3171 826 3206 se
841 3171 948 3206 suae
961 3165 1209 3205 metuere.
1220 3153 1356 3206 Dein

345 3232 666 3304 scripserim.
654 3232 743 3284 πίε
754 3235 951 3305 πορίων
964 3231 1361 3303 requoeripn‘toe.

345 3311 754 3365 Gaea—Hos
735 3329 1003 3383 moequum
1017 3322 1104 3364 est.
1122 3308 1357 3364 Hoccine

345 3408 585 3464 «equum,
617 3390 817 3446 sceleris
843 3390 1154 3466 gravissimi.
1186 3389 1352 3452 Gnot«.

345 3472 430 3527 Ita
442 3485 495 3525 et
506 3469 886 3542 Sehuhingim,
899 3472 1139 3526 Latinius
1154 3483 1207 3524 et
1221 3470 1353 3525 Obr.

422 3567 470 3602 2.
500 3550 625 3604 Huc
649 3551 890 3604 trahitur.
919 3550 1040 3608 Huc
1067 3549 1259 3617 trahit,
1288 3547 1358 3610 ad

347 3630 548 3686 crimen
574 3628 833 3686 adulterii.
859 3628 1080 3690 Senum.

421 3707 474 3764 3.
490 3708 790 3782 Antequam
804 3710 869 3762 ab
885 3717 1177 3764 accusatore
1195 3719 1358 3761 tram·

349 3785 580 3838 eatan-ad
596 3796 785 3842 testem.
802 3790 919 3840 Hoc
935 3800 1014 3840 est
1024 3789 1195 3854 ,Dum
1212 3788 1357 3856 vivo,

351 3864 536 3922 malim
553 3863 719 3924 fllium
736 3865 1032 3932 vindicare
1051 3880 1103 3920 et
1121 3878 1359 3922 extraor-

351 3944 617 4004 dinariam
628 3946 1052 4022 tempas-riniani
1068 3964 1224 4017 egere
1235 3982 1253 4012 ,
1274 3945 1361 4000 de-

344 4026 459 4082 lata
481 4026 584 4084 luo
610 4030 758 4102 prius
773 4066 791 4096 .‚
816 4030 939 4086 licet
967 4041 1208 4104 tempore
1234 4045 1363 4100 poe-

351 4108 516 4164 wrior
548 4108 650 4175 sit,
684 4110 1062 4168 montione·
1049 4146 1061 4159 .
1097 4124 1167 4162 ne
1194 4108 1239 4159 si
1273 4105 1364 4160 de-

344 4205 525 4257 ⁴num,
547 4190 756 4265 inquit,
778 4188 848 4246 ab
868 4200 1181 4246 accusatore
1202 4205 1288 4242 me
1309 4194 1365 4242 et

1437 3166 1763 3218 transeatur,
1798 3166 1979 3223 erepto
2009 3151 2252 3204 adulterii
2279 3163 2442 3216 teste,

1437 3244 1492 3284 et
1523 3248 1685 3284 causa
1712 3229 1833 3282 ideo
1862 3231 2053 3300 saepius
2087 3228 2369 3300 ampliata,
2397 3229 2443 3283 si

1435 3311 1648 3364 iuterim
1683 3311 1906 3375 moriar,
1948 3321 2132 3380 pereat
2177 3306 2445 3380 parricidii

1428 3389 1708 3462 judicium.
1729 3391 1790 3442 In
1810 3406 2010 3442 summa
2023 3427 2040 3456 ‚
2055 3401 2207 3461 pater
2217 3387 2306 3441 hie
2319 3407 2444 3460 pos-

1435 3470 1596 3536 tulat,
1620 3484 1682 3523 ut
1703 3468 2152 3540 quemadmodum
2177 3470 2353 3522 causis
2374 3468 2443 3520 de

1434 3552 1515 3616 vi,
1532 3549 1758 3619 aliisque
1774 3548 1845 3602 ob
1861 3552 2319 3620 conjunctionem,
2339 3549 2446 3620 pri·

1436 3648 1554 3686 muz
1595 3627 1787 3700 agendi
1827 3628 1975 3684 locun
2016 3642 2164 3686 extra
2205 3628 2448 3680 ordinem-

1436 3710 1754 3772 constitutus
1790 3722 1933 3775 erat,
1966 3709 2062 3766 etsi
2094 3721 2218 3779 post
2250 3703 2443 3756 multas

1439 3786 1566 3843 alias
1608 3786 1794 3844 delam
1830 3801 2034 3840 essentx
2072 3790 2148 3839 ita
2179 3785 2327 3856 prior
2356 3782 2446 3834 hic

1438 3868 1509 3928 eit
1528 3864 1796 3940 parricidii
1816 3884 1973 3937 quam
1998 3863 2242 3920 adulterii
2266 3863 2447 3932 cogni-

1439 3947 1543 4012 tio,
1557 3944 1663 3998 hoc
1677 3947 1927 4011 maxime,
1943 3943 2090 4017 quod
2102 3940 2444 4014 parricidium

1439 4022 2444 4097 propteradulteriumcommissumest,

1441 4118 1495 4157 et
1526 4106 1650 4177 quia
1688 4117 1842 4156 caute
1877 4121 2011 4156 uxor
2044 4101 2276 4175 praeferri
2303 4098 2446 4171 judi
2491 4144 2500 4149 .

1440 4185 1586 4238 cium
1608 4182 1853 4240 adulterii
1872 4177 2164 4251 deciderat,
2187 4180 2288 4235 sihi
2309 4199 2443 4235 con·-
