3200 5117
662 667 679 685 κ
752 571 879 651 264
1260 570 1354 637 M.
1402 568 1652 634 FABII
1697 568 2334 652 QUINTILIANI

751 688 954 762 nulla
982 687 1222 765 dilatio
1256 709 1375 762 est.
1408 688 1605 789 Quid
1632 710 1697 762 te
1727 689 1984 763 movit?
2016 689 2186 789 quid
2212 689 2500 763 attulisti
2529 692 2618 763 ad
2641 693 2850 795 judi--

755 803 953 894 cem?
976 803 1108 883 hoc
1136 803 1329 880 enim
1347 804 1497 875 vult
1520 804 1629 876 lex
1647 803 1839 903 prius
1862 804 2072 877 etiam
2095 795 2461 903 approbari
2488 806 2617 905 ipsi
2644 833 2845 881 accu-

758 922 987 1002 satori,
1024 924 1203 1020 Ergo
1233 921 1443 994 etiam
1470 921 1789 994 voluntas
1825 921 1995 1021 legis
2032 949 2160 1021 pro
2190 923 2392 995 nobis
2429 943 2562 1014 est,
2600 946 2668 997 et
2698 952 2844 998 non

757 1057 1037 1118 tantum
1079 1036 1450 1135 scriptum,
1490 1037 1682 1135 quod
1712 1037 1872 1111 satis
1912 1057 2106 1110 erat:
2147 1036 2282 1109 nisi
2314 1037 2414 1109 ita
2446 1037 2843 1111 recedamus

759 1154 851 1228 ab
896 1167 1047 1243 eo',
1096 1152 1287 1250 quod
1330 1172 1607 1252 propter
1649 1173 1717 1227 te
1760 1172 2080 1232 nostrum
2122 1171 2261 1242 est,
2316 1173 2395 1224 ut
2436 1153 2842 1228 concessisse

759 1266 1146 1340 videamur.
1176 1266 1313 1342 Sed
1342 1287 1422 1340 ut
1444 1265 1892 1358 transissetis‚
1923 1291 2193 1355 rursus,
2224 1264 2298 1337 id
2321 1261 2512 1365 quod
2539 1264 2841 1356 dicebat,

762 1409 986 1483 quum
1030 1402 1384 1479 suspectus
1426 1403 1599 1457 esset
1635 1408 1832 1471 reuS,
1878 1380 2048 1454 boni
2089 1402 2234 1454 erat
2272 1382 2438 1456 civis
2477 1408 2839 1455 accusaret

764 1523 993 1595 neque
1032 1496 1233 1579 aliter
1275 1517 1448 1569 stare
1488 1497 1674 1595 leges
1720 1518 2042 1597 possunt,
2091 1523 2320 1596 neque
2362 1496 2557 1569 aliter
2591 1498 2842 1570 civitas.

763 1611 1131 1694 Accusavi:
1162 1611 1337 1710 quid
1365 1610 1646 1711 postea?
1672 1611 2007 1710 quoniam
2039 1611 2252 1686 homo
2282 1611 2545 1684 occisus
2571 1610 2847 1684 videba-

765 1747 923 1806 tur;
969 1723 1081 1797 hic
1124 1746 1360 1798 tamen
1403 1725 1627 1824 perire
1663 1725 1922 1824 potuit,
1966 1745 2034 1798 et
2063 1724 2283 1798 occidi
2314 1725 2580 1825 potuit,
2622 1746 2690 1798 et
2720 1726 2847 1799 hoc

766 1840 1144 1941 indignum
1179 1861 1299 1913 est.
1325 1841 1650 1916 Primum
1678 1841 2004 1920 omnium
2038 1839 2298 1914 durum
2327 1863 2458 1933 est,
2493 1867 2712 1913 unam
2742 1842 2852 1914 in-

768 1957 909 2029 dici
935 1958 1214 2056 utrique
1233 1958 1589 2032 fortunam
1608 2014 1628 2048 ‚
1656 1978 1723 2034 et
1739 1957 1962 2030 occidi
1986 1955 2351 2030 hominem
2369 2014 2389 2049 ,
2410 1957 2578 2056 quia
2601 1957 2850 2055 aliquis

770 2073 992 2145 occidi
1015 2074 1352 2172 potuerit:
1381 2073 1592 2175 hujus
1618 2073 1834 2173 culpae
1866 2074 1960 2153 ita
1976 2088 2001 2117 ²
2034 2099 2290 2172 magna
2311 2099 2515 2173 poena
2538 2093 2671 2166 est,
2695 2099 2853 2145 cau-

772 2213 922 2259 sam
953 2187 1243 2260 edicitis.
1275 2188 1547 2260 Deinde
1576 2188 1709 2262 hoc
1741 2215 1885 2260 non
1913 2208 2186 2262 tantum
2215 2188 2626 2261 accusatoris
2650 2188 2857 2287 culpa

772 2302 1037 2374 factum
1063 2323 1194 2375 est:
1219 2304 1499 2375 fortasse
1525 2303 1619 2375 ita
1636 2303 1926 2375 vixeras:
1961 2301 2180 2375 multa
2202 2300 2615 2401 petulanter,
2642 2300 2858 2373 multa

778 2438 1063 2510 temere,
1089 2419 1314 2492 multa
1332 2440 1615 2492 cruente
1636 2417 2098 2492 commiseras,
2117 2417 2535 2517 Turpissimi
2554 2415 2858 2489 hominis

777 2555 1269 2633 argumentum
1298 2555 1398 2618 est
1422 2533 1865 2606 innocentem
1883 2559 2081 2633 posse
2105 2530 2423 2614 damnari
2449 2560 2463 2603 ε
2495 2558 2638 2608 non
2661 2530 2853 2602 enim

858 2799 878 2834 1
891 2822 903 2833 .
918 2783 1039 2837 Nisi
1051 2784 1125 2836 ita
1144 2783 1437 2837 recedamus
1453 2786 1517 2837 ab
1534 2805 1611 2839 eo.
1633 2787 1786 2838 AEro-

780 2862 932 2915 dius:
952 2861 1247 2935 NisiaJm
1267 2853 1582 2930 receda'mus,
1607 2865 1782 2917 habeo.

778 2939 914 3006 Alii,
935 2942 1057 2994 Nisi
1070 2943 1201 3013 jura
1233 2942 1596 2995 rescindamus.
1622 2944 1787 2996 Dein-

779 3017 878 3073 de·
907 3019 1014 3073 Sed
1038 3032 1097 3072 ut
1128 3021 1381 3074 transisset
1411 3020 1504 3088 lis,
1541 3040 1707 3075 nasus
1732 3020 1788 3072 id

779 3098 925 3169 quod
960 3098 1209 3150 dicebam.
1250 3097 1385 3150 Mihi
1423 3099 1782 3152 nascebatur·

780 3177 942 3230 Nunc
981 3188 1042 3230 ut
1081 3177 1373 3231 recedamus
1411 3178 1476 3229 ab
1515 3196 1609 3245 eo,
1646 3175 1791 3250 quod

776 3273 988 3328 propr-te
1013 3267 1241 3311 nostrum
1272 3267 1374 3322 est,
1409 3268 1469 3309 ut
1499 3255 1789 3310 concessisse

780 3334 1079 3402 videamur,
1116 3348 1291 3389 tamen
1330 3349 1454 3390 esset
1494 3355 1664 3390 rursm
1701 3337 1785 3403 ei,

779 3412 927 3486 quod
949 3414 1151 3467 diceret.
1183 3416 1355 3486 Quum
1377 3427 1658 3488 suspectus,
1685 3428 1785 3467 etc.

781 3493 1018 3545 διαιταν.
1060 3495 1279 3567 Proprie
1321 3508 1552 3548 nostrum
1573 3516 1589 3544 .·
1632 3494 1789 3546 etiam

782 3572 1174 3644 Schultingius‚
1204 3589 1288 3642 et,
1318 3577 1407 3629 sed
1440 3587 1503 3628 ut
1532 3575 1791 3630 transisse-

782 3670 914 3706 mus.
939 3673 979 3706 ι·.
1006 3654 1042 3705 ἰ.
1068 3673 1121 3727 q.
1143 3653 1392 3707 dicebam.
1415 3655 1518 3708 Sed
1543 3666 1604 3707 ut
1624 3667 1790 3709 trans-

783 3736 898 3790 isset
915 3735 957 3789 is
973 3755 1169 3802 rursus,
1192 3735 1247 3787 id
1263 3737 1402 3810 quod
1420 3736 1634 3803 licebat,
1655 3737 1787 3791 Obr.

784 3846 854 3857 —
878 3815 1141 3886 Quoniam
1175 3814 1346 3870 bomo.
1385 3817 1645 3887 Quoniam
1681 3835 1790 3868 non

782 3893 948 3949 habet
977 3892 1260 3948 AEsod.—
1288 3895 1490 3950 Duram
1524 3905 1599 3948 est
1630 3914 1791 3947 unam

785 3974 946 4027 indici
960 3976 1167 4048 utruque
1170 3975 1467 4047 fortunam
1484 3975 1678 4029 Sensus
1693 3987 1790 4038 est,

776 4050 950 4125 Atqui
989 4057 1243 4109 innocens
1285 4053 1457 4107 occidi
1493 4055 1700 4126 potuit,
1735 4053 1794 4105 ni

787 4132 926 4183 intra
943 4135 1265 4187 tricesimum
1286 4133 1427 4187 diem
1448 4151 1610 4204 poenu
1632 4131 1795 4185 dilata

790 4222 955 4275 esset,
972 4212 1117 4281 quod
1130 4224 1273 4265 certo
1291 4211 1566 4282 indignum
1579 4225 1678 4264 est.
1694 4208 1797 4263 Sed

790 4286 923 4340 illud
946 4289 1208 4360 indignius
1226 4305 1279 4344 et
1300 4288 1570 4357 acerbius,
1593 4303 1798 4342 utrum-

1867 2804 1970 2857 que
1995 2785 2201 2856 puniri,
2231 2803 2293 2836 ac
2317 2784 2482 2855 perire
2509 2779 2664 2834 simul
2693 2794 2857 2830 acen-

1867 2877 2092 2916 satorem
2117 2876 2170 2915 et
2190 2880 2368 2916 reum.
2394 2857 2664 2930 occidique
2685 2854 2859 2907 homi-

1864 2961 2018 3009 nem,
2041 2961 2151 2995 non
2175 2942 2298 3013 quia
2322 2939 2508 3011 aliquis
2531 2938 2737 2989 occisus
2762 2935 2861 2997 sit,

1866 3022 1961 3077 sed
1980 3024 2103 3093 quia
2120 3020 2325 3093 leg-ibus
2345 3017 2515 3074 occidi
2533 3015 2795 3088 potuerit,
2814 3025 2867 3064 et

1868 3104 2136 3175 quamvis,
2168 3104 2454 3166 innocens,
2477 3108 2752 3170 suspectus
2784 3106 2867 3145 ta-

1866 3202 1990 3235 men
2005 3219 2022 3247 ,
2051 3180 2170 3233 ideo
2198 3179 2479 3231 damnatus
2502 3188 2555 3228 et
2578 3175 2865 3226 convictus.

1866 3263 2047 3314 AEnon.
2067 3261 2273 3312 Durum
2293 3267 2366 3310 est
2383 3273 2490 3308 non
2509 3271 2673 3307 unam
2693 3250 2864 3304 indici.

1866 3341 2085 3394 senum.

1939 3436 1988 3470 2.
2018 3418 2188 3488 Hujus
2218 3413 2389 3487 oulpce
2419 3416 2510 3464 ita.
2543 3411 2612 3463 Η.
2648 3429 2693 3463 c.
2725 3410 2769 3463 si
2797 3409 2870 3459 ita

1867 3516 1940 3549 m.
1962 3515 2017 3568 p.
2042 3514 2088 3546 e.
2112 3512 2322 3547 causam
2346 3490 2545 3543 edicite.
2572 3490 2788 3541 Sonus-r.
2814 3486 2873 3538 St

1869 3588 1976 3631 tam
1996 3594 2190 3648 maqna
2205 3591 2363 3646 poena
2379 3584 2477 3637 ese,
2498 3588 2705 3623 causam
2722 3565 2872 3620 coedis

1870 3651 2231 3720 dicitis‚ob1·.
2267 3652 2436 3723 Hujus
2459 3648 2627 3720 culpoe
2660 3665 2766 3699 non
2799 3645 2876 3697 ita

1871 3751 1943 3783 m.
1963 3752 2018 3805 p.
2040 3750 2084 3783 e.
2111 3750 2273 3804 quam
2295 3731 2351 3781 in
2371 3746 2454 3779 me
2476 3726 2672 3791 divitis,
2693 3721 2873 3777 AErod.

1867 3839 1943 3852 —
1982 3810 2109 3862 Non
2149 3810 2290 3860 enim
2329 3806 2474 3859 dicit.
2513 3805 2692 3874 Lege,
2732 3801 2872 3856 dicis.

1869 3889 2105 3942 Gnomv.
2135 3915 2207 3927 --
2236 3888 2321 3937 Ita
2355 3903 2463 3937 non
2498 3882 2757 3935 erubescis.
2790 3880 2878 3931 Ῑὰι

1870 3966 2014 4038 (non
2033 3967 2308 4021 erubescis?
2319 3963 2341 4036 )
2360 3962 2622 4016 homicida
2646 3962 2775 4014 visus
2794 3976 2870 4022 es,

1872 4049 2004 4105 Ohr.
2039 4078 2109 4092 ⁴-
2145 4049 2273 4101 Non
2312 4047 2551 4099 omnium
2597 4039 2871 4106 sententie:

1874 4129 2127 4181 Francius
2158 4126 2355 4179 clarius
2384 4121 2612 4197 putabat
2649 4122 2793 4184 som,
2827 4117 2875 4168 si

1873 4206 2152 4297 legeretur,
2171 4223 2278 4259 non
2298 4202 2538 4256 omnium
2558 4200 2661 4255 istae
2676 4205 2878 4253 senteu—

1878 4286 1981 4339 22oe-
