3200 5117
647 465 1485 534 DECLAMATIONES.
1533 465 1986 533 ccxmm.
2284 492 2361 563 ¹9

308 611 491 662 nocet
516 591 589 662 in
620 592 1060 690 exemplum,
1100 615 1331 688 neque
1370 590 1459 681 is,
1498 590 1625 688 qui
1665 617 1738 663 se
1783 594 2086 691 agnoseit
2119 617 2368 669 contra

296 704 401 802 jus
438 707 711 795 reverti,
762 707 881 779 diu
926 707 1104 779 intra
1137 707 1315 779 fines
1342 733 1718 780 mansurus
1748 730 1864 781 est.
1913 714 1975 783 Is
2008 739 2199 803 vero,
2245 713 2368 810 qui

301 842 517 894 contra
568 824 802 922 legem
845 823 1066 894 sciens
1107 823 1323 913 redit,
1371 843 1589 895 tentat
1628 822 1793 924 jura
1832 826 2131 918 vincere,
2179 849 2249 900 et
2290 829 2364 900 in

302 935 721 1035 impudentia
754 965 878 1011 sua
896 958 1437 1037 perseveraturus
1466 960 1585 1011 est.
1611 938 1993 1014 Videamus
2021 970 2241 1036 nunc,
2276 972 2367 1016 an
2481 943 2488 950 ’

298 1050 459 1124 sicut
474 1081 704 1153 quum
724 1055 1117 1128 decessisset
1134 1069 1183 1145 ¹,
1204 1055 1465 1128 occisus
1490 1075 1623 1144 est,
1647 1055 1888 1127 reverti
1913 1077 2219 1157 tempore
2248 1059 2372 1133 illo

299 1166 502 1243 liceat.
560 1177 1057 1245 luennnm'ris
1118 1191 1342 1244 cffims
1401 1189 1802 1243 manuus
1862 1191 2374 1262 anqnmm

296 1305 630 1360 ExsmAET.
692 1291 945 1360 Utrum
991 1287 1124 1359 hoc
1164 1286 1630 1383 ⁸intelligimus
1659 1343 1680 1377 ,
1741 1287 2030 1384 singulis
2080 1290 2380 1362 caedibus

292 1402 861 1500 quinquennium
904 1428 1045 1475 esse
1082 1400 1579 1474 constitutum?
1611 1427 1703 1472 an
1748 1401 2026 1473 interest
2062 1402 2331 1501 aliquid
2358 1463 2379 1494 ‚

291 1518 553 1613 quoties
586 1518 881 1618 quisque
911 1517 1332 1618 peccaverit,
1360 1513 1551 1586 nulla
1578 1514 1974 1588 invenietur
2001 1516 2207 1607 ratic,
2238 1543 2380 1617 qua

292 1630 437 1703 duae
465 1635 694 1707 caedes
714 1655 869 1707 octo
899 1634 1103 1705 annis
1124 1633 1513 1705 exsulatum
1536 1645 1563 1675 ²
1595 1631 1948 1704 efficiant:
1979 1657 2142 1703 nam
2168 1633 2223 1703 si
2245 1633 2380 1706 im-

288 1751 650 1846 prudentis
674 1751 875 1823 caedis
900 1750 1316 1840 damnatum
1341 1747 1823 1845 quinquennio
1847 1749 2152 1820 exsulare
2173 1775 2380 1847 opor-

291 1882 409 1954 tet,
443 1867 642 1938 nihil
684 1863 1044 1936 intererit³
1083 1883 1250 1961 quot
1287 1863 1573 1962 quisque
1605 1852 1949 1936 occiderit.
1986 1867 2132 1964 Ego
2166 1864 2379 1963 igitur

286 1977 404 2050 hoc
434 1981 650 2068 dico,
677 1979 953 2076 quoties
976 1978 1341 2049 commissa
1369 1978 1459 2049 sit
1491 1978 1731 2069 caedes,
1767 1979 1961 2050 toties
1990 1980 2379 2078 quinquen-

287 2093 482 2167 nium
511 2119 668 2167 esse
690 2094 1132 2192 ponendum,
1159 2112 1224 2164 et
1240 2094 1372 2166 hoc
1394 2095 1555 2168 satis
1582 2095 1774 2166 firme
1795 2096 1974 2166 tueri
1989 2096 2377 2170 alienarum

286 2235 519 2282 rerum
558 2208 881 2307 exemplo
904 2233 1284 2306 possumus,
1318 2208 1701 2307 Fingamus
1719 2209 1969 2298 talem,
2002 2231 2076 2280 ut
2103 2211 2223 2306 qui
2251 2214 2383 2282 fur-

285 2345 426 2396 tum
469 2324 754 2413 fecerit,
789 2323 1002 2395 solvat
1043 2320 1556 2421 quadruplum:
1604 2348 1952 2419 ponamus
2002 2325 2382 2419 quamlibet

286 2465 566 2536 penam
603 2439 703 2527 ei,
743 2438 867 2536 qui
910 2437 1330 2537 injuriarum
1368 2436 1573 2508 fuerit
1595 2434 2003 2524 damnatus:
2036 2461 2212 2507 num
2258 2438 2388 2507 du·

287 2552 487 2626 bium
518 2574 656 2643 est,
682 2553 858 2652 quin
879 2553 1147 2652 quoties
1170 2552 1502 2652 injuriam
1530 2550 1954 2622 commiserit
1971 2606 1988 2640 ,
2015 2551 2216 2621 toties
2241 2577 2385 2650 pas-

286 2693 486 2742 surus
504 2670 599 2743 sit
621 2690 687 2741 et
714 2667 1031 2768 poenam?
1060 2694 1225 2766 ergo
1243 2667 1299 2740 si
1326 2665 1823 2740 animadversio
1849 2685 2085 2737 contra
2107 2667 2385 2766 singula

288 2780 543 2856 delicta
562 2782 939 2854 constituta
958 2802 1080 2872 est,
1100 2780 1214 2852 hic
1237 2781 1345 2852 bis
1369 2779 1682 2879 deliquit,
1707 2780 1814 2851 bis
1840 2781 2073 2879 puniri
2099 2782 2335 2856 debuit
2362 2812 2378 2855 z

288 2895 539 2969 decem
564 2898 769 2969 annis
793 2896 1115 2968 exsilium
1134 2894 1426 2993 implere
1447 2893 1709 2965 debuit.
1736 2894 1870 2966 Sed
1894 2921 1976 2967 ex
1999 2922 2105 2982 eo,
2132 2897 2383 2995 inquit,

291 3031 644 3112 tempore,
674 3039 819 3111 quo
849 3032 1255 3110 sequentem
1287 3010 1543 3082 caedem
1574 3009 1959 3101 commisit,
1994 3011 2388 3110 quinquen-

294 3124 508 3196 nium
545 3126 858 3225 explevit.
900 3124 1094 3196 Nihil
1128 3151 1288 3197 mea
1328 3126 1566 3213 refert,
1598 3145 1836 3196 utrum
1870 3126 2184 3221 sequenti
2221 3126 2388 3197 caedi

301 3260 463 3307 non
511 3239 883 3312 reddiderit
929 3261 1205 3338 tempus
1230 3293 1253 3329 ,
1306 3237 1493 3338 quod
1536 3237 1844 3310 debebat.
1878 3238 2087 3310 etiam
2129 3241 2383 3340 priori:

296 3376 489 3422 nam
512 3351 569 3423 si
599 3354 1163 3452 quinquennium
1183 3381 1263 3426 ex
1286 3354 1587 3428 triennio
1612 3380 1972 3444 numeros,
2001 3354 2172 3428 illud
2199 3357 2390 3454 prius

294 3492 458 3539 non
506 3487 613 3540 eet
665 3469 826 3540 eatis
871 3471 1161 3569 plenum
1200 3498 1215 3542 :
1263 3469 1320 3543 si
1369 3471 1672 3570 assignas
1713 3469 1927 3568 priori
1971 3471 2138 3542 caedi
2180 3497 2388 3543 suum

294 3604 619 3685 tempus,
672 3611 823 3657 non
866 3588 1066 3686 coepit
1115 3587 1422 3660 exsulare
1464 3587 1776 3685 sequenti
1822 3586 2018 3676 caedi,
2064 3587 2196 3658 nisi
2240 3607 2395 3685 post

378 3772 674 3826 x.Ansae'cut
689 3792 855 3846 quum
873 3774 1164 3827 decessisset.
1180 3773 1319 3826 Con·
1393 3795 1444 3826 a.
1483 3772 1802 3825 exulandum
1843 3772 2102 3845 efficiunt.
2143 3774 2288 3825 Num
2333 3776 2392 3826 si.

288 3852 462 3922 jicio:
498 3875 520 3897 ι
537 3853 833 3907 Videamus
862 3873 1036 3923 nnnc,
1064 3873 1133 3907 m
1154 3855 1280 3908 huic
1297 3893 1314 3921 ,
1397 3855 1617 3907 Senum-r.
1639 3854 1890 3908 Francius
1908 3852 2151 3918 volebat,
2178 3865 2289 3906 octo
2307 3874 2399 3908 an·

300 3953 324 3977 a
347 3932 449 4002 qui
473 3951 645 4003 quum
682 3933 935 4001 redisset,
962 3936 1168 3986 occisus
1203 3947 1316 4000 est,
1397 3950 1598 3985 norum.

296 4034 323 4056 ε
346 4015 548 4065 reverti
602 4012 697 4065 illo
755 4026 995 4086 tempore
1044 4013 1265 4066 licuerit.
1290 4037 1315 4061 ιι
1467 4007 1695 4065 &Nihil
1719 4009 1963 4062 intererit.
1982 4010 2096 4075 An,
2117 4019 2289 4061 tamen
2312 4029 2397 4063 ex-

288 4091 473 4142 Guot.
1401 4089 1556 4158 cidit,
1590 4090 1731 4144 nihil
1761 4094 1970 4145 tamen?
1995 4089 2078 4141 vel
2115 4109 2179 4141 an
2222 4091 2409 4164 legen-

372 4185 427 4220 α.
468 4170 601 4222 Octo
634 4169 794 4221 annis
821 4169 1086 4222 exulatum
1124 4170 1223 4242 eff.
1260 4173 1320 4224 Ο.
1403 4170 1801 4239 dum,multum
1823 4174 2069 4227 intererit.
2094 4172 2312 4224 Senum.

2076 4278 2124 4311 2.
