3200 5117
794 547 924 635 476
1292 545 1384 610 M.
1434 544 1688 608 FABII
1735 541 2382 626 QUINTILIANI

793 670 977 741 iners
1009 666 1210 756 sum?
1254 665 1538 738 luxuriae
1572 666 1892 739 deditus?
1933 665 2116 737 bella
2152 664 2391 764 fugio?
2425 691 2512 735 an
2555 664 2886 737 adversus

792 802 1054 881 patrem
1082 780 1385 879 impius?
1410 795 1621 852 reor¹.
1646 784 1726 852 ln
1757 807 1892 877 qua
1921 800 2110 878 parte
2137 778 2262 850 filii
2289 801 2502 851 cessat
2525 778 2887 851 officium?

794 923 937 969 non
981 896 1267 994 optasti,
1320 896 1586 995 inquit,
1641 894 1830 995 quod
1869 893 2078 966 volui.
2126 897 2287 967 Jam
2335 894 2602 966 excedis
2646 894 2882 993 legem

793 1031 986 1083 tuam
1011 1037 1026 1079 :
1055 1031 1245 1109 pater
1270 1009 1411 1081 filio
1438 1009 1647 1080 debes
1672 1010 1766 1079 im
1778 1035 2046 1107 pera-re,
2071 1007 2233 1080 forti
2255 1034 2398 1080 non
2421 1029 2616 1107 potes
2641 1035 2656 1077 :
2690 1031 2882 1108 potes

792 1126 1453 1226 peregrinationem,
1497 1146 1693 1224 potes
1724 1125 2087 1213 miiitiam3
2124 1123 2242 1196 sed
2281 1151 2425 1196 non
2461 1126 2882 1197 sententiam

781 1241 1042 1344 judici,
1071 1268 1215 1311 non
1237 1241 1594 1314 decretum
1614 1253 1640 1284 ²
1657 1238 2109 1337 magistratui,
2140 1265 2282 1311 non
2303 1238 2673 1339 praemium
2694 1239 2879 1313 forti.

793 1355 985 1448 Quid
1033 1355 1223 1427 enim
1271 1356 1376 1428 lex
1417 1355 1561 1427 ait?
1606 1374 1861 1428 FORTls
1905 1375 2142 1427 οΡΤΕΤ
2185 1383 2201 1427 :
2253 1382 2367 1427 me
2409 1355 2770 1444 nominat,
2815 1375 2884 1428 et

793 1497 1074 1569 aequum
1123 1492 1224 1543 est
1264 1469 1394 1542 hoc
1438 1469 1616 1541 mihi
1661 1470 2101 1569 contingere:
2137 1469 2464 1568 pugnavi.
2508 1471 2696 1541 Cum
2739 1496 2880 1568 quo

794 1582 974 1658 mihi
1010 1609 1113 1655 res
1146 1583 1285 1656 est?
1317 1611 1481 1656 cum
1515 1604 1705 1684 patre
1738 1612 1754 1656 :
1799 1611 1942 1656 non
1981 1603 2082 1656 est
2123 1582 2636 1655 contumaciter
2659 1610 2878 1682 agen-

795 1697 969 1768 dum
1007 1724 1022 1768 :
1070 1725 1196 1797 ego
1231 1725 1390 1771 vero
1433 1698 1641 1771 etiam
1680 1697 1806 1770 viri
1849 1698 2043 1769 fortis
2077 1698 2446 1798 optionem
2480 1702 2789 1788 remitto,
2820 1698 2874 1771 si

796 1838 1075 1911 aequum
1106 1813 1275 1911 petis
1290 1813 1341 1883 3.
1378 1813 1573 1903 Quid
1609 1813 1908 1913 petiisti?
1940 1835 2017 1885 ut
2048 1812 2500 1885 abolitionem·
2523 1834 2874 1911 optarem:

796 1948 1149 1999 memento
1170 1953 1312 2000 non
1331 1929 1571 2000 omnia
1585 1987 1605 2020 ,
1627 1950 1842 2029 pater,
1863 1956 1989 2001 nos
2008 1955 2201 2028 posse
2223 1948 2448 2026 petere
2468 1955 2484 2000 :
2507 1928 2876 2027 praemium

795 2042 1206 2142 accipimm,
1241 2072 1383 2118 non
1417 2071 1708 2142 regnum
1738 2071 1754 2115 t
1787 2045 2037 2134 nescis,
2066 2065 2422 2144 quantum
2443 2044 2528 2116 sit
2555 2043 2880 2117 abolitio-

796 2183 959 2228 nem
994 2177 1253 2255 petere,
1298 2159 1671 2232 accusatori
1711 2158 2067 2231 silentium
2106 2158 2449 2248 indicere,
2490 2185 2690 2230 reum
2735 2159 2876 2231 exi-

796 2299 1016 2365 mere,
1043 2272 1224 2373 leges
1256 2276 1494 2348 tollere
1520 2304 1533 2347 :
1564 2303 1696 2349 nec
1718 2304 1850 2376 pro
1865 2297 1930 2349 te
1954 2277 2326 2349 tenuissem
2338 2273 2393 2366 4,
2419 2296 2486 2348 et
2508 2276 2877 2375 praemium

795 2386 1268 2485 perdidissem.
1314 2391 1448 2463 Sed
1492 2392 1691 2490 cujus
1733 2389 2235 2463 abolitionem?
2276 2415 2547 2478 meam,
2594 2390 2874 2490 inquit:

793 2502 1331 2578 animadvertitis
1381 2506 1904 2605 quodammodo
1954 2506 2314 2606 parricidii
2365 2534 2615 2578 reum:
2666 2533 2876 2605 agam

793 2617 1024 2716 potius
1045 2645 1321 2692 causam
1343 2648 1356 2691 :
1377 2619 1508 2693 hoc
1529 2622 1895 2720 proemium
1916 2622 2227 2721 primum
2248 2641 2445 2722 turpe
2463 2640 2559 2691 est
2569 2649 2588 2706 ;
2609 2618 2873 2690 deinde

793 2741 1340 2833 supervacuum}
1376 2756 1617 2835 turpe:
1652 2735 2091 2810 damnaberis
2123 2757 2243 2810 tuo
2261 2734 2559 2840 judicio⁵
2594 2735 2666 2805 in
2696 2759 2868 2833 per-

871 2906 915 2942 1.
936 2889 1084 2942 Reor.
1108 2891 1311 2945 Vereor.
1336 2892 1550 2950 Sonm‘r.
1575 2895 1640 2946 Id
1661 2906 1795 2947 certe

793 2986 901 3020 non
934 2987 1123 3035 vereor,
1159 2968 1428 3037 AErodius,
1452 2974 1541 3044 qni
1572 2974 1627 3025 in
1659 2992 1796 3025 mar-

793 3050 913 3118 gine
941 3068 1066 3102 reor.
1100 3050 1182 3102 Au
1207 3054 1329 3123 quia
1352 3052 1517 3105 verbo
1544 3053 1636 3106 isso
1668 3073 1792 3107 usus

793 3144 903 3178 non
935 3142 1071 3180 esset
1103 3128 1319 3196 Fabius,
1344 3131 1488 3201 quod
1522 3130 1793 3184 horridum

796 3203 1067 3276 appellat?
1096 3207 1188 3260 sed
1222 3227 1319 3260 nos
1357 3208 1426 3260 ad
1459 3212 1626 3262 Instit.
1650 3211 1792 3274 vm,

796 3284 847 3352 3,
861 3286 946 3352 26,
956 3285 1021 3339 de
1040 3307 1103 3340 eo
1119 3291 1335 3360 egimuS.
1348 3291 1521 3356 Forte,
1540 3310 1645 3342 non
1664 3310 1788 3343 reor.

870 3385 916 3418 2.
955 3370 1080 3421 Non
1115 3373 1418 3423 sententiam
1445 3371 1660 3443 judicii,
1689 3391 1793 3423 non

797 3448 1046 3500 decretum
1083 3439 1439 3524 maqisfratus,
1466 3453 1635 3504 voluit
1672 3472 1795 3505 auc-

796 3527 1010 3577 tor-ared
1026 3546 1131 3580 non
1151 3530 1668 3602 sententiamjudt'ci,
1688 3549 1794 3582 non

794 3602 1052 3656 decretum
1100 3608 1423 3679 magistratui
1443 3647 1460 3674 ‚
1509 3628 1616 3661 non
1657 3627 1793 3681 pnoe-

796 3687 961 3738 mt'um
984 3686 1319 3758 forti.Gn01t.
1355 3691 1533 3742 ,ludici
1561 3709 1680 3742 cum
1705 3689 1788 3743 ed.

793 3767 906 3837 Bip.
925 3765 1262 3837 praetulimus.
1276 3768 1365 3818 En.
1379 3771 1455 3820 lta
1471 3783 1518 3818 et
1537 3767 1789 3821 Obrecht.

794 3860 848 3899 et
882 3846 1081 3900 Schult.
1119 3865 1182 3900 ex
1216 3848 1361 3900 Deci.
1395 3850 1645 3902 CCLVu:
1682 3853 1795 3902 -Ut

799 3950 823 3973 σε
843 3931 1156 3981 sententiam
1192 3930 1398 4000 judices
1444 3929 1619 3982 dicere
1662 3930 1793 3982 veli·-

800 4025 986 4071 oemns,
1012 4022 1067 4059 ut
1096 4011 1449 4062 testimoninm
1478 4028 1585 4061 non
1616 4010 1681 4060 ad
1711 4029 1793 4060 ar-

800 4106 822 4130 ·
842 4083 1053 4137 bitrium
1076 4102 1351 4157 parentum
1374 4087 1620 4152 reddere,
1640 4101 1740 4140 etc.
1763 4111 1785 4136 u

793 4162 973 4216 AErod.
1000 4163 1158 4216 habet
1178 4168 1466 4219 sententias.

867 4240 918 4294 3.
941 4242 1001 4294 Si
1020 4260 1229 4314 oequum
1247 4248 1395 4315 petis.
1421 4245 1596 4299 Putas.
1625 4246 1742 4299 Seu.

1943 2897 1994 2963 4.
2011 2897 2321 2950 Tenuissem.
2332 2895 2466 2948 Vide
2479 2912 2620 2966 supr.
2638 2890 2705 2945 ad
2715 2892 2872 2945 Deci.

1874 2974 2139 3028 GCLxm.
2963 3023 2974 3032 .

1943 3053 1992 3107 5.
2033 3053 2368 3106 Damnabert‘s
2413 3064 2504 3104 tuo
2532 3051 2757 3125 judicio.
2793 3051 2878 3103 Fi-

1872 3134 1973 3186 lius
1997 3133 2180 3186 iisdem
2210 3132 2505 3186 rationibus
2536 3134 2748 3196 nititur,
2769 3132 2878 3183 De·

1872 3214 2025 3267 clam.
2038 3214 2465 3278 CCCLXXXVH,
2476 3214 2600 3265 loco
2613 3232 2769 3283 quem
2779 3229 2878 3263 res-

1873 3295 2108 3346 tituimus
2125 3313 2187 3345 ex
2201 3292 2323 3346 edit.
2335 3294 2451 3365 Bip.
2467 3295 2523 3343 in
2539 3294 2736 3344 emeris
2752 3290 2874 3344 edd.

1874 3387 2080 3424 curtum
2119 3387 2170 3424 et
2203 3371 2447 3423 mutilum
2463 3394 2476 3421 x
2513 3393 2536 3417 ι
2557 3370 2701 3422 Nihss
2736 3370 2876 3422 aliud

1879 3471 1902 3495 ι
1922 3452 2141 3518 egissem
2161 3449 2397 3520 quiderm
2417 3464 2470 3501 et
2494 3448 2624 3518 quid
2641 3449 2874 3500 futurum

1880 3550 1902 3573 α
1924 3529 2072 3579 erat?
2098 3530 2148 3580 si
2170 3547 2281 3581 non
2306 3530 2700 3597 impetrassem,
2729 3527 2874 3579 dam-

1880 3629 1901 3652 ·
1922 3610 2145 3668 nareris;
2173 3610 2214 3660 si
2239 3611 2630 3678 impetrassem,
2655 3624 2765 3657 non
2786 3605 2875 3656 ab·

1879 3707 1901 3732 ι
1922 3684 2211 3737 solvereris.
2231 3710 2252 3733 η
2272 3684 2466 3738 Fabius
2481 3697 2660 3736 autem
2676 3697 2874 3754 patrem

1874 3764 1982 3815 haec
2007 3764 2329 3817 refellentem
2353 3762 2556 3816 inducit
2583 3761 2869 3815 Declamat-

1872 3845 2187 3897 GOCLXXV
2208 3867 2220 3896 t
2267 3869 2288 3892 α
2309 3844 2413 3897 Sed
2449 3847 2615 3916 turpis
2654 3859 2733 3896 est
2748 3882 2766 3908 ‚
2798 3844 2872 3894 in-

1879 3948 1901 3972 ·
1923 3927 2068 3997 quit,
2104 3926 2350 3978 abolitio:
2388 3925 2515 3997 quid
2546 3924 2615 3976 ad
2655 3929 2748 3977 te?
2776 3942 2869 3994 ego

1879 4029 1901 4054 α
1922 4026 2046 4058 mere
2061 4004 2380 4059 conditionis
2397 4006 2592 4058 arbiter
2607 4023 2744 4058 sum.
2757 4004 2871 4070 Sed,

1878 4107 1900 4131 α
1920 4087 2121 4156 inquit,
2163 4103 2489 4155 supervacua
2529 4100 2672 4136 erat:
2717 4087 2874 4136 inuo-

1879 4186 1902 4212 α
1922 4181 2045 4216 cens
2071 4182 2213 4215 eras:
2247 4164 2374 4234 quid
2393 4164 2606 4215 autem?
2630 4181 2730 4233 ego
2753 4163 2875 4232 quia

1879 4266 1902 4291 ι
1920 4263 2121 4299 nocens
2141 4263 2310 4312 eram,
2335 4246 2623 4316 petieram?
2643 4242 2879 4297 Verebar
