3200 5117
1268 570 1360 633 M.
1408 568 1660 632 FABn
1705 551 2352 651 QU'INTILIANI

763 691 850 763 ad
886 717 1248 763 summum
1273 706 1290 735 ¹
1332 691 1406 762 in
1450 689 1802 789 republica
1838 714 2076 764 nostra
2108 692 2482 782 honorem,
2521 718 2666 763 non
2707 691 2858 762 ani—

761 832 954 895 muS,
987 832 1127 878 non
1160 807 1405 894 virtus,
1440 832 1584 878 non
1616 832 1863 878 manus
1891 805 2135 895 mittit,
2168 805 2289 879 sed
2315 831 2470 878 arca
2493 826 2562 878 et
2584 804 2857 904 dispen-

763 943 962 994 sator.
999 923 1184 994 Bene
1217 921 1494 994 hercule
1524 921 1937 1019 negotiariS,
1972 920 2089 993 sed
2120 920 2503 1019 excogitasti
2537 945 2682 991 non
2712 945 2858 990 me-

765 1037 994 1110 diocre
1012 1096 1030 1125 ‚
1060 1065 1205 1111 non
1235 1038 1390 1110 dico
1419 1038 1622 1108 famae
1649 1059 1856 1135 atque
1885 1037 2269 1136 opinionis,
2300 1035 2417 1107 sed
2449 1035 2851 1134 patrimonii

763 1151 973 1224 etiam
1001 1153 1135 1242 tui,
1167 1178 1389 1252 quum
1415 1151 1676 1250 alioqui
1699 1151 2115 1242 abundaret,
2141 1151 2678 1248 compendium:
2710 1150 2849 1242 dic,

763 1268 913 1356 dic,
953 1269 1195 1366 quanti
1231 1266 1522 1340 emeris?
1559 1267 1733 1365 quid
1763 1265 2021 1339 velis²?
2046 1269 2158 1338 Tu
2194 1266 2370 1338 mihi
2405 1267 2611 1357 dicis,
2647 1293 2852 1365 pecu-

758 1383 953 1455 niam
989 1383 1189 1472 dedi,
1224 1404 1290 1456 et
1321 1410 1403 1456 ex
1441 1383 1666 1456 otiosa
1695 1381 2012 1482 jacente3
2050 1382 2450 1480 patrimon-ii
2491 1401 2682 1480 parte
2723 1380 2850 1452 ali-

760 1496 934 1596 quid
968 1499 1369 1586 numeravi;
1408 1519 1633 1596 quum
1674 1521 1802 1595 ego
1845 1495 2114 1586 dicam,
2151 1497 2402 1566 Arcem
2443 1495 2846 1583 conscendi,

760 1610 1083 1684 satellites
1117 1612 1357 1702 stravi,
1392 1611 1745 1682 nefarium
1770 1635 2021 1707 corpus
2053 1609 2356 1708 repetitis
2386 1609 2634 1681 ictibus
2656 1609 2847 1680 truci-

763 1723 942 1796 davi.
988 1726 1365 1798 Pecuniam
1416 1725 1615 1811 dedi,
1661 1723 1745 1795 de
1787 1723 2247 1821 tyrannicidio
2287 1721 2620 1822 loquutus
2652 1749 2845 1796 sum:

763 1867 911 1912 rem
966 1843 1225 1912 feceras
1275 1839 1935 1939 periculosissimam
1960 1895 1980 1928 ,
2031 1839 2165 1911 nisi
2217 1839 2289 1910 in
2337 1837 2846 1937 tyrannicidam

760 1955 1142 2027 incidisses.
1169 1956 1343 2029 Satis
1372 1956 1462 2028 sit
1488 1955 1717 2047 vobis,
1742 1983 1784 2027 o
1808 1955 2084 2044 divites,
2111 1954 2243 2026 hoc
2269 1974 2522 2027 vestras
2546 1974 2848 2054 praestare

758 2069 1076 2140 fortunas
1094 2069 1306 2169 ,quod
1342 2096 1464 2169 per
1492 2070 1989 2170 dispensatores
2021 2069 2405 2160 foeneratis,
2436 2068 2627 2169 quod
2657 2069 2850 2141 fami-

757 2182 929 2254 liam
964 2210 1086 2282 per
1119 2206 1585 2285 procuratores
1618 2183 2014 2276 continetis,
2046 2184 2236 2285 quod
2277 2185 2608 2284 pleraque
2650 2184 2850 2284 possi-

763 2298 937 2371 detis
985 2301 1299 2375 absentes
1326 2359 1344 2392 ,
1385 2302 1574 2401 quod
1617 2302 2097 2402 ignorantibus
2145 2302 2340 2374 vobis
2384 2322 2455 2375 et
2499 2303 2843 2401 quiescen-

762 2412 993 2504 tibus,
1048 2416 1105 2486 si
1165 2417 1320 2514 quis
1377 2437 1476 2489 est
1520 2436 1729 2489 tantae
1778 2416 2119 2488 felicitatis
2169 2416 2396 2506 labor,
2438 2443 2562 2516 per
2600 2416 2850 2489 alienas

766 575 891 649 422

761 2554 1016 2601 manus
1040 2534 1313 2604 transit:
1342 2534 1696 2632 contingat
1721 2532 1903 2606 istud
1929 2532 2189 2605 deliciis
2211 2532 2476 2622 vestris,
2501 2532 2851 2630 contingat
2961 2621 2970 2634 .

762 2642 1377 2717 abundantissimae
1419 2647 1838 2745 plerumque
1874 2645 2159 2719 luxuriae
2194 2674 2218 2740 ε,
2258 2673 2398 2718 non
2440 2645 2684 2718 dabitis
2725 2665 2840 2740 ty·-

765 2757 1173 2830 rannicidiis
1218 2760 1725 2860 cognitorem43
1772 2788 1902 2835 nec
1948 2761 2039 2834 ad
2077 2787 2197 2835 vos
2241 2760 2480 2836 alienis
2523 2758 2841 2859 periculis

844 2945 886 2977 1.
913 2927 998 2978 Ita
1022 2927 1284 2993 videlicet,
1307 2927 1392 2981 lex
1415 2925 1552 2981 nihi!
1566 2933 1773 3001 potest?
1849 2943 1908 2983 ut
1928 2943 2098 3002 optes,
2123 2931 2263 3005 quod
2289 2929 2429 2984 velis.
2457 2929 2617 2982 Grion.
2652 2928 2849 2998 Quanti

763 3006 834 3057 ad
848 3024 1129 3058 summum.
1151 3009 1353 3059 ironice
1374 3007 1483 3060 hec
1498 3008 1768 3075 dicuntur,
1848 3010 2057 3075 emeris,
2082 3010 2221 3083 quod
2244 3009 2399 3077 velis,
2426 3006 2604 3061 AErod.
2628 3006 2847 3059 Satur.

764 3103 879 3155 quae
899 3084 1185 3138 foedissima
1202 3099 1253 3138 et
1268 3088 1455 3138 mirum
1474 3089 1531 3140 in
1550 3088 1769 3139 modum

765 3164 1080 3235 depravata,
1106 3186 1168 3219 ex
1192 3168 1273 3220 bis
1300 3185 1414 3240 quoe
1440 3182 1766 3239 sequuntur,

767 3246 940 3317 aliqua
964 3248 1110 3300 ducti
1132 3251 1438 3320 conjectura
1465 3249 1768 3304 emendavi-

766 3342 898 3374 mus.
928 3328 1066 3377 Ante
1093 3328 1248 3392 istud,
1274 3328 1415 3399 quod
1451 3339 1507 3379 tu
1538 3327 1768 3398 effecisse

761 3405 1041 3473 pecuniam
1051 3418 1204 3475 putas
1212 3445 1230 3473 ,
1237 3407 1440 3476 fecerat
1454 3407 1766 3477 respublica,

754 3481 954 3550 fecerat
978 3483 1295 3554 indiqnatio,
1315 3486 1517 3555 ficerat
1537 3483 1769 3557 inqenita

766 3563 936 3614 viv-tus.
959 3562 1024 3613 Et
1048 3578 1257 3633 postea.
1279 3565 1383 3617 llic
1400 3582 1555 3635 porro
1577 3566 1624 3616 si
1643 3565 1771 3635 quid

765 3659 950 3704 avare,
983 3642 1025 3692 si
1055 3643 1182 3713 quid
1206 3643 1392 3714 cupide
1410 3642 1650 3714 fecisset,
1681 3653 1767 3694 tua

760 3723 936 3792 potius
960 3722 1208 3792 pecunia,
1233 3742 1391 3795 quam
1421 3724 1529 3794 ipsa
1565 3722 1676 3793 [eye
1699 3723 1770 3774 ad

763 3802 1172 3870 tyrannicidium
1188 3801 1575 3854 conduceretur?
1586 3804 1764 3852 ⁸itiam).

764 3881 823 3930 In
856 3899 1019 3950 marg.
1059 3880 1221 3933 habet
1244 3884 1316 3934 ita
1338 3884 1483 3949 vide,
1522 3884 1607 3935 lex
1627 3887 1766 3938 enim

761 3974 940 4030 potest.
978 3993 1048 4004 -
1082 3965 1394 4019 Abundant.
1436 3967 1765 4033 Abundans,

768 4042 1031 4094 Francius.

838 4133 885 4167 2.
911 4120 1106 4186 Quanti
1123 4125 1303 4175 emeris
1317 4162 1331 4186 ,
1352 4124 1480 4195 quid
1496 4124 1638 4176 velis.
1658 4124 1767 4175 Ali-

765 4196 892 4267 quid
917 4201 1165 4254 excidisse
1182 4204 1411 4270 videtur,
1436 4219 1488 4256 et
1506 4207 1669 4257 fuisse
1688 4208 1766 4257 in·

767 4289 965 4344 regrum
991 4299 1001 4326 ε
1038 4279 1166 4346 Dic,
1196 4281 1310 4349 dic,
1343 4286 1533 4353 quanti
1551 4284 1761 4348 emeris,

1918 3088 1969 3140 3.
1992 3088 2163 3141 Otiose
2165 3090 2397 3159 jacente.
2419 3088 2499 3138 Ita
2511 3086 2642 3140 Plin.
2659 3086 2758 3157 Ep.
2772 3085 2821 3137 X
2831 3122 2849 3151 ,

1848 3166 1914 3220 62
1935 3189 1947 3217 ε
1975 3187 1997 3212 ιι
2018 3169 2254 3218 Pecuniae
2271 3164 2529 3237 publicae,
2549 3180 2649 3219 etc.
2669 3183 2850 3216 vereor

1853 3272 1876 3295 e·
1896 3267 1966 3302 ne
2006 3251 2186 3301 otiosa
2219 3251 2451 3318 jaceant.
2473 3271 2498 3294 ι
2538 3244 2684 3298 Nihil
2724 3263 2846 3314 ergo

1848 3330 1965 3380 sani
1986 3330 2042 3379 in
2061 3327 2287 3394 lectura,
2306 3340 2359 3379 et
2375 3346 2440 3378 ex
2459 3327 2649 3392 otiosa,
2669 3323 2844 3377 AErod.

1845 3406 1918 3457 Et
1938 3407 2122 3473 otiose,
2144 3418 2194 3458 et
2214 3407 2368 3456 etiam
2396 3415 2622 3469 tacente,
2644 3421 2803 3472 marg.

1921 3487 1972 3552 4.
2015 3485 2087 3537 At
2129 3505 2236 3539 non
2271 3486 2454 3538 dabitis
2493 3484 2850 3556 tyrannicidii}

1849 3564 2179 3637 coquitorem.
2204 3563 2350 3616 Sicut
2367 3565 2423 3617 in
2442 3563 2556 3617 aliis
2575 3562 2734 3615 rebus
2747 3564 2846 3633 pri·
2915 3587 2920 3598 ·

1847 3648 1978 3698 vatis
2026 3658 2078 3698 et
2121 3644 2425 3698 domesticis
2445 3683 2462 3712 ‚
2511 3647 2811 3715 cognitores
2829 3679 2846 3707 ‚

1848 3729 2044 3778 amicos
2064 3763 2081 3790 ,
2134 3739 2615 3797 procuratoresque
2662 3736 2848 3795 gerunt

1846 3822 2016 3860 vestra
2031 3810 2270 3877 mgotia,
2287 3826 2319 3858 o
2335 3807 2521 3860 divites
2533 3845 2550 3871 ,
2565 3826 2674 3859 non
2691 3808 2765 3858 sic
2782 3804 2846 3856 de

1846 3887 2194 3959 tyrannicidio
2208 3886 2547 3952 mandabitis,
2563 3886 2849 3955 alienisque

1848 3982 2116 4041 tamquam
2145 3969 2513 4040 procuratoris
2547 3982 2639 4020 aut
2672 3967 2848 4037 cogni-

1843 4050 1975 4100 toris
2005 4047 2248 4102 manibus
2280 4047 2621 4122 tyrannicida
2654 4047 2850 4100 efficie-

1845 4129 2009 4192 mini,
2052 4143 2111 4180 ut
2150 4127 2324 4180 honor
2360 4140 2412 4179 et
2449 4128 2720 4199 premium
2753 4142 2851 4195 per

1847 4204 1973 4257 alias
1993 4224 2252 4277 personas
2274 4205 2424 4260 vobis
2448 4208 2770 4276 acquiratur.
2794 4203 2851 4255 si

1845 4284 2174 4354 cognitorem
2200 4284 2289 4338 hic
2319 4303 2421 4356 pro
2445 4284 2626 4354 judice
2643 4322 2661 4350 ,
2687 4299 2847 4344 core,
