3200 5117
812 576 936 658 454
1306 571 1399 634 M.
1446 565 1699 633 FABu
1745 561 2386 650 QUINTlem

806 822 1189 846 §mmm
1546 811 2909 840 memmmmmmffl

1588 1004 2109 1081 CCCLVII.

1008 1240 1204 1310 Uxor
1231 1259 1370 1308 non
1396 1233 1781 1334 relinquens
1802 1231 1890 1304 ob
1915 1229 2326 1306 adulterium
2348 1249 2697 1305 coecatum.

806 1434 1093 1491 Anumssn
1120 1449 1501 1490 meme-run.
1534 1429 1708 1488 Uxon
1745 1448 1949 1489 vmmu
1984 1449 2050 1488 m
2081 1449 2464 1488 mmmmm
2499 1449 2579 1488 m:
2611 1447 2904 1488 nzstmr.

886 1527 1186 1604 Quaedam
1211 1528 1370 1608 patri
1397 1524 1473 1585 de
1496 1527 1722 1586 marito
1748 1537 1839 1584 ter
1861 1535 2074 1606 questa
2093 1571 2109 1598 ‚
2142 1539 2200 1584 et
2232 1538 2428 1585 tacere
2454 1523 2654 1605 jussa,
2688 1538 2905 1605 postea

888 1621 966 1683 ab
991 1636 1285 1685 excaecato
1306 1621 1387 1681 ob
1410 1621 1790 1692 adulterium,
1807 1623 1943 1680 viro
1959 1624 2108 1703 quia
2128 1643 2258 1681 uon
2285 1622 2536 1695 recedit,
2556 1620 2899 1681 abdicatur.

1661 1802 2024 1868 SERMO.

898 1952 1054 2014 Haec
1073 1950 1312 2014 mulier
1331 1947 1510 2014 dicet
1525 1964 1872 2038 acceptum
1891 1947 1927 2014 ἐι
1949 1966 2133 2038 patre
2152 1950 2314 2015 mari
2323 1967 2460 2016 tum
2475 2000 2493 2030 ,
2513 1972 2585 2015 se
2606 1949 2691 2016 ab
2714 1951 2899 2015 initio

805 2081 1024 2127 amare
1061 2060 1375 2147 coepisse:
1417 2056 1941 2138 adolescentem,
1986 2059 2329 2125 lenociniis
2364 2057 2684 2124 adulter-ze
2728 2060 2898 2126 illius

806 2177 1018 2254 usque
1045 2187 1124 2228 eo
1149 2179 1411 2253 captum
1435 2188 1606 2241 esse,
1633 2180 1707 2228 ut
1729 2165 2019 2230 revocari
2045 2190 2080 2230 a
2111 2164 2471 2254 cupiditate
2495 2190 2630 2232 non
2657 2183 2897 2254 posset.

806 2275 899 2338 Ut
929 2295 1198 2338 necesse
1236 2290 1406 2352 erat,
1444 2270 1747 2337 'modeste
1769 2293 1784 2321 ¹
1825 2294 1896 2337 se
1927 2271 2184 2351 tulisse,
2221 2289 2289 2337 et
2324 2291 2404 2338 eo
2438 2273 2646 2362 magis
2668 2324 2684 2351 ,
2719 2273 2896 2365 quod

809 2380 1117 2444 maritum
1142 2376 1481 2467 diligeret:
1507 2377 1795 2443 voluisse
1830 2397 1986 2467 ergo
2012 2380 2291 2465 expet-iri
2310 2431 2327 2460 ,
2354 2379 2515 2469 quid
2543 2380 2629 2445 de
2650 2379 2900 2445 adulte-

808 2487 897 2551 ris
934 2501 1123 2574 pater
1151 2486 1457 2566 sentiret3
1498 2485 1820 2550 indicasse
1844 2484 1905 2549 ei
1933 2477 2370 2550 adolescentis
2400 2508 2726 2550 errorem:
2762 2509 2897 2552 res-

808 2591 1123 2679 pondisse
1157 2591 1341 2655 illum
1360 2637 1376 2668 ‚
1414 2613 1556 2656 esse
1583 2589 1886 2679 quaednm
1911 2589 2208 2655 aetatibus
2233 2604 2598 2667 concessa’,
2632 2611 2757 2655 nec
2787 2612 2893 2652 re-

808 2697 1136 2789 prehendi
1184 2699 1365 2762 lusus
1407 2698 1474 2760 in
1522 2698 1848 2786 ejusmodi
1885 2698 2159 2788 juventa
2207 2696 2470 2763 debere.
2512 2693 2673 2759 Tum
2727 2711 2885 2759 vero

809 2808 1129 2872 cariorem
1160 2801 1282 2868 sibi
1310 2805 1522 2868 virum
1560 2804 1842 2883 factum,
1881 2820 2308 2894 posteaquam
2336 2803 2576 2870 lusibus
2600 2797 2738 2891 ejus
2769 2823 2886 2889 pa-

806 2912 1116 2979 itacismi
1152 2911 1349 2975 etiam
1382 2932 1582 2974 senex
1616 2910 1906 2999 coeperit.
1946 2908 2072 2976 Sed
2109 2935 2316 3001 quum
2342 2909 2598 2976 videret
2627 2907 2896 2996 nequis-

808 3021 988 3085 simas
1012 3016 1303 3081 mulieris
1324 3013 1648 3081 illecebris
1671 3018 1976 3081 maritum
2003 3019 2212 3082 teneri
2225 3014 2270 3094 3,
2300 3029 2367 3081 et
2381 3018 2519 3107 jam
2543 3013 2898 3079 vindlctam

810 3115 1155 3200 adulterii,
1204 3125 1403 3210 a‘tque
1445 3124 1859 3188 occasionem
1901 3139 2162 3211 captare
2197 3117 2515 3187 adulterae
2553 3117 2898 3198 maritum3

814 3233 1053 3295 iterum
1101 3228 1186 3293 ad
1235 3245 1486 3316 patrem
1534 3229 1836 3308 venisse,
1887 3245 1960 3293 ut
2011 3229 2183 3293 illius
2235 3227 2466 3292 saltem
2514 3226 2900 3292 auctoritate

817 3335 1153 3401 emendari
1188 3319 1571 3399 adolescens
1605 3350 1845 3423 posset.
1883 3337 1958 3399 In
1999 3334 2231 3399 eadem
2260 3357 2423 3400 voce
2457 3333 2646 3398 illum
2683 3354 2901 3421 perse-

814 3457 1073 3505 verasse
1094 3441 1353 3519 iterum,
1371 3462 1445 3504 ac
1466 3439 1688 3504 tertio:
1712 3441 2153 3505 miserrimum
2168 3464 2323 3528 ergo
2331 3441 2654 3530 juvenem
2672 3435 2903 3503 fraude

816 3562 882 3613 et
918 3544 1168 3609 insidiis
1209 3544 1598 3634 deceptum,
1637 3567 1782 3609 eam
1819 3547 2147 3610 fortunam
2186 3547 2538 3622 sustinere,
2566 3566 2770 3633 quam
2815 3542 2902 3606 illi
2947 3617 2958 3629 ·

818 3672 1081 3739 semper
1108 3669 1271 3714 uxor
1293 3651 1605 3716 timuerit.
1637 3652 2000 3717 Accessisse
2026 3674 2271 3717 novum
2296 3652 2504 3715 amori
2540 3670 2662 3714 suo
2693 3671 2903 3713 sacra-

816 3773 1151 3833 mentum,
1187 3770 1252 3819 et
1271 3754 1525 3844 judicio
1549 3754 1792 3843 patris4
1814 3757 2059 3822 factum
2087 3756 2355 3848 juvenis
2378 3757 2720 3821 affectum.
2760 3756 2902 3818 Hoc

896 3902 937 3935 ι.
974 3880 1217 3934 Modesre.
1258 3878 1506 3948 Moleste,
1546 3880 1812 3934 AErodius.
1967 3883 2015 3934 3.
2061 3882 2311 3934 Maritum
2361 3882 2537 3932 teneri.
2587 3879 2648 3929 Et
2697 3878 2807 3930 hoc
2852 3881 2902 3929 in

887 3980 935 4013 τι.
962 3961 1204 4032 Quaedam
1225 3960 1459 4013 aetatibus
1475 3979 1720 4013 concessa.
1741 3963 1842 4012 lta>
1896 3960 2166 4012 amoribus
2211 3959 2427 4012 verbum
2473 3960 2752 4030 proprium
2777 3996 2794 4021 ‚
2839 3957 2903 4008 de

814 4039 962 4093 Decl.
990 4041 1154 4091 xvm
1171 4078 1187 4105 ‚
1212 4057 1245 4108 9
1263 4075 1280 4103 ‚
1303 4051 1458 4089 vocat
1489 4063 1509 4084 a
1524 4041 1815 4107 juventutis
1897 4057 2003 4110 quo
2019 4038 2137 4089 vide
2153 4037 2290 4089 Gud.
2309 4052 2359 4089 ct
2375 4039 2505 4090 alios
2522 4036 2586 4088 ad
2603 4035 2804 4088 Phaednz
2833 4037 2902 4101 11,

824 4152 844 4165 ..
865 4135 1110 4169 excursus
1134 4137 1148 4178 ;
1191 4128 1243 4169 et
1278 4115 1424 4167 Deel.
1464 4116 1777 4168 CCCLxxv
1801 4140 1814 4168 ε
1899 4140 1944 4174 2.
1961 4119 2097 4172 Vide
2115 4134 2166 4171 et
2182 4138 2324 4191 supr.
2343 4118 2488 4173 Decl.
2510 4119 2644 4182 xlv,
2662 4117 2713 4168 3.
2731 4119 2901 4170 nunu.

820 4218 844 4242 κ
861 4199 1029 4247 Lusus
1043 4198 1161 4266 ‚qui
1175 4195 1364 4246 donari
1378 4198 1514 4246 aetati
1529 4209 1769 4266 possunt.
1788 4219 1811 4243 ιο
1965 4199 1998 4264 4
2041 4201 2112 4250 Et
2120 4200 2326 4271 judicio
2345 4201 2509 4270 patris
2520 4197 2730 4269 saelum
2741 4201 2905 4269 juve-

815 4278 932 4331 Scu.
954 4278 1018 4328 Et
1037 4274 1122 4326 hie
1140 4277 1282 4328 oetati
1298 4276 1528 4329 malebat
1542 4279 1815 4331 Francius.
1898 4279 1976 4329 m's
1990 4277 2263 4350 affectum.
2280 4277 2319 4328 F
2323 4292 2435 4329 orte
2451 4299 2462 4327 :
2472 4276 2684 4347 factum
2682 4274 2906 4349 juvenis
