3200 5117
838 565 1671 638 BECLAMATIONES.
1717 569 1978 639 CCCX.
2328 576 2454 662 249

373 692 493 766 sed
534 695 851 768 formulae
885 696 1257 770 inimicitiae
1291 717 1443 769 tum
1482 697 1709 769 valere
1744 718 2059 794 possunt,
2099 722 2323 796 quum
2369 697 2454 768 de

373 807 606 907 aliquo
636 811 817 882 facto
846 810 1122 884 mentiri
1158 810 1348 900 licet,
1383 838 1610 907 quum
1647 831 1849 884 testes
1882 813 2282 885 subornare.
2309 815 2460 885 Cae-

370 944 601 997 terum
636 926 708 997 in
739 927 883 1017 his,
915 954 1069 1025 quae
1101 926 1191 999 ad
1220 927 1652 1000 intellectum
1678 926 2005 1027 judicum
2027 943 2044 972 ¹
2079 929 2458 1027 pertinent,

375 1042 587 1139 gratia
620 1044 768 1116 sine
804 1044 969 1117 vitio
1011 1045 1582 1144 cognoscentium
1624 1044 1799 1116 nihil
1835 1066 1972 1117 est:
2011 1071 2218 1116 nemo
2253 1045 2462 1143 igitur

376 1175 691 1227 nostrum
724 1179 931 1257 negat
948 1214 967 1248 ,
999 1158 1091 1229 ita
1115 1157 1185 1229 in
1217 1145 1369 1256 lege
1394 1158 1730 1257 scriptum
1757 1182 1940 1229 esse:
1968 1158 2113 1247 Qui
2138 1157 2243 1229 bis
2267 1156 2463 1228 adul-

374 1269 528 1339 terii
562 1268 930 1344 damnatus
961 1292 1101 1363 est,
1130 1271 1634 1371 ignominiosus
1658 1271 1782 1343 sit:
1813 1298 1899 1342 ne
1929 1271 1997 1342 id
2024 1270 2309 1370 quidem
2342 1296 2466 1340 ne-

376 1385 672 1482 gabitur,
711 1388 816 1460 bis
854 1389 926 1460 in
958 1388 1311 1488 judicium
1348 1389 1538 1460 hunc
1583 1386 2050 1477 descendisse,
2090 1387 2197 1459 bis
2231 1407 2467 1458 contra

377 1497 566 1572 hunc
600 1501 814 1575 latam
850 1529 992 1575 esse
1026 1503 1462 1575 sententiam.
1500 1502 1636 1573 Sed
1669 1502 1724 1572 si
1762 1503 2209 1574 manifestum
2234 1500 2463 1590 fuerit,

377 1619 605 1716 legem
632 1648 776 1693 non
801 1621 957 1693 idco
988 1647 1132 1693 esse
1157 1619 1618 1716 conscriptam
1635 1675 1653 1707 ,
1686 1639 1763 1688 ut
1785 1618 1916 1689 hoc
1940 1643 2160 1715 genus
2179 1617 2465 1716 damna·

376 1732 587 1804 tionis
616 1733 1078 1832 ignominiam
1107 1731 1353 1820 faciat;
1380 1736 1435 1802 si
1458 1757 1547 1803 ne
1568 1730 1643 1801 in
1664 1729 2155 1828 cogitationem
2178 1730 2462 1829 quidem

379 1846 793 1946 cujusquam
837 1847 1080 1919 cadere
1123 1845 1415 1918 omnino
1461 1846 1722 1944 potuit,
1758 1845 2062 1944 aliquem
2106 1871 2186 1917 ex
2223 1845 2463 1917 eadem

379 1987 585 2032 causa
624 1960 731 2032 bis
766 1960 1070 2059 potuisse
1106 1959 1458 2050 damnari,
1507 1960 1812 2058 profecto
1847 1959 2298 2031 manifestum
2335 1980 2464 2046 est,

382 2100 526 2145 non
552 2074 623 2144 in
650 2073 846 2146 aliud
876 2073 1159 2172 scriptas
1188 2100 1335 2146 esse
1363 2073 1583 2172 legeS,
1622 2074 1695 2146 in
1720 2073 1912 2145 aliud
1940 2073 2189 2145 valere.
2211 2073 2467 2162 Quaero

382 2189 594 2286 igitur
620 2217 699 2262 ex
724 2190 890 2290 ipsis
914 2191 1316 2263 adversariis
1334 2248 1352 2280 ,
1390 2218 1515 2263 cnr
1539 2190 1646 2262 bis
1676 2191 2090 2265 damnatum
2119 2188 2464 2276 adulterii,

383 2303 935 2401 ignominiosum
972 2331 1116 2377 esse
1143 2303 1530 2377 voluerint?
1557 2325 1641 2377 ut
1668 2305 1941 2403 opinor,
1964 2303 2268 2404 judiceS,
2301 2330 2472 2402 quo-

380 2417 574 2489 niam
598 2446 739 2490 una
759 2420 1115 2492 damnatio
1136 2418 1439 2492 habebat
1467 2419 1673 2490 aliam
1697 2439 1764 2490 et
1788 2445 1987 2490 suam
2018 2444 2294 2517 poenam
2320 2445 2334 2489 :
2362 2445 2472 2517 ge-

383 2531 675 2605 minatio
710 2534 1020 2640 criminis
1055 2533 1388 2607 afferebat
1420 2533 1883 2632 ignominiam
1906 2589 1924 2620 ,
1960 2559 2188 2631 neque
2215 2531 2473 2602 imme-

381 2646 556 2719 rito:
594 2649 810 2721 semel
845 2650 1036 2722 enim
1077 2675 1303 2722 errare
1334 2675 1500 2720 sane
1538 2646 1903 2721 tolerabile
1943 2647 2064 2736 sit3
2110 2646 2182 2717 in
2229 2645 2471 2717 eadem

380 2788 538 2834 vero
569 2763 910 2857 incidere,
952 2792 1041 2838 ne
1076 2765 1533 2838 damnatione
1568 2763 1859 2863 quidem
1885 2761 2264 2862 compesci,
2298 2760 2476 2832 ultra

385 2878 621 2949 omnia
638 2878 1064 2952 videbatur2.
1087 2880 1280 2952 Nihil
1308 2879 1496 2952 enim
1523 2879 1731 2951 verba
1759 2878 2059 2950 faciunt:
2089 2877 2208 2949 sed
2227 2876 2482 2947 volun-

461 3025 505 3058 1.
543 3008 629 3061 Aa
669 3011 986 3065 intellectum
1013 3016 1298 3087 judicium.
1340 3017 1386 3067 A

384 3082 590 3136 Pithoeo
622 3106 723 3139 vox
756 3090 1226 3160 judiciummddita
1267 3107 1382 3147 est:

383 3163 679 3220 Thaddaeus
727 3184 779 3223 et
828 3171 1074 3225 AErodius
1120 3175 1382 3245 ignorant.

382 3245 526 3296 Num
565 3245 758 3315 voluit,
782 3251 1069 3320 judicum?
1102 3253 1268 3305 Gnou.
1303 3254 1385 3305 Sic

384 3339 542 3393 supra
559 3324 818 3396 judicium
853 3347 950 3399 pro
967 3329 1232 3401 judicum.
1265 3331 1383 3384 Scn.

382 3400 659 3470 Indicum,
695 3407 863 3457 Latin.
894 3407 1026 3459 Vide
1058 3408 1125 3460 ad
1155 3411 1384 3461 Institut.

382 3478 474 3532 lib.
500 3482 599 3549 xl,
643 3500 685 3535 ι.
721 3485 909 3538 Omisit
923 3487 1165 3556 judicum
1208 3488 1386 3540 AErod.

456 3579 502 3614 2.
531 3565 793 3637 compesci
815 3565 955 3620 ultra
983 3571 1160 3621 omnia
1187 3569 1389 3622 videba-

384 3653 483 3694 tur.
529 3642 613 3695 Sic
656 3657 709 3696 et
748 3644 1065 3700 Thaddoeus.
1108 3649 1385 3702 AErodius:

383 3723 633 3791 compesci
657 3722 796 3774 ultra
821 3742 966 3795 posse
994 3727 1215 3778 crimina
1251 3727 1392 3780 vide-
1412 3737 1423 3752 ‘

386 3796 588 3848 bunnar.
610 3799 915 3872 Asyndeton
940 3815 990 3853 et
1016 3803 1260 3872 neglecta
1284 3803 1391 3855 dis·

386 3879 572 3928 tinctio
622 3880 973 3951 impedierunt
1028 3881 1390 3935 doctissimum

382 3958 570 4007 virum.
591 3958 657 4008 In
678 3961 855 4012 eadem
881 3979 998 4013 vero
1024 3961 1247 4013 incidere
1267 3961 1389 4031 (hic

382 4033 647 4104 intellige,
676 4041 828 4110 quasi
857 4041 1224 4111 interpositum
1254 4053 1392 4092 esset

380 4111 436 4164 σῖ
455 4113 542 4184 et)
564 4133 630 4166 ne
650 4117 989 4172 dannatione
1016 4116 1224 4191 quidm
1253 4137 1391 4170 com·

272 4215 292 4234 ν
381 4197 519 4266 pesct'
547 4195 844 4270 (intellige,
878 4199 982 4251 hoc
1016 4197 1210 4268 vero),
1249 4199 1389 4252 ultra

387 4274 560 4325 emnia
576 4277 753 4329 videbo
760 4287 811 4329 tu
818 4296 856 4328 r.
870 4277 991 4329 Haec
1006 4289 1235 4329 extrema
1251 4277 1389 4330 linea

1467 3012 1758 3083 putabatur
1783 3013 2012 3065 insaniae.
2039 3012 2204 3063 Gnott.
2229 3040 2301 3051 —
2320 3009 2477 3062 Nihil

1467 3092 1607 3142 enim
1632 3091 1776 3141 verba
1799 3090 2043 3161 faciunt,
2076 3088 2176 3142 sed.
2211 3089 2311 3138 Pro
2334 3087 2472 3137 enim

1466 3171 1521 3220 in
1539 3167 1808 3219 Thaddaeo
1834 3182 1886 3218 et
1908 3166 2119 3218 AErodio
2141 3165 2294 3217 video
2318 3182 2437 3236 erqo
2454 3185 2470 3214 .·

1467 3246 1629 3318 idque
1651 3248 1814 3317 magis
1834 3248 2082 3298 convenit
2095 3282 2111 3309 ,
2127 3244 2285 3296 modo
2301 3257 2352 3295 et
2367 3262 2473 3297 res-

1466 3329 1654 3380 tituas:
1686 3325 1845 3379 Nihil
1867 3345 1986 3398 erqo
2012 3325 2158 3377 verba
2171 3325 2408 3396 faciunt,
2430 3327 2473 3379 si

1469 3405 1709 3458 voluntas
1734 3404 1858 3478 legis
1884 3405 2078 3456 diversa
2101 3415 2255 3477 atque
2275 3415 2475 3457 contra·

1470 3487 1545 3539 ria
1574 3498 1660 3540 est.
1692 3487 1858 3538 Gnou.
1896 3485 2052 3538 Nihil
2083 3505 2197 3560 erqo
2230 3506 2275 3538 v.
2301 3486 2353 3557 f.
2389 3485 2475 3538 sed

1468 3564 1709 3617 voluntas
1744 3563 1896 3636 leqis,
1945 3565 1989 3616 .ςί
2022 3565 2216 3617 diversa
2254 3584 2303 3616 a.
2342 3583 2384 3614 c.
2426 3581 2470 3613 e.

1468 3646 1595 3698 Obr.
1617 3647 1869 3699 Francius
1889 3666 2008 3698 cum
2028 3647 2298 3698 Gronovio
2319 3649 2475 3697 facie-

1472 3724 1577 3776 bat.
1615 3722 1815 3776 Schult.
1846 3723 2089 3789 volebat,
2118 3735 2292 3776 autem
2313 3763 2330 3789 ,
2354 3722 2434 3772 vel
2457 3760 2474 3786 ,

1472 3824 1588 3858 vero
1630 3806 1776 3857 verba
1802 3805 1854 3874 f.
1896 3806 1939 3856 si
1978 3804 2234 3856 voluntas.
2271 3802 2401 3864 Alii,
2432 3804 2476 3853 si

1470 3885 1674 3959 quidem
1704 3885 1960 3937 voluntas.
1988 3915 2053 3923 —
2078 3882 2336 3938 Voluntas
2353 3881 2476 3955 leqi's

1470 3965 1664 4017 diversa
1715 3973 1873 4034 atque
1917 3962 2174 4014 contraria
2216 3972 2304 4013 est.
2351 3961 2474 4013 Non

1471 4045 1607 4095 enim
1641 4041 1725 4093 hic
1759 4042 1912 4092 fortis
1944 4038 2025 4090 bis
2056 4051 2330 4091 accusatus
2363 4051 2474 4104 est,

1470 4120 1614 4193 quod
1641 4119 1722 4173 bis
1747 4118 2053 4190 deliquerit:
2085 4116 2177 4170 sed
2204 4119 2324 4189 quia
2355 4117 2473 4169 loco

1470 4202 1667 4273 praemii
1685 4198 2000 4273 postulavit,
2024 4202 2170 4273 prius
2195 4198 2323 4252 illud
2338 4199 2476 4270 judi·

1469 4282 1610 4332 cium
1644 4281 1813 4349 repeti
1845 4298 1906 4331 nc
1940 4280 2281 4351 recognosci,
2314 4292 2372 4332 ut
2406 4297 2474 4329 an
