3200 5117
859 502 1699 575 DECLAMAT'IONES.
1745 510 1867 574 VI.
2284 517 2401 583 531

304 631 503 705 dum
540 630 953 704 sententiam
993 627 1254 719 divitis,
1289 654 1551 728 pauper
1588 654 1735 701 non
1781 650 1889 702 est‘
1919 652 2259 706 reversus:
2302 638 2414 710 di-

287 764 629 822 >cturum¹
656 775 726 821 se
742 749 826 820 de
839 746 1212 846 tyrannide
1234 747 1803 846 pollicetur;quid
1823 748 1925 820 vis
1946 752 2418 851 suspicemur?

303 888 386 938 tu
433 864 617 935 nihil
656 863 984 954 nuncias,
1023 862 1142 934 sed
1186 861 1350 933 inde
1383 862 1667 935 venisti:
1695 884 2034 935 venerunt
2066 869 2418 965 ²epistolae

304 1001 729 1052 consecutae.
776 979 910 1051 Sed
950 1006 1070 1050 cur
1112 978 1197 1050 de
1240 977 1527 1076 publico
1569 999 1750 1050 statu
1792 980 2128 1053 'mandare
2166 983 2421 1085 hospiti

302 1095 596 1169 noluit?
631 1097 891 1168 Putatis
929 1095 1131 1167 illum
1164 1093 1695 1167 contradixisse?
1732 1098 2087 1169 confessus
2115 1120 2236 1172 est.
2271 1104 2424 1174 Sce-

303 1211 561 1283 leratis
601 1209 937 1308 ingeniis,
981 1229 1047 1279 et
1084 1207 1453 1307 plusquam
1494 1208 1720 1279 civilia
1756 1211 2239 1309 cupientibus,
2278 1242 2425 1288 non

304 1327 676 1399 dominari
720 1327 939 1398 instar
981 1325 1324 1397 servitutis
1363 1345 1482 1395 est.
1523 1325 1956 1424 Jampridem
1995 1348 2061 1399 te
2098 1329 2238 1400 arci
2274 1358 2427 1403 nos·

305 1464 437 1514 trae
475 1441 504 1487 3
532 1463 648 1513 tua
681 1442 960 1511 fortuna
995 1439 1333 1540 minatur:
1362 1464 1571 1538 supra
1602 1439 1874 1511 civilem
1904 1441 2084 1514 hanc
2113 1445 2429 1541 aequatio-

310 1554 821 1630 nem4divitiae
855 1577 919 1628 te
950 1556 1341 1628 elevarunt:
1371 1582 1515 1626 non
1539 1556 2039 1655 sineexemplo
2070 1558 2423 1634 timemus.

315 1676 409 1744 In
445 1670 723 1742 Manlio
751 1670 1112 1770 quondam
1142 1671 1440 1770 potuisse
1460 1670 1511 1760 ⁵,
1544 1670 1957 1743 damnatum
1993 1693 2111 1745 est.

1092 1873 1284 1918 PARS
1332 1872 1676 1919 ALTERA.

435 1998 597 2069 Non
624 1995 935 2096 intelligo
951 2054 969 2087 ,
991 1997 1600 2096 quemadmodum
1632 1998 1927 2071 infamet
1949 2026 2136 2071 mors
2152 2022 2434 2075 senten-

339 2113 519 2185 tiam
547 2138 818 2185 meam:
843 2134 970 2211 ego
988 2112 1042 2184 si
1066 2112 1338 2187 auditus
1363 2134 1615 2205 essem,
1641 2114 1757 2186 ille
1780 2141 1926 2187 non
1952 2137 2123 2189 esset
2143 2118 2430 2192 occisus.

418 2334 440 2368 1
454 2356 466 2375 ,
487 2318 759 2369 Dicturum
779 2335 830 2369 se
848 2318 910 2368 de
934 2318 1209 2387 tyrannide
1227 2316 1347 2388 pol·
1429 2331 1485 2369 ut
1508 2317 1715 2370 solutus
1738 2319 1942 2390 legibus
1964 2322 2029 2371 sit
2050 2340 2223 2373 nemo.
2249 2323 2290 2372 F
2293 2322 2434 2377 lorus

337 2398 541 2451 licetur.
586 2399 731 2465 Fuit,
765 2395 955 2462 credo,
987 2397 1331 2470 pollicebatur
1425 2399 1782 2467 videaturJH,
1810 2399 2126 2463 13;Sallust.
2148 2403 2257 2454 Bel.
2277 2405 2430 2458 Catil.

337 2477 572 2528 Scnnt'r.
1428 2478 1648 2545 373Liv.
1669 2478 1759 2529 lib.
1784 2480 1856 2542 Π,
1878 2480 1989 2530 init.
2015 2480 2213 2532 Phaedr.
2232 2483 2339 2535 fab.
2361 2485 2434 2550 11,

418 2577 468 2612 a.
515 2559 617 2611 Sed
659 2557 782 2610 inde
827 2558 1052 2611 misti.-
1099 2566 1351 2609 venerunt
1430 2572 1545 2625 quae
1567 2558 1693 2625 jam
1739 2556 1954 2627 vulgata
1996 2572 2133 2609 sunt.
2177 2523 2437 2613 Cetei-uui

334 2640 588 2714 epistolae.
611 2639 817 2697 Scribe·
846 2638 926 2693 Tu
945 2636 1085 2695 nihil
1104 2638 1346 2689 nuncias:
1431 2633 1577 2705 quod
1608 2633 1696 2686 hic
1732 2635 1984 2719 oequatio,
2019 2636 2121 2688 id
2107 2656 2161 2688 m
2190 2638 2336 2691 Deci.
2368 2641 2439 2690 lv

335 2722 454 2790 sed,
474 2720 611 2774 unde
631 2720 839 2786 venisti,
859 2717 1351 2791 venerunt-epistolas
1428 2712 1739 2781 Quintiliani
1772 2704 2014 2788 aequitas.-
2052 2718 2323 2789 quomodo
2362 2718 2441 2771 'di-

339 2812 391 2851 te
417 2812 711 2851 consecutoe.
736 2803 903 2850 Gnon.
1426 2793 1733 2867 qnationem
1757 2800 1808 2845 e't
1814 2796 2136 2867 dignitatem
2162 2817 2318 2850 sensu
2348 2818 2443 2850 eo..

418 2880 469 2931 3.
516 2877 641 2929 Arci
679 2891 882 2932 nostroe.
919 2882 1035 2929 Vet.
1085 2879 1349 2929 amhonta.
1432 2873 1550 2925 dem
1568 2873 1671 2926 hoc
1688 2874 1923 2927 seculum
1939 2876 2263 2930 dixit.Verba
2277 2880 2442 2946 Quin·

340 2958 495 3006 Pura.
515 2956 698 3018 Forte,
721 2966 769 3005 te
789 2957 898 3005 arci
921 2974 1026 3006 non
1054 2956 1352 3024 impositum
1430 2954 1597 3005 tiliani
1623 2969 1773 3021 sunt,
1804 2980 1824 3001 a
1844 2956 2151 3009 Relatumm
2174 2979 2258 3010 me
2284 2975 2440 3031 puta-

342 3047 438 3088 tua
454 3035 677 3104 foi-tiana
706 3038 941 3085 miratur.
971 3036 1061 3085 Est
1091 3048 1233 3084 certe
1257 3034 1355 3084 ali-

346 3116 481 3190 quid
505 3115 674 3168 scabri
697 3118 750 3167 in
770 3115 978 3185 vulgata
1005 3113 1260 3173 lectione;
1282 3112 1356 3163 di-

348 3197 486 3247 vitiae
527 3207 666 3261 tnae,
709 3212 823 3264 quae
868 3195 1107 3263 ingentes
1154 3193 1356 3243 animos

343 3276 585 3335 faciunt,
617 3273 899 3335 mirantur,
934 3283 985 3321 te
1018 3288 1128 3321 non
1151 3267 1357 3321 dudum

347 3357 655 3426 impositum
678 3370 792 3406 esse
808 3356 916 3405 arci
927 3390 943 3417 ‚
959 3365 1011 3403 et
1026 3350 1358 3423 tyrannidem

349 3452 659 3506 occupasse.
704 3434 907 3486 Deinde
949 3432 1157 3495 malim,
1206 3452 1359 3504 supra

349 3516 560 3569 civilem
600 3517 735 3569 hanc
765 3527 896 3569 certe
930 3527 978 3567 te
1013 3516 1357 3587 aequationem

350 3594 550 3655 divitioe
562 3595 832 3647 elevarunt
848 3616 863 3644 .·
881 3604 1014 3645 certe
1028 3612 1126 3665 pro
1142 3592 1357 3644 saltem:

353 3678 508 3748 periit
546 3676 636 3727 illa
667 3676 859 3728 vocula
892 3674 1141 3745 absorpta
1177 3672 1359 3724 ultima

355 3755 556 3828 syllaba
576 3774 605 3807 a
619 3766 670 3807 te
684 3756 952 3826 sequenti,
967 3767 1017 3805 et
1036 3755 1230 3824 prima,
1249 3770 1360 3823 quae

356 3837 620 3901 restabat,
645 3835 809 3887 abiit
795 3855 848 3888 m
871 3854 988 3906 per,
1011 3833 1152 3886 unde
1178 3846 1362 3885 natum

350 3916 810 4011 peroequationem.
837 3916 1005 3966 Banu.
1108 3972 1116 3983 .

430 3997 480 4062 4.
507 3988 896 4066 AEquationem.
922 3991 1002 4042 Al.
1020 3991 1365 4064 peraequatio-

356 4092 499 4128 nem.
533 4080 678 4128 Fun.
715 4076 833 4125 Hoec
867 4073 934 4125 ad
967 4085 1158 4125 statum
1191 4071 1365 4123 liberte

357 4158 661 4228 reipublicae
684 4159 978 4229 pertinent:
1002 4154 1095 4206 ubi
1120 4153 1366 4205 omnibus

359 4252 570 4305 aequum
587 4239 674 4307 jus
698 4251 807 4302 est,
829 4248 921 4289 aut
944 4253 1059 4290 esse
1082 4233 1270 4297 debet;
1293 4234 1366 4286 ita

1439 3055 1461 3078 ι
1482 3035 1547 3085 tis
1574 3033 1663 3084 illa
1694 3038 1969 3104 optionum
1995 3038 2151 3090 verba
2182 3040 2436 3096 solennia.

1442 3132 1463 3155 ι
1485 3113 1608 3161 Non
1623 3130 1815 3181 capere
1830 3133 2139 3184 magnorum
2154 3121 2321 3188 pretia
2338 3132 2441 3173 me-

1441 3208 1464 3232 ·
1484 3189 1733 3251 ritorum,
1755 3191 1894 3243 solas
1912 3195 2215 3264 aequitates?
2229 3221 2251 3243 n
2276 3200 2439 3252 Paulo

1437 3279 1586 3338 post,
1631 3290 1651 3312 u
1673 3267 1774 3319 Sed
1811 3273 1981 3321 securi
2022 3286 2199 3325 estote·
2227 3274 2293 3327 de
2332 3278 2441 3330 avi-

1444 3346 1650 3397 «ditate
1697 3365 1910 3403 summae
1953 3353 2246 3420 potestatis.
2270 3378 2292 3401 ιι
2336 3357 2442 3409 Ubi

1437 3446 1640 3481 summa
1665 3432 1818 3481 unius
1844 3444 2080 3501 potestas
2100 3438 2326 3505 aequitati
2350 3458 2445 3510 op-

1438 3511 1671 3581 ponitur.
1687 3512 1803 3563 Nisi
1820 3513 2140 3584 aequalitates
2154 3520 2270 3588 quis
2291 3533 2448 3591 putet

1438 3590 1738 3661 legendum.
1760 3593 1927 3645 Tacit.
1954 3598 2089 3647 Ann.
2117 3599 2165 3660 1,
2193 3601 2251 3665 4,
2282 3612 2449 3653 trans-

1439 3670 1603 3722 latam
1632 3669 1700 3721 ad
1728 3671 1955 3723 Caesares
1985 3676 2363 3748 rempublicam
2393 3693 2446 3731 et

1439 3750 1734 3802 libertatem
1750 3751 2006 3823 perditam
2028 3758 2445 3826 significaturus,

1446 3829 1715 3893 MOmnes
1733 3832 1931 3901 inquit,
1947 3846 2099 3884 exuta
2120 3830 2446 3904 aequalitate,

1448 3911 1629 3980 «jussa
1660 3913 1917 3983 principis
1951 3928 2288 3985 aspectare.
2268 3920 2443 3972 Scu-

1441 3989 1560 4041 vid.
1610 3986 1818 4043 Hei-ald.
1865 3991 1932 4043 ad
1971 3992 2170 4045 Tei-tul.
2216 3996 2445 4071 Apolog.

1444 4090 1565 4143 pag.
1594 4072 1679 4125 36.

1519 4154 1566 4207 5.
1590 4153 1840 4207 Potuisse.
1857 4154 2129 4225 Virgilius,
2152 4157 2334 4229 Eclog.
2354 4162 2452 4227 VI,

1449 4234 1546 4302 242
1578 4254 1600 4281 κ
1621 4232 1757 4285 Satis
1786 4245 1865 4287 est
1886 4236 2122 4305 potuisse
2145 4234 2328 4289 videri.
2351 4261 2373 4283 n

2104 4323 2198 4389 -34,
