3200 5117
725 583 860 650 316.
1228 581 1320 645 M.
1368 580 1618 645 FABII
1665 578 2298 664 QUINTILIANI

723 706 884 780 flcio
919 732 1091 777 suo:
1142 730 1220 776 ex
1255 725 1408 801 'quo
1451 704 1667 776 semel
1719 729 1966 775 manus
2007 703 2436 801 inquinavit,
2479 703 2803 776 insecutae

623 807 630 820 ³
724 842 884 892 sunt
909 819 1037 892 illae
1062 819 1371 920 protinus
1395 819 1590 891 furiae
1609 875 1629 906 ,
1663 838 1737 890 ut
1762 818 1951 889 hunc
1976 818 2343 889 hominem
2369 819 2605 917 palam
2629 820 2804 890 occi-

725 934 949 1021 deret,
980 953 1057 1004 ut
1084 960 1239 1005 reus
1271 931 1682 1021 deferretur,
1718 952 1795 1002 ut
1823 930 2304 1022 damnaretur,
2340 952 2800 1031 torqueretur,

724 1072 803 1124 ut
837 1049 1299 1123 confiteretur.
1338 1049 1450 1119 An
1484 1073 1642 1119 vero
1680 1066 1752 1117 tu
1795 1045 2031 1133 illum,
2070 1046 2260 1144 quod
2297 1046 2732 1147 sacrilegium
2766 1075 2806 1118 a

723 1191 794 1237 se
828 1159 1278 1235 commissum
1313 1186 1457 1232 esse
1487 1159 1689 1250 dixit,
1724 1159 2107 1260 praestitisse
2140 1158 2451 1257 ignibuS,
2479 1186 2652 1258 quos
2683 1187 2806 1232 nos

724 1277 1180 1380 subjecimuS,
1221 1298 1343 1348 aut
1379 1275 1666 1374 flagellis
1706 1274 1945 1374 putas?
1981 1275 2159 1347 nihil
2193 1274 2313 1347 illa
2349 1297 2689 1348 tormenta
2720 1276 2807 1347 ad

725 1391 1227 1468 confessionem
1252 1391 1588 1489 sacrilegii
1618 1391 2087 1491 pertinebant;
2114 1418 2255 1464 non
2282 1391 2368 1463 de
2393 1392 2526 1464 hoc
2550 1412 2811 1492 torque-

725 1508 966 1581 batur:
997 1534 1262 1579 numen
1294 1529 1436 1580 erat
1466 1508 1800 1607 profecto,
1832 1535 2098 1582 numen
2134 1508 2308 1580 illud
2328 1566 2347 1599 ,
2378 1509 2566 1606 quod
2593 1508 2809 1610 subji-

728 1644 907 1695 ceret
943 1623 1158 1711 faces,
1200 1621 1388 1720 quod
1428 1622 1808 1696 acrioribus
1852 1623 2149 1696 stimulis
2189 1624 2471 1722 agitaret
2507 1653 2521 1694 ε
2566 1651 2680 1697 vos
2721 1624 2804 1697 de

733 1735 914 1809 caede
941 1735 1356 1835 torquebatis
1384 1765 1399 1808 :
1435 1736 1548 1809 ille
1579 1737 1666 1809 de
1696 1737 2566 1837 sacrilegio-confitebatur.
2770 1735 2775 1740 ’

730 1994 2713 2019 ”mmmmmmmmmmmmm
2720 1998 2811 2018 m

1512 2201 2049 2278 CCCXXV.

1305 2431 1658 2503 Hereditas
1664 2430 1843 2531 fidei
1869 2436 2240 2503 commissa.

741 2636 996 2716 Pauper,
1020 2648 1079 2695 et
1113 2634 1278 2695 dives
1316 2635 1503 2695 vicini
1537 2648 1733 2695 erant.
1772 2635 2034 2716 Pauperi
2075 2655 2233 2695 uxor
2270 2636 2562 2718 speciosa:
2599 2652 2812 2692 rumor

815 2746 946 2792 erat
969 2731 1299 2792 adulterari
1323 2734 1610 2815 pauperis
1634 2753 1889 2793 uxorem
1922 2754 1956 2792 a
1991 2732 2209 2808 divite,
2243 2734 2478 2793 conscio
2510 2731 2671 2790 viro:
2707 2728 2809 2790 de·

820 2828 978 2887 latus
1003 2828 1302 2887 lenocinii
1321 2841 1336 2869 ¹
1362 2848 1501 2887 reus
1529 2849 1783 2910 pauper,
1806 2843 1868 2889 et
1890 2828 2210 2900 absolutus
2232 2843 2337 2890 est.
2362 2829 2541 2888 Dives
2563 2825 2819 2911 decessit

819 2923 1041 2986 herede
1074 2927 1353 2987 instituto
1385 2925 1699 2987 bonorum
1734 2929 2021 2987 omnium
2055 2949 2355 3011 paupere,
2383 2940 2443 2986 et
2465 2926 2663 3005 elogio
2688 2923 2818 2983 tali.

820 3023 983 3082 Ρετο
1003 3043 1083 3083 οἰ·
1105 3041 1268 3084 ΒΑΜ
1288 3043 1717 3083 naumurum
1744 3043 2068 3084 unsa-rrum
2086 3045 2177 3100 ει,
2202 3045 2304 3084 cut
2332 3042 2579 3084 nocam.
2605 3022 2762 3081 Petit
2786 3041 2818 3079 a

825 3140 1089 3202 paupere
1109 3141 1260 3182 uxor
1282 3118 1711 3195 hereditatem,
1738 3131 2059 3202 tamquam
2086 3118 2226 3181 fidei
2252 3119 2665 3180 commissam.

1596 3313 1961 3379 SERMO.

833 3466 1010 3549 Quid
1029 3468 1305 3539 dicimus
1318 3522 1336 3554 ,
1359 3471 1698 3564 quomodo
1718 3471 1860 3538 haec
1879 3493 2045 3536 uxor
2069 3485 2136 3534 et
2158 3469 2352 3534 heres
2373 3466 2527 3539 erit,
2562 3481 2629 3530 et
2647 3463 2827 3530 adul·

826 3651 870 3685 r.
891 3634 1105 3688 Delatus
1124 3637 1383 3692 lenocinii.
1405 3639 1537 3693 Vide
1554 3641 1743 3692 Juven.
1824 3642 1992 3712 prima
2016 3637 2192 3689 fronte
2217 3635 2320 3689 tale
2345 3633 2472 3707 quid
2493 3631 2581 3685 hic
2610 3629 2793 3684 deesse
2808 3668 2826 3692 ,

749 3715 855 3769 Sat·
890 3716 944 3781 Ι,
977 3715 1076 3783 55,
1108 3717 1182 3769 ibi
1213 3718 1386 3772 Schol.
1422 3719 1563 3774 unde
1599 3733 1747 3792 patet
1826 3716 1977 3769 uxori
1995 3727 2098 3769 tuoe
2118 3711 2480 3769 mainwased
2496 3729 2681 3763 revera
2694 3708 2825 3761 nihil

748 3793 837 3847 hic
858 3810 1218 3865 argumentum
1236 3815 1297 3848 ex
1311 3816 1436 3851 vero
1457 3812 1744 3871 sumptum.
1825 3797 1974 3849 deest
1988 3833 2005 3861 ‚
2042 3807 2393 3866 praeterquam
2431 3788 2581 3861 quod
2616 3786 2828 3857 virgulis

750 3877 966 3929 Senum.
989 3906 1062 3918 --
1081 3875 1270 3950 Eloqio
1297 3880 1407 3932 tali.
1434 3880 1513 3934 De
1536 3881 1747 3953 elogiis,
1826 3873 2086 3925 inclusum
2100 3871 2182 3942 (ut
2197 3866 2456 3943 quidquid
2477 3866 2620 3919 aliud
2639 3863 2827 3934 simile)

751 3973 847 4006 seu
887 3955 1133 4008 clausulis
1175 3970 1605 4011 testamentorum
1642 3957 1746 4010 vid.
1830 3952 2129 4023 adjecimus.
2153 3952 2289 4002 Nam
2309 3951 2351 4001 si
2368 3947 2512 3999 dives
2532 3947 2605 3997 ita
2627 3942 2825 4016 specia-

750 4029 788 4082 l.
817 4049 910 4099 20,
931 4035 989 4085 C.
1016 4034 1081 4086 de
1099 4037 1218 4105 jure
1241 4033 1399 4088 delib.
1426 4037 1591 4088 Cicer.
1615 4036 1751 4086 Tus·
1828 4032 1948 4085 liter
1967 4031 2403 4104 pronunciasset,
2425 4026 2576 4078 uxori
2604 4035 2699 4075 tuoe
2726 4037 2823 4073 res·-

755 4112 858 4164 cul.
882 4116 939 4180 1,
961 4115 1029 4168 33
1055 4129 1106 4168 et
1129 4114 1227 4178 353
1251 4116 1309 4168 C.
1334 4115 1400 4168 de
1424 4117 1621 4169 inoffic.
1648 4129 1752 4168 tes-
1831 4112 1985 4164 tt'tuas
2004 4148 2025 4176 ‚
2068 4122 2267 4162 semota
2311 4120 2447 4159 esset
2487 4104 2653 4154 omnis
2693 4115 2823 4150 con-

756 4195 1012 4244 tumentis.
1046 4196 1137 4245 En.
1171 4222 1242 4233 —
1277 4193 1564 4265 Tamquam
1589 4190 1752 4265 fidei·
1832 4192 2079 4241 troversia
2116 4192 2252 4241 inter
2289 4187 2456 4239 virum
2493 4197 2544 4235 et
2574 4195 2820 4233 uxorem:

755 4286 921 4319 comm
931 4268 1076 4321 issam
1086 4271 1233 4341 petit.
1244 4270 1753 4323 videbiturfortasse
1835 4271 2079 4342 omnique
2122 4267 2282 4322 modo
2323 4259 2645 4319 restituenda
2690 4270 2832 4312 esset
