3200 5117
791 571 1626 643 DECLAMATIONES.
1673 575 2112 644 CCCXXVI.
2360 585 2483 650 323

1376 823 1977 847 mmmm
1987 827 2499 856 ”mmmmm

1166 1008 1755 1085 CCCXXVI.

857 1235 1308 1337 Leqatifilius
1337 1241 1615 1308 victima
1643 1237 2059 1334 pestilentiae.

417 1435 547 1516 Qui
581 1436 925 1520 pestilentia
963 1434 1369 1508 laborabant,
1412 1437 1713 1494 miserunt
1749 1433 2020 1515 legatum
2063 1436 2141 1496 ad
2183 1438 2505 1500 oraculum

496 1533 872 1617 petendum:
915 1552 1282 1614 responsum
1319 1543 1408 1591 est
1448 1532 1539 1604 ei,
1582 1529 1781 1591 filium
1824 1533 2011 1614 ipsius
2052 1534 2507 1598 immolandum

498 1655 642 1695 esse.
687 1630 798 1692 Ille
841 1632 1163 1692 nunciavit
1199 1630 1432 1690 civitati
1482 1650 1651 1689 sacra
1709 1630 2074 1708 desiderari,
2120 1631 2251 1695 filio
2293 1657 2513 1699 verum

502 1730 811 1792 confessus
847 1743 951 1789 est.
990 1729 1182 1788 Sacris
1220 1727 1413 1787 finitis
1447 1727 1789 1809 pestilentia
1825 1750 1957 1809 non
1987 1743 2075 1789 est
2104 1728 2312 1792 finita:
2347 1731 2511 1795 filius

502 1828 794 1910 processit
821 1827 888 1886 in
914 1827 1305 1900 concionem,
1331 1838 1389 1885 et
1415 1845 1476 1885 se
1505 1827 1634 1907 ipse
1657 1825 1975 1888 interfecit.
2000 1828 2206 1890 Finita
2230 1832 2512 1913 pestilen-

506 1927 590 1984 tia
618 1945 757 1985 reus
783 1937 872 1984 est
894 1923 1126 2004 legatus
1149 1921 1303 1982 loesae
1331 1920 1706 2004 reipublicae.

1119 2109 1818 2176 DECLAMATIO.

379 2283 399 2326 e
527 2229 1054 2338 AEstimaveram
1071 2306 1090 2341 ,
1124 2250 1388 2352 judices
1407 2310 1426 2342 ,
1453 2275 1900 2325 consecutum
1925 2280 2066 2326 esse
2093 2280 2207 2325 me
2231 2253 2362 2326 hoc
2387 2256 2537 2327 sal:

429 2385 571 2438 tem
589 2422 608 2456 ,
635 2386 714 2438 ut
737 2365 1074 2465 sanguine
1100 2391 1256 2437 meo
1278 2387 1539 2437 servata
1567 2367 1802 2440 civitas
1820 2425 1839 2457 ,
1871 2368 2041 2439 datae
2070 2367 2306 2440 salutis
2330 2391 2517 2467 grata

431 2480 898 2582 meminisset¹
936 2507 950 2551 ε
993 2501 1201 2578 atque
1249 2508 1330 2553 eo
1374 2482 1631 2580 magis,
1677 2482 1866 2578 quod
1908 2482 2094 2554 filius
2137 2508 2334 2555 meus
2371 2511 2515 2556 non

426 2595 828 2669 necessitate
865 2595 1260 2667 immolatus
1294 2618 1468 2685 erat,
1512 2598 1630 2670 sed
1675 2596 2046 2670 voluntate.
2080 2567 2348 2674 Verum
2382 2597 2514 2671 hoc

429 2695 599 2783 adeo
621 2709 697 2781 in
718 2709 1138 2782 contrarium
1158 2711 1387 2800 cessit,
1410 2731 1491 2781 ut
1521 2710 1782 2781 inventi
1811 2711 1951 2784 sint
1968 2712 2041 2782 in
2069 2711 2198 2785 hoc
2222 2712 2515 2812 populo,

430 2825 588 2924 qui,
626 2851 771 2895 rem
805 2824 1034 2918 nescio
1064 2824 1541 2924 indignatione
1574 2826 1795 2924 magis
1819 2825 2232 2918 dolendam,
2264 2854 2356 2900 an
2389 2854 2518 2900 va-

431 2939 641 3011 nitate
673 2937 1079 3028 ridendam,
1114 2938 1445 3038 objiciant
1477 2940 1750 3010 homini
1776 2939 2275 3038 pestilentiam;
2312 2963 2380 3015 et
2408 2970 2518 3014 re—

434 3051 750 3125 medium
782 3052 1018 3124 deberi
1050 3052 1181 3123 diis
1211 3051 1743 3140 immortalibus,
1768 3073 2036 3149 putent.
2064 3054 2136 3125 Si
2164 3054 2335 3151 quid
2362 3082 2518 3129 vero

432 3165 612 3267 passi
654 3192 895 3238 sumus
940 3165 1060 3237 tali
1101 3165 1407 3237 remedio
1454 3165 1795 3263 dignum,
1844 3186 2089 3237 nostrae
2136 3166 2519 3242 infirmitati

433 3281 919 3381 assignabitur.

1275 3409 1681 3476 SERM02.

523 3560 688 3621 Fere
716 3552 1207 3622 commendatio
1230 3577 1353 3643 per
1371 3552 1513 3618 haec
1541 3550 1830 3644 petenda
1859 3552 2014 3618 erit:
2051 3575 2199 3644 quae
2221 3553 2317 3620 illi
2345 3554 2523 3620 diffi-

513 3716 530 3750 ι
546 3738 558 3751 .
585 3701 737 3753 Datoe
762 3699 940 3753 salutis
965 3699 1139 3773 qratia
1170 3699 1438 3751 meminis-
1519 3714 1625 3768 que
1644 3713 1832 3748 vocem
1858 3696 2070 3749 citerius
2096 3699 2325 3768 positam
2353 3696 2523 3748 credi-

437 3788 525 3832 set.
566 3777 811 3831 AErodius
832 3801 846 3830 ε
890 3779 1014 3832 data
1052 3778 1232 3830 salutis
1266 3777 1440 3851 qratia
1516 3773 1624 3827 bile
1660 3787 1755 3827 est.
1794 3776 1963 3843 Ergo,
2002 3773 2171 3827 nescit>
2212 3773 2524 3843 indiqnitate

437 3856 760 3908 meminisoet.
792 3854 1170 3912 scribendum:
1199 3857 1336 3907 datoe
1356 3875 1440 3909 sa-
1517 3853 1682 3924 maqis
1720 3851 2001 3904 dolendam
2020 3889 2039 3916 ‚
2080 3851 2308 3901 vanitate
2350 3851 2524 3903 riden-

439 3934 562 3989 lutis
578 3948 731 4010 qrata
753 3937 1077 3990 meminisset.
1104 3937 1342 3989 Gnonov.
1367 3963 1441 3976 —
1518 3933 1656 3983 dam.
1699 3931 1866 3983 Gnou.
1906 3958 1980 3969 —
2023 3927 2146 3979 Tali
2184 3927 2407 3979 remedio
2444 3929 2526 3979 di·
2560 3918 2579 3937 ⁹

436 4017 624 4072 Nescio
663 4018 1027 4092 indignatione
1062 4018 1226 4092 maqis
1263 4016 1442 4068 dolen-
1516 4010 1835 4085 qnam.Tali
1850 4009 2098 4073 remedio,
2118 4007 2335 4082 dignum
2357 4020 2527 4062 nostra

437 4095 560 4147 dam
573 4133 593 4162 ,
612 4116 683 4148 an
703 4098 932 4151 vanitate
950 4096 1235 4150 ridendam.
1254 4094 1351 4146 Rei
1369 4097 1442 4166 ip-
1521 4089 1825 4164 infimitate
1845 4088 2170 4166 affirmatur,
2196 4089 2395 4143 Schult.
2424 4093 2527 4165 Af-

439 4176 545 4228 sius
568 4175 910 4230 affectionem
933 4176 1193 4248 siguificat
1214 4175 1413 4228 vanitas
1422 4197 1443 4236 ;
1508 4171 1837 4246 firmabitur,
1861 4172 1986 4226 edit.
2013 4171 2137 4224 alim.

440 4268 551 4306 non
583 4253 876 4309 hominum.
901 4255 1082 4310 Talem
1119 4255 1274 4327 igitur
1307 4272 1443 4326 quo·
1595 4271 1645 4307 2.
1677 4254 1873 4309 Sermo.
1907 4255 2175 4308 Praeminit
2203 4253 2349 4309 hunc
2373 4256 2527 4309 AEro-

2196 4359 2277 4395 21.
