3200 5117
749 554 1582 624 DECLAMATIONES.
1633 491 2011 626 (ΚΞΟΧΧΙ.
2301 562 2420 626 301

330 681 477 755 haec
503 703 739 753 tamen
768 680 1008 752 omnia
1033 678 1343 751 accidere
1368 678 1580 749 etiam
1612 704 1693 749 ex
1722 677 2074 752 innocenti
2112 681 2433 753 convivio

330 815 658 896 possunt:
691 775 879 865 unde
913 820 1075 891 ergo
1103 792 1407 890 suspicio
1438 790 1585 863 est?
1619 791 1811 863 unde
1838 792 1975 867 illoe
2002 795 2437 867 simultates?

331 910 524 982 unde
554 909 671 980 illa
701 906 1081 979 discordia?
1108 905 1332 979 Simul
1359 925 1424 976 et
1451 905 1629 977 illud
1654 931 1810 995 νος,
1831 906 2103 1007 judices
2121 966 2140 997 ,
2171 899 2431 982 intueri

331 1037 604 1121 oportet
627 1079 646 1112 ,
681 1041 884 1121 epota
914 1019 1123 1121 hujus
1158 1019 1473 1118 potione,
1502 1021 1788 1091 fratrem
1821 1046 2065 1092 meum
2099 1024 2431 1095 continuo

331 1137 662 1235 periisse:
701 1163 844 1208 non
880 1155 1102 1235 potest
1137 1134 1354 1206 videri
1393 1161 1476 1205 eo
1507 1161 1776 1206 veneno
1813 1135 2135 1233 periisse,
2183 1137 2254 1208 in
2288 1165 2432 1236 quo

332 1275 491 1326 ante
538 1274 978 1324 momentum
1025 1252 1266 1324 mortis
1315 1250 1619 1349 suspicio
1658 1252 1813 1323 fuit.
1852 1255 2122 1324 Verum
2164 1253 2309 1326 haec
2352 1281 2434 1325 ex

333 1367 739 1469 hujusmodi
795 1366 1014 1438 causis
1064 1386 1211 1437 orta
1256 1364 1556 1463 suspicio
1577 1422 1595 1454 ,
1652 1365 2127 1463 plenissimam
2185 1368 2436 1440 defen-

332 1485 547 1556 dendi
583 1483 836 1555 veneni
871 1482 1304 1553 occasionem
1340 1481 1568 1553 dedit:
1612 1481 1842 1579 prima
1876 1482 2029 1573 illa,
2071 1484 2258 1580 quod
2301 1484 2436 1556 ha-

333 1599 584 1689 bebaS,
621 1598 730 1670 cui
765 1596 1143 1696 objiceres:
1179 1595 1391 1668 altera
1433 1596 1593 1694 illa,
1637 1597 1826 1696 quod
1868 1599 2439 1701 qualemcunque

333 1715 692 1813 potionem
713 1727 730 1757 ¹
757 1733 1161 1810 accepturus
1181 1732 1323 1783 erat
1341 1712 1576 1800 frater,
1603 1713 1724 1785 etsi
1747 1713 1937 1785 illam
1961 1716 2220 1787 tristem
2247 1719 2436 1809 visu,

311 1830 460 1900 'etsi
490 1828 682 1899 illam
714 1849 917 1925 gustu
947 1854 1306 1925 asperam;
1337 1827 1731 1900 bibendum
1769 1852 1867 1902 est
1898 1852 2136 1903 tamen
2158 1890 2177 1923 ,
2209 1821 2431 1931 quum

337 1943 525 2043 dicas
559 1941 975 2014 remedium.
1017 1941 1152 2012 Sed
1185 1941 1359 2039 quid
1395 1969 1522 2040 ego
1563 1942 1865 2016 diutius?
1902 1945 1958 2017 si
2000 1972 2351 2019 venenum
2394 1976 2437 2018 a

337 2085 455 2128 me
487 2056 893 2154 accepisset,
924 2078 999 2127 tu
1027 2082 1368 2128 sanasses:
1405 2084 1572 2128 nam
1599 2078 1667 2129 et
1691 2058 2037 2156 pollicitus
2070 2087 2162 2133 οε.
2190 2063 2437 2133 Habe-

337 2170 464 2242 bas
501 2170 1096 2242 medicamentum
1120 2226 1140 2260 ,
1185 2190 1252 2241 et
1292 2170 1428 2241 tale
1471 2170 2065 2266 medicamentum
2114 2174 2389 2247 dicebas
2413 2233 2432 2264 ‚

341 2286 530 2383 quod
560 2311 772 2384 prope
807 2279 1133 2356 reducere
1167 2284 1522 2384 spiritum,
1559 2312 1701 2384 quo
1730 2286 1866 2358 vita
1895 2288 2135 2385 reponi
2169 2311 2433 2387 posset,

340 2428 480 2499 quo
499 2426 769 2473 venena
788 2401 1217 2498 fugarentur,
1234 2427 1372 2499 quo
1393 2401 2054 2474 transmitterentur:
2076 2404 2433 2501 potionem

341 2515 630 2603 dedisti,
670 2536 792 2588 aut
831 2515 1120 2588 remedii
1164 2537 1284 2587 aut
1325 2519 1619 2588 veneni:
1663 2517 1718 2587 si
1762 2516 2049 2589 remedii
2092 2518 2389 2591 dedisses
2414 2577 2436 2609 ,

340 2632 590 2704 viveret
612 2661 631 2720 3
673 2657 814 2702 non
854 2630 926 2701 id
968 2651 1285 2731 apparet3
1321 2657 1481 2730 ergo
1520 2658 1875 2704 venenum
1915 2632 2179 2705 dedisti.
2207 2634 2438 2705 Multa

342 2769 540 2837 sunt,
577 2746 887 2848 judices,
935 2773 1088 2846 quae
1139 2747 1374 2818 minus
1421 2746 1600 2820 clare
1647 2748 1873 2819 verbis
1917 2770 2123 2848 atque
2165 2750 2437 2821 actione

343 2862 634 2961 exprimi
678 2883 1007 2959 possunt:
1044 2862 1316 2933 utinam
1346 2860 1638 2960 quidem
1668 2862 1949 2934 fortuna
1985 2864 2436 2961 praestitisset‚

346 2997 427 3049 ut
445 2979 651 3051 frater
671 3005 870 3049 meus
887 2978 1171 3051 viveret!
1199 2977 1650 3064 ostendissem
1670 2978 1867 3051 vohis
1886 2980 2243 3052 medicum
2263 3009 2276 3052 :
2305 2974 2439 3052 lioc

347 3093 540 3165 enim
587 3113 742 3165 ante
786 3094 1025 3165 omnia
1066 3094 1262 3184 dico,
1302 3093 1613 3193 judices,
1652 3093 2053 3165 medicum:
2093 3093 2437 3165 ostendis-

346 3221 533 3279 sem²
568 3208 927 3308 potionem
962 3208 1141 3279 hanc
1180 3234 1324 3278 non
1365 3207 1881 3306 quotidianam,
1918 3229 1988 3280 et
2022 3235 2163 3305 qua
2194 3236 2439 3281 omnes

345 3323 644 3414 utimur3
671 3325 788 3396 sed
815 3323 1340 3396 medicamentis
1363 3324 1779 3422 permixtam
1802 3343 1868 3394 et
1895 3345 2273 3396 oneratam.
2302 3328 2437 3398 Dat

344 3538 612 3589 ancius.
663 3566 730 3576 —
774 3537 1106 3609 Defendendi
1145 3539 1347 3589 veneni.
1423 3553 1589 3608 prope
1635 3537 1869 3587 reducere
1906 3536 2160 3606 spiritum.
2210 3538 2391 3591 Scribe
2419 3562 2432 3589 ε

344 3618 627 3689 Deferendi
651 3639 700 3670 v.
725 3618 904 3671 AErod.
1428 3617 1569 3688 quod
1592 3635 1757 3688 prope
1786 3617 2016 3669 reducere
2039 3620 2305 3690 spiritum,
2332 3636 2434 3691 quo

361 3761 364 3764 ¹
423 3716 468 3751 1.
516 3700 669 3770 Quod
710 3700 1026 3772 qualemque
1059 3699 1347 3769 potionem.
1429 3696 1539 3747 vita
1563 3697 1746 3768 reponi
1762 3710 1944 3768 posset.
1971 3698 2133 3750 Gnou.
2162 3701 2430 3750 Francius.

346 3779 564 3833 Scribo:
589 3782 729 3851 quod
748 3781 1156 3854 qualemcunque
1173 3782 1348 3851 potio·
1432 3775 1548 3843 Quo
1567 3792 1786 3844 propere
1806 3774 2016 3842 ducere,
2041 3775 2243 3827 AErod.·

347 3877 466 3911 nem
493 3869 793 3929 accepturus
814 3869 925 3911 erat
938 3859 1136 3930 frater,
1166 3858 1257 3908 etsi
1281 3857 1349 3908 il·
1496 3852 1779 3918 adudices,
1793 3854 2076 3904 medicum.-
2094 3853 2434 3905 ostendissem.

347 3936 455 3990 Iam
491 3937 682 3989 tn'stem
721 3939 862 4004 visu,
897 3937 989 3988 etsi
1017 3935 1168 3987 illam
1197 3946 1351 4007 gustu
1428 3933 1669 3999 Iudices,
1692 3932 1951 3984 medicum
1977 3934 2316 3984 ostendissem.
2339 3934 2438 3984 Po-

345 4037 594 4091 asperam.
621 4017 784 4070 Giton.
816 4017 1245 4088 Qualemcunque
1270 4035 1351 4069 re·-
1430 4015 1625 4066 tionem
1655 4015 1708 4065 11.
1739 4034 1791 4063 n.
1816 4033 1869 4086 q.
1891 4033 1937 4064 e.
1961 4032 2065 4084 qua
2089 4031 2268 4065 omues
2284 4033 2333 4065 u.
2352 4052 2369 4078 ,
2394 4033 2433 4067 s.

345 4104 485 4173 cepit
509 4099 639 4154 Obr.
668 4099 760 4153 sed
778 4101 822 4151 εἰ
839 4112 890 4151 et
907 4098 1348 4150 retinuit—Me·
1429 4113 1502 4144 m.
1530 4113 1587 4165 p.
1623 4114 1667 4145 e.
1706 4105 1974 4146 oneratam
2005 4095 2095 4146 dat
2126 4096 2349 4147 medicus
2378 4096 2436 4148 in

347 4180 693 4231 dicamentum
710 4189 759 4229 et
775 4177 893 4231 tale.
907 4178 1347 4229 Medicamentum
1428 4177 1861 4230 medicamentum
1879 4216 1897 4244 ‚
1927 4177 2060 4231 Obr.
2095 4178 2237 4229 Med.
2266 4192 2434 4232 osten-

349 4268 408 4308 ιιε
450 4260 678 4320 dicebat,
724 4276 861 4328 quo,
907 4255 1085 4308 AErod.
1129 4285 1199 4295 —
1238 4257 1350 4326 Quo
1429 4258 1982 4325 dissem,oseendissem
2000 4261 2301 4332 potionem,
2328 4264 2431 4313 AEr.
