3200 5117
700 577 1536 645 DECLAMATIONES.
1581 583 1891 648 CCLVI.
2259 585 2339 650 53

260 701 609 775 malornm
646 729 971 776 meorum
996 703 1436 777 meminisse:
1482 731 1908 806 quamquam
1949 706 2130 780 inter
2176 734 2350 807 prae-

264 818 501 919 cipna,
540 842 821 921 propter
855 847 1010 920 quae
1042 820 1364 893 abdicem
1388 878 1408 912 ,
1448 820 1583 906 hoc
1620 844 1754 912 est,
1785 823 1971 920 quod
2007 824 2185 896 mihi
2220 824 2348 895 ista

264 935 612 1008 narranda
644 956 849 1025 sunt3
894 934 1122 1007 dicam
1150 956 1384 1008 tamen
1416 963 1431 1007 ε
1471 936 1746 1035 imputo
1783 937 1925 1009 filio
1960 965 2117 1010 meo
2152 936 2348 1010 orbi-

260 1069 496 1121 tatem.
540 1048 1050 1150 Respondebit:
1087 1076 1233 1122 non
1261 1075 1389 1149 ego
1427 1049 1671 1122 occidi.
1717 1050 1909 1141 Scio,
1950 1080 2106 1125 mea
2129 1079 2347 1125 manu

262 1162 525 1236 factum
554 1185 688 1237 est:
736 1166 883 1265 ipse
914 1190 1043 1264 ego
1070 1185 1300 1266 pater,
1347 1164 1467 1263 qui
1495 1190 1910 1264 genueram,
1941 1166 2061 1264 qui
2100 1165 2354 1238 educa-

261 1306 494 1352 veram
525 1336 545 1370 ,
596 1307 722 1382 per
780 1280 1035 1354 viscera
1096 1280 1480 1354 liberorum
1536 1281 1803 1352 sermm
1863 1281 2099 1379 exegi:
2150 1281 2353 1352 credo

264 1394 456 1467 enim
501 1394 661 1486 tibi,
703 1416 771 1469 et
813 1395 1182 1469 orbitatem
1228 1416 1467 1469 tamen
1514 1393 1644 1467 tibi
1696 1395 2012 1496 imputo,
2052 1394 2179 1467 tibi
2229 1420 2354 1466 aes-

262 1509 430 1582 timo
480 1509 676 1583 illam
728 1536 811 1583 ex
862 1509 975 1584 die
1031 1511 1171 1583 mei
1232 1508 1486 1582 doloris
1517 1523 1565 1580 ¹.
1632 1508 1974 1600 Quaedam
2041 1510 2355 1608 ignorare

260 1624 490 1698 simile
522 1653 664 1699 non
698 1627 878 1728 passi
908 1641 1082 1699 est²t
1112 1648 1280 1699 tunc
1312 1625 1563 1699 liberos
1589 1625 1900 1727 perdidi,
1945 1653 2165 1724 quum
2193 1652 2358 1726 per-

266 1738 521 1814 didisse
569 1767 683 1813 me
736 1742 941 1814 sensi.
994 1744 1195 1832 Esto,
1247 1767 1524 1840 gravem
1574 1743 1724 1814 sine
1774 1741 1987 1815 dubio
2027 1741 2358 1814 manibus

264 1856 437 1929 meis
477 1856 816 1959 injuriam
858 1858 1141 1929 fortuna
1174 1858 1456 1929 fecerat:
1500 1879 1823 1958 posuerat
1868 1878 2103 1930 tamen
2143 1856 2355 1958 hujus

265 1973 359 2044 rei
400 1973 479 2045 in
526 1975 678 2072 ipso
718 1971 960 2044 animo
999 1970 1392 2044 remedium
1428 1973 1547 2045 illo
1576 1995 1922 2074 tempore,
1964 2000 2104 2072 quo
2131 1974 2358 2044 furere

267 2108 329 2158 et
366 2087 489 2188 agi
524 2086 881 2159 dementia
916 2084 1231 2178 videbar:
1272 2088 1703 2186 frequentius
1735 2089 1810 2160 in
1844 2115 1924 2161 ea
1952 2085 2361 2187 cogitatione

268 2228 459 2274 eram
476 2257 503 2291 ‚
534 2220 615 2271 nt
632 2199 978 2272 crederem
1003 2226 1148 2273 esse
1172 2227 1335 2273 cum
1363 2201 1600 2273 liberis
1625 2202 1971 2275 omnibus.
2001 2201 2361 2275 Abstulisti

266 2316 439 2390 mihi
501 2315 958 2416 ignorantiam
1005 2316 1377 2389 malorum.
1426 2316 1717 2408 Quanto
1762 2317 2216 2390 miserabilior
2256 2317 2363 2388 fui

271 2458 344 2503 ex
369 2431 495 2505 die
530 2452 664 2503 tuae
696 2430 1048 2503 sanitatis?
1087 2431 1431 2503 furiosum
1474 2457 1590 2504 me
1628 2458 1772 2504 non
1800 2431 1898 2503 sic
1930 2429 2182 2502 cecidi:
2213 2449 2360 2500 tum

274 2545 577 2622 lacerare
597 2566 846 2638 vesteS,
866 2566 1019 2618 tum
1039 2545 1397 2622 verberare
1416 2546 1649 2620 vultus
1670 2571 1863 2618 meos
1883 2545 2080 2645 coepi.
2101 2541 2369 2616 Omnia

275 2662 477 2762 igitur
523 2662 670 2736 haec
716 2689 863 2735 non
907 2663 982 2735 in
1023 2662 1237 2735 aliam
1271 2663 1413 2735 vim
1447 2662 1669 2762 accipi
1712 2661 2005 2751 debent,
2048 2687 2262 2761 quam
2311 2660 2364 2731 si

281 2777 455 2852 filios
506 2805 699 2851 meos
744 2778 888 2878 ipse
931 2776 1287 2850 occidisses
1321 2836 1341 2867 ,
1394 2804 1612 2875 quam
1661 2778 1715 2849 si
1759 2777 1904 2877 ipse
1944 2774 2365 2849 abstulisses,

280 2895 482 2967 Unde
512 2915 792 2966 tantum
835 2891 1005 2964 boni
1020 2890 1081 2983 3,
1112 2914 1193 2966 ut
1224 2891 1512 2966 reddere
1553 2891 1770 2993 possis
1804 2891 1997 2963 illam
2029 2888 2367 2964 valetudi-

282 3035 443 3083 nem
473 3067 499 3103 ,
548 3010 750 3082 illum
798 3007 1160 3082 furorem?
1191 3008 1415 3099 Quod.
1455 3035 1681 3082 unum
1724 3034 2011 3107 possum
2054 3023 2367 3104 praestare

368 3278 411 3313 1.
437 3261 591 3314 Illam
614 3284 677 3317 ex
699 3262 915 3316 die-mei
935 3260 1140 3314 doloris.
1160 3261 1279 3312 Vet.
1363 3257 1620 3313 Obrecht.
1653 3256 1776 3309 Non
1807 3256 1944 3327 passi
1973 3263 2076 3316 est,
2114 3249 2369 3305 editiones

288 3360 493 3394 amere
505 3345 749 3398 unitatis.
768 3346 919 3397 Prru.
937 3345 1087 3395 Hanc
1101 3353 1285 3394 notam
1365 3339 1500 3391 aliae:
1518 3352 1573 3390 et
1585 3348 1745 3389 recte.
1763 3337 1895 3403 Qui'
1881 3345 2092 3406 ignorat
2104 3330 2369 3396 dolorem,

285 3422 555 3493 pertinere
584 3436 712 3492 puto
744 3422 811 3475 ad
841 3441 952 3494 seq.
984 3440 1048 3473 ex
1075 3420 1158 3472 die
1186 3429 1288 3471 tuoe
1366 3417 1546 3472 similis
1565 3430 1648 3470 est
1664 3415 1765 3482 illi,
1788 3415 1878 3485 qui
1901 3432 2009 3467 non
2034 3415 2252 3486 patitur.
2269 3412 2375 3464 Ad-

282 3504 548 3569 saem'taetis,
568 3501 657 3555 hic
672 3521 795 3554 vero
806 3505 946 3557 forte
956 3541 975 3570 ‚
989 3502 1081 3555 tibi
1091 3501 1288 3555 oestt’mo
1368 3498 1653 3568 scripserat
1670 3494 1895 3564 margini
1914 3492 2271 3564 Schultingius
2285 3492 2372 3544 Se-

287 3601 370 3635 me
391 3580 546 3634 illam
568 3582 745 3634 debere
764 3600 825 3633 ex
845 3581 929 3633 die
945 3581 1050 3634 mei
1065 3579 1290 3644 doloris,
1368 3596 1501 3632 nec..
1523 3579 1678 3629 Herc.
1714 3577 1837 3627 Fur.
1881 3591 2041 3646 1097:
2088 3574 2287 3626 “Solus
2315 3586 2371 3624 te

289 3661 355 3713 ab
384 3681 451 3714 eo
476 3675 719 3734 tempore
732 3698 751 3725 ‚
774 3678 881 3732 quo
904 3679 934 3712 a
954 3673 1006 3712 te
1027 3673 1239 3712 sanatus
1258 3677 1291 3710 a
1375 3662 1523 3729 ajam
1541 3667 1791 3728 praestare
1811 3666 1987 3725 potest
2008 3654 2211 3705 Furor*
2196 3668 2377 3704 inson-

290 3741 469 3794 fnrore
483 3778 501 3806 ,
527 3741 671 3812 coepi
694 3740 829 3792 scire
853 3752 905 3791 et
928 3739 1122 3791 sentire
1145 3735 1294 3789 orbi·
1378 3730 2004 3804 tem.·Marg.AE1-odii
2026 3730 2095 3783 al.
2125 3728 2375 3799 Quoedam

294 3832 454 3871 tatem
471 3857 490 3884 ‚
528 3822 729 3872 aestimo
771 3837 858 3871 me
904 3816 1053 3870 illam
1096 3815 1291 3868 debere
1372 3816 1646 3905 ignor-are,
1680 3811 1825 3863 haud
1847 3812 2036 3882 feceue
2070 3808 2238 3861 simile
2269 3822 2382 3857 11οη

293 3896 423 3949 tibi:
452 3897 527 3949 vel
563 3898 651 3950 tibi
680 3899 920 3968 imputo,
951 3894 1075 3967 quia
1098 3895 1292 3946 oestt’mo
1368 3893 1508 3964 passi
1529 3891 1658 3943 estis.

293 3973 447 4027 illam
474 3994 535 4027 ex
561 3977 643 4027 die
667 3977 771 4027 mei
799 3974 1010 4028 doloris.
1045 3975 1127 4025 An
1160 3973 1294 4025 mi-
1444 3972 1497 4024 3.
1522 3970 1670 4022 Unde
1689 3976 1890 4020 tannem
1916 3960 2378 4027 boni.1nst.lib.l,

292 4073 438 4107 mare
458 4052 546 4106 hic
561 4067 738 4126 posset
761 4058 901 4108 sumi
924 4064 984 4104 ut
1006 4053 1061 4104 in
1078 4054 1294 4104 lucano
1373 4070 1420 4105 c.
1425 4051 1480 4116 6,
1493 4048 1539 4121 S.
1554 4048 1648 4116 54:
1660 4045 1845 4099 -Unde
1856 4045 1995 4097 enim
2009 4055 2213 4095 tantum
2229 4042 2379 4109 boni,

295 4132 521 4205 explicat
532 4133 829 4186 Gronovius
848 4131 1149 4186 Observatt.
1168 4133 1219 4197 1,
1240 4130 1294 4184 6.
1382 4142 1486 4183 -ut
1504 4127 1780 4201 pluribus,
1800 4143 1914 4197 qum
1940 4135 2081 4176 recta
2106 4135 2252 4189 sunt,
2272 4121 2381 4194 pla·

297 4217 464 4268 Bonn-
1383 4222 1624 4264 ana-ceant
1640 4207 1858 4261 Senum.
1878 4205 2023 4257 Unde
2037 4216 2241 4258 tantum
2260 4201 2386 4255 bont*

367 4313 415 4348 2.
434 4298 559 4351 Non
573 4297 714 4369 passi
732 4297 861 4350 estis.
883 4297 1006 4351 Non
1022 4293 1185 4367 passis
1199 4301 1299 4358 eet,
1379 4292 1584 4344 reddere
1607 4286 1792 4362 possis,
1812 4283 1997 4340 AErod.
