3200 5117
762 529 1596 602 DECLAMA'rloNES.
1643 531 1949 596 ceux.
2318 533 2398 621 67

316 661 502 736 nihil
529 679 803 734 tantum
835 655 1073 757 puella
1099 654 1462 754 cogitavit:
1509 653 1848 751 quidquid
1891 675 1990 728 est
2019 655 2234 749 istud,
2275 684 2403 758 ego

314 777 459 851 feci
489 805 506 848 ε
540 776 1029 875 qualecunque
1072 767 1257 842 istud
1294 775 1393 840 est
1417 823 1436 858 ,
1471 793 1715 839 meum
1743 769 2108 843 consilium
2142 793 2284 844 est:
2327 794 2408 845 tu

316 892 633 991 ignosce,
668 888 790 987 qui
839 886 1038 959 soles.
1091 883 1436 955 Recedere
1474 881 1687 982 jubes
1718 908 1759 952 a
1795 883 2040 958 marito
2069 877 2230 959 tali?
2270 914 2410 987 qua

316 1008 609 1081 tandem
640 1002 890 1078 causa?
920 1026 1186 1101 pauper
1209 1019 1349 1072 est:
1380 1025 1525 1071 non
1549 997 1816 1070 solebat
1846 998 1976 1071 hoc
2004 1000 2105 1073 illi
2132 1004 2321 1102 apud
2345 1026 2409 1079 te

320 1148 594 1196 nocere.
630 1119 1095 1217 Relinquam:
1128 1141 1257 1187 nec
1287 1115 1441 1187 dico
1476 1140 1859 1212 pauperem
1888 1141 1902 1185 :
1945 1141 2114 1188 nam
2149 1118 2225 1190 in
2261 1147 2416 1192 ma-

322 1234 661 1308 trimonio
697 1232 985 1333 quidem
1020 1228 1213 1318 filiae,
1253 1228 1443 1327 quod
1464 1242 1482 1272 ¹
1521 1227 1791 1302 solebat
1822 1253 2101 1319 nocere,
2141 1252 2210 1304 te
2247 1259 2416 1306 auc-

323 1372 476 1425 tore
505 1349 785 1450 nupsit,
814 1369 879 1420 te
908 1346 1232 1419 hortante
1269 1344 1533 1444 nupsit.
1573 1343 1814 1415 Redde
1850 1344 2189 1418 rationem
2231 1348 2419 1423 illius

325 1463 712 1540 sententiae.
758 1461 1097 1552 Quamvis
1138 1477 1463 1557 putarem
1513 1474 1712 1555 turpe
1735 1514 1755 1548 ,
1791 1478 2028 1531 tamen
2064 1460 2376 1560 cogitasti
2399 1520 2419 1553 ,

326 1577 505 1680 quid
534 1574 946 1675 praestitisset
973 1570 1133 1643 filiae
1161 1590 1318 1643 tuae.

1196 1772 1559 1839 SERMO.

424 1937 503 2004 In
528 1960 787 2005 summa
813 1954 1001 2027 parte
1033 1928 1528 2001 declamationis
1554 1950 1912 2026 utrumque
1939 1936 2420 2027 producemus,

330 2062 401 2111 et
430 2070 557 2136 pro
586 2063 873 2136 utroque
899 2047 1148 2135 pariter
1169 2043 1547 2133 rogabimus
1564 2094 1582 2125 ,
1614 2060 1681 2111 et
1703 2045 2040 2135 aliquanto
2065 2049 2273 2138 magis
2299 2072 2422 2137 pro

329 2154 575 2218 marito
606 2152 867 2217 misero.
899 2154 1107 2218 Decet
1139 2152 1314 2218 enim
1342 2150 1531 2215 illum
1559 2173 1815 2217 amare:
1851 2150 2025 2219 dicat
2050 2176 2121 2220 se
2146 2155 2422 2222 moritu·

332 2281 523 2323 rum:
552 2273 767 2324 totum
796 2274 894 2323 est
925 2258 1103 2323 enim
1130 2259 1200 2322 in
1238 2254 1498 2321 eodem.

1033 2450 1738 2520 DECLAMATIO.

437 2612 865 2685 Petiturum²
885 2640 956 2686 se
975 2614 1310 2686 affirmat:
1339 2639 1479 2709 quo
1503 2632 1582 2684 tu
1607 2612 1813 2683 illum
1837 2611 2143 2683 exemisti
2159 2668 2179 2701 ,
2204 2611 2429 2711 quum

342 2727 437 2801 ad
472 2727 914 2827 magistratus
960 2728 1248 2801 eductus
1280 2746 1421 2814 est,
1462 2725 1574 2796 hic
1608 2725 1932 2798 animum
1975 2747 2181 2799 tuum
2229 2726 2434 2826 exigit

344 2841 682 2943 priorem,
717 2841 835 2914 hic
869 2842 1065 2914 illam
1095 2839 1665 2915 misericordiam.

421 3043 463 3080 1
512 3027 697 3093 mie,
742 3027 887 3100 quod
925 3026 1130 3080 solebat.
1173 3026 1345 3093 Filia,
1428 3023 1722 3077 attendenti
1741 3026 2043 3097 perspicere
2063 3023 2218 3077 facile
2234 3037 2339 3087 θείς
2358 3027 2432 3078 ita

340 3108 488 3180 quod
501 3105 695 3158 solebat
712 3124 915 3171 vovere,
936 3117 984 3157 te
997 3117 1203 3158 auctore
1222 3123 1349 3177 nup-
1429 3119 1489 3158 ut
1525 3105 1663 3159 haue
1687 3106 2136 3158 Declamationem
2170 3103 2234 3157 ad
2267 3124 2432 3175 genus

343 3188 424 3251 si,
456 3198 492 3238 t.
530 3186 580 3237 h.
617 3187 785 3259 nupsi.
818 3187 1037 3239 Senon.
1060 3217 1132 3226 -—
1153 3189 1213 3238 ln
1244 3186 1347 3238 hac
1425 3186 1638 3238 illarum
1662 3205 1790 3256 quas
1815 3199 1966 3238 vocat
1990 3186 2216 3250 Seneca,
2242 3201 2294 3237 et
2321 3189 2442 3260 ipse

344 3265 1349 3339 Declamationeargumentahincminc
1430 3269 1685 3337 scripsit,
1726 3268 2244 3332 controversiarum,
2274 3271 2436 3340 perti-

346 3361 545 3414 magna
581 3343 804 3415 quadam
836 3346 1109 3416 diligentia
1148 3348 1200 3396 in
1240 3365 1351 3398 me-
1430 3366 1557 3401 ποτε
1576 3348 1891 3418 jndice-must
1919 3350 2010 3401 En

234 3452 245 3459 -
345 3424 502 3478 dium
525 3421 909 3494 producuntur,
933 3441 987 3479 et
1008 3428 1239 3499 partium
1262 3426 1353 3478 ad·
1503 3448 1551 3483 2.
1586 3430 1904 3484 Peritumm.
1939 3433 2057 3483 [lec
2090 3447 2209 3484 cum
2241 3451 2433 3503 pmice·

342 3523 623 3563 vet-sarum
655 3506 793 3559 vices
823 3507 1004 3568 sedulo
1036 3508 1348 3579 implentur,
1431 3512 1576 3565 denti
1604 3531 1846 3564 sermone
1875 3512 2149 3564 continuat
2171 3512 2432 3566 AErodins.

344 3605 493 3643 nunc
522 3585 595 3644 ad
622 3584 799 3654 illam,
830 3608 969 3642 nunc
996 3593 1251 3663 permissa
1284 3589 1353 3643 ad
1427 3620 1503 3634 —-
1532 3594 1701 3663 Quod.
1742 3595 1912 3646 But-m.
1948 3607 1999 3646 et
2033 3596 2157 3646 Var.
2191 3597 2281 3646 ita.
2321 3596 2435 3648 Nos

346 3671 486 3724 hanc
505 3670 778 3737 oratione,
797 3669 939 3724 velut
960 3674 1175 3726 minime
1192 3674 1352 3726 otiam
1431 3691 1556 3726 cum
1578 3671 1704 3726 edit.
1729 3672 1845 3745 Rip.
1871 3691 1992 3746 quo.
2018 3674 2112 3726 En.
