3200 5117
765 543 1605 616 DECLAMATmNEs.
1649 543 1955 609 ocmv.
2323 544 2406 625 4³

306 697 669 743 remanere
693 674 1024 763 potuisse:
1058 692 1142 735 an
1170 668 1587 757 rogationem
1623 664 1790 731 ferre
1824 680 2127 757 oporteat
2159 661 2246 731 ad
2274 665 2405 731 sin-

310 782 512 871 gulos
540 782 1016 870 pertinentem,
1033 798 1116 840 an
1138 790 1368 839 contra
1385 770 1633 859 legem:
1655 792 1738 833 an
1752 769 1889 836 haec
1901 771 2154 861 rogatio
2175 787 2406 840 contra

307 889 537 978 legem
561 888 678 968 sit,
711 911 796 951 an
827 883 1145 950 meruerit
1173 882 1285 944 ille
1317 899 1685 946 remanere.

1019 1069 1713 1158 DECLAMATlo.

417 1229 491 1302 Si
517 1247 637 1301 aut
656 1226 890 1299 minus
904 1223 1337 1297 verecundus
1356 1240 1530 1293 esset
1548 1220 1630 1311 is,
1647 1246 1863 1318 quem
1881 1224 2234 1322 rogatione
2250 1253 2410 1299 mea

320 1345 617 1418 retinere
650 1344 724 1414 in
754 1342 1017 1413 civitate
1043 1338 1406 1429 constitui,
1435 1356 1561 1409 aut
1578 1335 1850 1437 judicia
1879 1338 2144 1412 felicius
2177 1367 2414 1439 exper-

327 1480 469 1550 tus3
502 1459 684 1532 nihil
715 1457 1086 1548 concione,
1122 1454 1305 1527 nihil
1335 1452 1773 1596 conscripto
1756 1480 1947 1545 meo,
1985 1455 2165 1527 nihil
2212 1455 2415 1528 deni-

319 1603 460 1676 que
507 1602 715 1676 opera
755 1572 1133 1674 rogationis
1174 1597 1350 1672 opus
1396 1589 1620 1643 esset:
1671 1570 1898 1671 prima
1932 1573 2146 1672 igitur
2183 1600 2411 1647 carere

314 1693 457 1765 hac
498 1692 753 1764 invidia
790 1692 897 1764 vel
939 1711 1216 1790 propter
1255 1688 1386 1760 hoc
1427 1713 1747 1788 possum,
1791 1689 2152 1780 Quirites:
2195 1716 2409 1763 nemo

314 1808 516 1882 enim
553 1808 921 1885 crediderit
958 1831 1072 1877 me
1105 1825 1423 1905 rogatum
1459 1804 1546 1875 ab
1579 1831 1660 1876 eo
1698 1804 1785 1880 ad
1822 1832 1940 1878 vos
1973 1806 2404 1905 processisse,

311 1923 442 2023 qui
473 1921 656 2022 ipse,
684 1942 763 1993 ut
790 1940 1151 1993 remaneat
1170 1975 1189 2010 ,
1225 1946 1368 1990 non
1395 1918 1686 1991 laborat:
1711 1947 1954 1996 verum
1981 1921 2096 1994 ille
2117 1920 2403 2021 quidem

308 2038 609 2126 multas,
645 2059 855 2135 atque
882 2035 1147 2108 utinam
1184 2034 1423 2106 minus
1458 2056 1802 2134 potentes,
1836 2038 2047 2139 hujus
2076 2036 2404 2139 propositi

304 2152 420 2225 sui
457 2176 700 2224 causas
735 2149 1020 2222 habeat:
1050 2175 1175 2248 ego
1202 2169 1441 2248 praeter
1470 2170 1705 2223 caetera
1723 2207 1741 2239 ,
1769 2173 2050 2251 propter
2078 2149 2209 2224 hoc
2237 2179 2406 2251 quo·

304 2296 455 2368 que
486 2294 655 2339 eum
682 2267 995 2339 existimo
1028 2292 1171 2338 esse
1204 2266 1685 2359 retinendum,
1729 2265 1919 2366 quod
1951 2267 2404 2340 manifestum

304 2383 519 2473 fecit,
560 2381 651 2454 ad
678 2380 1022 2454 indicium
1051 2380 1389 2480 tyranidis
1416 2383 1746 2454 affectatae
1774 2383 2075 2472 venisse,
2112 2409 2255 2454 non
2295 2409 2408 2455 re-

307 2483 657 2573 rnanendi
709 2498 1111 2598 cupiditate.
1187 2498 1401 2594 Quod
1462 2499 1595 2571 nisi
1650 2499 2197 2572 vetustissimum
2246 2500 2365 2599 jus
2388 2554 2409 2587 ‚

310 2615 664 2705 Quirites,
709 2640 864 2705 eos,
900 2612 1022 2712 qui
1061 2633 1318 2687 secreta
1345 2612 1433 2685 ad
1459 2614 1970 2714 rempublicam
1994 2611 2414 2713 pertinentia

312 2729 772 2823 indicassent,
811 2755 1170 2803 remanere
1200 2730 1273 2802 in
1304 2725 1571 2802 civitate
1593 2731 1946 2832 jussisset3
1987 2728 2273 2801 forsitan
2310 2726 2411 2797 di-

310 2845 623 2916 cendum
658 2841 837 2915 mihi
883 2842 1267 2915 necessario
1306 2842 1809 2934 existimarem,
1857 2871 1996 2943 qua
2036 2841 2250 2941 gratia
2292 2838 2407 2912 hic

309 2988 623 3062 pressus,
664 2961 919 3059 quibus
946 2960 1333 3034 inimicitiis
1362 2960 1437 3032 in
1472 2959 1789 3034 exsilium
1827 2982 2000 3035 esset
2029 2980 2241 3034 actus.
2271 2956 2408 3032 Sed

310 3077 488 3173 qnid
524 3103 797 3150 necesse
832 3098 933 3149 est
954 3097 1262 3176 repetere
1294 3077 1474 3168 haec,
1513 3105 1666 3177 quae
1693 3076 1988 3150 videtis?
2016 3095 2082 3148 et
2104 3074 2290 3175 quod
2320 3072 2406 3144 ad

316 3190 642 3263 animum
674 3187 963 3291 quidem
989 3191 1177 3264 illius
1207 3192 1543 3290 pertinet,
1577 3192 1734 3264 satis
1756 3192 1949 3264 vobis
1979 3209 2115 3279 est,
2146 3210 2223 3261 ut
2248 3187 2422 3260 exis-·

321 3303 524 3389 timo,
539 3307 882 3403 probatus3
895 3308 1086 3408 quod
1107 3319 1542 3406 quamquam
1559 3306 1960 3397 damnatuS,
1977 3329 2402 3405 quamquam

320 3416 402 3488 in
445 3415 759 3490 exsilium
780 3442 1000 3511 actuS,
1027 3421 1426 3521 reipublicae
1455 3443 1688 3494 tamen
1737 3448 1880 3494 non
1921 3420 2145 3520 potuit
2180 3418 2401 3492 irasci.

316 3531 675 3605 Indicium
715 3536 1050 3633 professus
1084 3559 1219 3609 est:
1254 3537 1640 3610 viderimus
1670 3564 1759 3608 an
1799 3531 2080 3607 verumz
2122 3529 2404 3636 interim

313 3667 552 3720 tamen
596 3649 775 3721 nihil
824 3677 982 3722 eum
1020 3653 1293 3728 finxisse
1338 3653 1790 3725 manifestum
1834 3673 1970 3744 est,
2018 3648 2206 3750 quod
2243 3676 2405 3748 per-

319 3763 591 3835 suaderi
625 3785 767 3838 tam
801 3766 1042 3839 multis
1085 3767 1325 3867 utique
1361 3766 1683 3867 potuerit.
1719 3769 2018 3838 Causam
2058 3789 2198 3861 qua
2241 3787 2409 3833 con-

322 3872 585 3948 ditione
654 3878 899 3952 dixerit
954 3880 1328 3954 damnatus
1357 3937 1376 3970 ‚
1435 3880 1667 3970 exsul,
1726 3895 1964 3951 contra
2007 3896 2359 3977 potentem
2384 3932 2404 3965 ‚

319 4010 558 4061 contra
584 3994 963 4090 gratiosum
982 4052 1005 4086 ‚
1034 3996 1206 4092 quid
1232 4021 1505 4069 necesse
1536 4016 1640 4068 est
1672 3994 1795 4098 diu
1831 3992 2093 4081 dicere,
2123 3990 2405 4093 quando

316 4105 369 4177 is
394 4106 614 4180 exitus
631 4108 885 4208 judicii
912 4113 1086 4202 fuit,
1117 4132 1195 4184 ut
1218 4139 1363 4184 non
1392 4110 1626 4215 plures
1655 4109 2007 4185 sententiae
2033 4117 2159 4209 pro
2184 4108 2409 4182 adver·

316 4224 488 4298 sario
520 4225 829 4302 fuerint?
862 4256 1007 4302 non
1043 4228 1234 4303 enim
1270 4255 1472 4308 causa
1502 4229 1722 4304 victus
1755 4248 1884 4318 est,
1922 4225 2043 4300 sed
2087 4225 2362 4328 legibus
2384 4282 2403 4316 ,
