<?xml version="1.0" encoding="UTF-8"?>
<!DOCTYPE html PUBLIC "-//W3C//DTD XHTML 1.0 Transitional//EN"
    "http://www.w3.org/TR/xhtml1/DTD/xhtml1-transitional.dtd">
<html xmlns="http://www.w3.org/1999/xhtml" xml:lang="en" lang="en">
 <head>
  <title>
</title>
<meta http-equiv="Content-Type" content="text/html;charset=utf-8" />
  <meta name='ocr-system' content='tesseract 3.04.00' />
  <meta name='ocr-capabilities' content='ocr_page ocr_carea ocr_par ocr_line ocrx_word'/>
</head>
<body>
  <div class='ocr_page' id='page_1' title='image "./deinstitutioneo00flacgoog_0025.png"; bbox 0 0 3200 5117; ppageno 0'>
   <div class='ocr_carea' id='block_1_1' title="bbox 694 559 2381 650">
    <p class='ocr_par' dir='ltr' id='par_1_1' title="bbox 694 559 2381 650">
     <span class='ocr_line' id='line_1_1' title="bbox 694 559 2381 650; baseline -0.001 -21"><span class='ocrx_word' id='word_1_1' title='bbox 694 559 1532 629; x_wconf 85' lang='lat' dir='ltr'><strong>DECLAMATIONES.</strong></span> <span class='ocrx_word' id='word_1_2' title='bbox 1581 560 1991 626; x_wconf 86' lang='lat' dir='ltr'>CCXLVII.</span> <span class='ocrx_word' id='word_1_3' title='bbox 2309 588 2381 650; x_wconf 85' lang='lat'><strong>¹7</strong></span> 
     </span>
    </p>
   </div>
   <div class='ocr_carea' id='block_1_2' title="bbox 297 682 2398 2278">
    <p class='ocr_par' dir='ltr' id='par_1_2' title="bbox 297 682 2398 2278">
     <span class='ocr_line' id='line_1_2' title="bbox 315 682 2385 788; baseline 0 -29"><span class='ocrx_word' id='word_1_4' title='bbox 315 707 461 760; x_wconf 84' lang='lat' dir='ltr'><strong>ante</strong></span> <span class='ocrx_word' id='word_1_5' title='bbox 491 688 919 788; x_wconf 83' lang='lat' dir='ltr'><strong>perdiderat,</strong></span> <span class='ocrx_word' id='word_1_6' title='bbox 967 706 1045 758; x_wconf 92' lang='lat' dir='ltr'><strong>ut</strong></span> <span class='ocrx_word' id='word_1_7' title='bbox 1075 686 1161 757; x_wconf 94' lang='lat' dir='ltr'><strong>de</strong></span> <span class='ocrx_word' id='word_1_8' title='bbox 1187 684 1446 783; x_wconf 89' lang='lat' dir='ltr'><strong>nuptiis</strong></span> <span class='ocrx_word' id='word_1_9' title='bbox 1481 682 1905 783; x_wconf 83' lang='lat' dir='ltr'><strong>loqueretur,</strong></span> <span class='ocrx_word' id='word_1_10' title='bbox 1941 686 2072 758; x_wconf 86' lang='lat' dir='ltr'><strong>nisi</strong></span> <span class='ocrx_word' id='word_1_11' title='bbox 2109 686 2232 758; x_wconf 90' lang='lat' dir='ltr'><strong>ubi</strong></span> <span class='ocrx_word' id='word_1_12' title='bbox 2267 714 2385 759; x_wconf 90' lang='lat' dir='ltr'><strong>ne-</strong></span> 
     </span>
     <span class='ocr_line' id='line_1_3' title="bbox 314 800 2387 905; baseline -0.001 -29"><span class='ocrx_word' id='word_1_13' title='bbox 314 831 481 877; x_wconf 87' lang='lat' dir='ltr'><strong>cesse</strong></span> <span class='ocrx_word' id='word_1_14' title='bbox 523 804 718 877; x_wconf 84' lang='lat' dir='ltr'><strong>erat?</strong></span> <span class='ocrx_word' id='word_1_15' title='bbox 746 808 849 875; x_wconf 86' lang='lat' dir='ltr'><strong>Ea</strong></span> <span class='ocrx_word' id='word_1_16' title='bbox 882 823 1032 902; x_wconf 88' lang='lat' dir='ltr'><strong>post</strong></span> <span class='ocrx_word' id='word_1_17' title='bbox 1063 801 1314 874; x_wconf 87' lang='lat' dir='ltr'><strong>vulnus</strong></span> <span class='ocrx_word' id='word_1_18' title='bbox 1344 800 1621 900; x_wconf 86' lang='lat' dir='ltr'><strong>optavit.</strong></span> <span class='ocrx_word' id='word_1_19' title='bbox 1666 802 1838 874; x_wconf 91' lang='lat' dir='ltr'><strong>Ecce</strong></span> <span class='ocrx_word' id='word_1_20' title='bbox 1870 801 2207 905; x_wconf 87' lang='lat' dir='ltr'><strong>majorem</strong></span> <span class='ocrx_word' id='word_1_21' title='bbox 2252 802 2387 874; x_wconf 90' lang='lat' dir='ltr'><strong>mi-</strong></span> 
     </span>
     <span class='ocr_line' id='line_1_4' title="bbox 312 911 2380 1014; baseline -0 -26"><span class='ocrx_word' id='word_1_22' title='bbox 312 918 746 990; x_wconf 86' lang='lat' dir='ltr'><strong>sericordiam</strong></span> <span class='ocrx_word' id='word_1_23' title='bbox 784 945 800 987; x_wconf 90' lang='grc'>;</span> <span class='ocrx_word' id='word_1_24' title='bbox 845 915 1143 1014; x_wconf 85' lang='lat' dir='ltr'><strong>suscepit</strong></span> <span class='ocrx_word' id='word_1_25' title='bbox 1175 914 1466 1013; x_wconf 87' lang='lat' dir='ltr'><strong>raptoris</strong></span> <span class='ocrx_word' id='word_1_26' title='bbox 1494 911 1603 985; x_wconf 91' lang='lat' dir='ltr'><strong>sui</strong></span> <span class='ocrx_word' id='word_1_27' title='bbox 1643 913 1889 986; x_wconf 89' lang='lat' dir='ltr'><strong>misera</strong></span> <span class='ocrx_word' id='word_1_28' title='bbox 1924 918 2380 988; x_wconf 87' lang='lat' dir='ltr'><strong>curationem:</strong></span> 
     </span>
     <span class='ocr_line' id='line_1_5' title="bbox 310 1028 2382 1131; baseline -0 -28"><span class='ocrx_word' id='word_1_29' title='bbox 310 1033 617 1129; x_wconf 86' lang='lat' dir='ltr'><strong>queritur</strong></span> <span class='ocrx_word' id='word_1_30' title='bbox 635 1032 898 1131; x_wconf 79' lang='lat' dir='ltr'><strong>quippe</strong></span> <span class='ocrx_word' id='word_1_31' title='bbox 922 1031 1007 1103; x_wconf 91' lang='lat' dir='ltr'><strong>de</strong></span> <span class='ocrx_word' id='word_1_32' title='bbox 1035 1031 1345 1119; x_wconf 85' lang='lat' dir='ltr'><strong>fortuna,</strong></span> <span class='ocrx_word' id='word_1_33' title='bbox 1377 1028 1566 1128; x_wconf 90' lang='lat' dir='ltr'><strong>quod</strong></span> <span class='ocrx_word' id='word_1_34' title='bbox 1595 1028 2015 1101; x_wconf 85' lang='lat' dir='ltr'><strong>beneficium</strong></span> <span class='ocrx_word' id='word_1_35' title='bbox 2045 1031 2382 1130; x_wconf 86' lang='lat' dir='ltr'><strong>perdidit:</strong></span> 
     </span>
     <span class='ocr_line' id='line_1_6' title="bbox 311 1144 2386 1245; baseline 0 -28"><span class='ocrx_word' id='word_1_36' title='bbox 311 1173 530 1245; x_wconf 87' lang='lat' dir='ltr'><strong>neque</strong></span> <span class='ocrx_word' id='word_1_37' title='bbox 579 1147 776 1219; x_wconf 86' lang='lat' dir='ltr'><strong>enim</strong></span> <span class='ocrx_word' id='word_1_38' title='bbox 825 1146 1147 1219; x_wconf 88' lang='lat' dir='ltr'><strong>divellere</strong></span> <span class='ocrx_word' id='word_1_39' title='bbox 1192 1167 1467 1244; x_wconf 87' lang='lat' dir='ltr'><strong>poterat</strong></span> <span class='ocrx_word' id='word_1_40' title='bbox 1511 1167 1661 1217; x_wconf 87' lang='lat' dir='ltr'><strong>tam</strong></span> <span class='ocrx_word' id='word_1_41' title='bbox 1704 1144 1842 1216; x_wconf 86' lang='lat' dir='ltr'><strong>alte</strong></span> <span class='ocrx_word' id='word_1_42' title='bbox 1889 1168 2182 1218; x_wconf 84' lang='lat' dir='ltr'><strong>exactam</strong></span> <span class='ocrx_word' id='word_1_43' title='bbox 2226 1174 2386 1219; x_wconf 87' lang='lat' dir='ltr'><strong>ma-</strong></span> 
     </span>
     <span class='ocr_line' id='line_1_7' title="bbox 309 1262 2390 1359; baseline 0.001 -26"><span class='ocrx_word' id='word_1_44' title='bbox 309 1288 477 1334; x_wconf 89' lang='lat' dir='ltr'><strong>num</strong></span> <span class='ocrx_word' id='word_1_45' title='bbox 501 1279 519 1308; x_wconf 86' lang='lat'><strong>¹</strong></span> <span class='ocrx_word' id='word_1_46' title='bbox 549 1290 563 1335; x_wconf 91' lang='lat'>:</span> <span class='ocrx_word' id='word_1_47' title='bbox 602 1265 857 1336; x_wconf 85' lang='lat' dir='ltr'><strong>misera</strong></span> <span class='ocrx_word' id='word_1_48' title='bbox 888 1264 1321 1336; x_wconf 84' lang='lat' dir='ltr'><strong>existimabat</strong></span> <span class='ocrx_word' id='word_1_49' title='bbox 1347 1263 1477 1336; x_wconf 91' lang='lat' dir='ltr'><strong>hoc</strong></span> <span class='ocrx_word' id='word_1_50' title='bbox 1504 1288 1670 1334; x_wconf 84' lang='lat' dir='ltr'><strong>eum</strong></span> <span class='ocrx_word' id='word_1_51' title='bbox 1694 1262 1932 1335; x_wconf 86' lang='lat' dir='ltr'><strong>fecisse</strong></span> <span class='ocrx_word' id='word_1_52' title='bbox 1956 1290 2157 1334; x_wconf 89' lang='lat' dir='ltr'><strong>causa</strong></span> <span class='ocrx_word' id='word_1_53' title='bbox 2188 1265 2390 1359; x_wconf 87' lang='lat' dir='ltr'><strong>mise-</strong></span> 
     </span>
     <span class='ocr_line' id='line_1_8' title="bbox 308 1375 2392 1479; baseline 0 -29"><span class='ocrx_word' id='word_1_54' title='bbox 308 1379 623 1451; x_wconf 81' lang='lat' dir='ltr'><strong>rationis:</strong></span> <span class='ocrx_word' id='word_1_55' title='bbox 670 1380 978 1479; x_wconf 86' lang='lat' dir='ltr'><strong>pervenit</strong></span> <span class='ocrx_word' id='word_1_56' title='bbox 1018 1402 1254 1451; x_wconf 86' lang='lat' dir='ltr'><strong>tamen</strong></span> <span class='ocrx_word' id='word_1_57' title='bbox 1299 1378 1536 1476; x_wconf 86' lang='lat' dir='ltr'><strong>aliqua</strong></span> <span class='ocrx_word' id='word_1_58' title='bbox 1577 1377 1667 1448; x_wconf 87' lang='lat' dir='ltr'><strong>ad</strong></span> <span class='ocrx_word' id='word_1_59' title='bbox 1701 1375 1903 1449; x_wconf 89' lang='lat' dir='ltr'><strong>illum</strong></span> <span class='ocrx_word' id='word_1_60' title='bbox 1943 1376 2174 1449; x_wconf 86' lang='lat' dir='ltr'><strong>laetitia</strong></span> <span class='ocrx_word' id='word_1_61' title='bbox 2221 1378 2392 1450; x_wconf 82' lang='lat' dir='ltr'><strong>datae</strong></span> 
     </span>
     <span class='ocr_line' id='line_1_9' title="bbox 306 1490 2398 1590; baseline 0 -27"><span class='ocrx_word' id='word_1_62' title='bbox 306 1492 538 1564; x_wconf 82' lang='lat' dir='ltr'><strong>salutis</strong></span> <span class='ocrx_word' id='word_1_63' title='bbox 575 1520 590 1563; x_wconf 72' lang='grc' dir='ltr'>ε</span> <span class='ocrx_word' id='word_1_64' title='bbox 642 1492 907 1565; x_wconf 87' lang='lat' dir='ltr'><strong>etiamsi</strong></span> <span class='ocrx_word' id='word_1_65' title='bbox 950 1493 1211 1582; x_wconf 80' lang='lat' dir='ltr'><strong>breviS,</strong></span> <span class='ocrx_word' id='word_1_66' title='bbox 1255 1513 1493 1563; x_wconf 88' lang='lat' dir='ltr'><strong>tamen</strong></span> <span class='ocrx_word' id='word_1_67' title='bbox 1537 1510 1726 1588; x_wconf 80' lang='lat' dir='ltr'><strong>grata</strong></span> <span class='ocrx_word' id='word_1_68' title='bbox 1768 1512 1870 1563; x_wconf 90' lang='lat' dir='ltr'><strong>est</strong></span> <span class='ocrx_word' id='word_1_69' title='bbox 1912 1490 2247 1590; x_wconf 88' lang='lat' dir='ltr'><strong>voluptas.</strong></span> <span class='ocrx_word' id='word_1_70' title='bbox 2309 1493 2398 1564; x_wconf 88' lang='lat' dir='ltr'><strong>At</strong></span> 
     </span>
     <span class='ocr_line' id='line_1_10' title="bbox 306 1606 2392 1712; baseline 0.002 -35"><span class='ocrx_word' id='word_1_71' title='bbox 306 1635 461 1680; x_wconf 90' lang='lat' dir='ltr'><strong>voce</strong></span> <span class='ocrx_word' id='word_1_72' title='bbox 509 1611 666 1712; x_wconf 89' lang='lat' dir='ltr'><strong>ejus</strong></span> <span class='ocrx_word' id='word_1_73' title='bbox 706 1609 941 1682; x_wconf 86' lang='lat' dir='ltr'><strong>audita</strong></span> <span class='ocrx_word' id='word_1_74' title='bbox 983 1631 1164 1682; x_wconf 89' lang='lat' dir='ltr'><strong>certe</strong></span> <span class='ocrx_word' id='word_1_75' title='bbox 1207 1608 1444 1681; x_wconf 85' lang='lat' dir='ltr'><strong>oculos</strong></span> <span class='ocrx_word' id='word_1_76' title='bbox 1485 1606 1800 1679; x_wconf 85' lang='lat' dir='ltr'><strong>sustulit:</strong></span> <span class='ocrx_word' id='word_1_77' title='bbox 1846 1609 1902 1679; x_wconf 91' lang='lat' dir='ltr'><strong>si</strong></span> <span class='ocrx_word' id='word_1_78' title='bbox 1945 1608 2122 1680; x_wconf 86' lang='lat' dir='ltr'><strong>nihil</strong></span> <span class='ocrx_word' id='word_1_79' title='bbox 2165 1609 2392 1699; x_wconf 89' lang='lat' dir='ltr'><strong>aliud,</strong></span> 
     </span>
     <span class='ocr_line' id='line_1_11' title="bbox 306 1722 2393 1823; baseline 0.001 -29"><span class='ocrx_word' id='word_1_80' title='bbox 306 1722 433 1796; x_wconf 86' lang='lat' dir='ltr'><strong>hoc</strong></span> <span class='ocrx_word' id='word_1_81' title='bbox 463 1747 646 1797; x_wconf 85' lang='lat' dir='ltr'><strong>certe</strong></span> <span class='ocrx_word' id='word_1_82' title='bbox 682 1725 909 1797; x_wconf 85' lang='lat' dir='ltr'><strong>solatii</strong></span> <span class='ocrx_word' id='word_1_83' title='bbox 955 1725 1149 1814; x_wconf 80' lang='lat' dir='ltr'><strong>tulit,</strong></span> <span class='ocrx_word' id='word_1_84' title='bbox 1183 1751 1330 1797; x_wconf 86' lang='lat' dir='ltr'><strong>non</strong></span> <span class='ocrx_word' id='word_1_85' title='bbox 1363 1723 1539 1794; x_wconf 87' lang='lat' dir='ltr'><strong>mori</strong></span> <span class='ocrx_word' id='word_1_86' title='bbox 1571 1750 1641 1795; x_wconf 90' lang='lat' dir='ltr'><strong>se</strong></span> <span class='ocrx_word' id='word_1_87' title='bbox 1684 1745 2048 1823; x_wconf 83' lang='lat' dir='ltr'><strong>tamquam</strong></span> <span class='ocrx_word' id='word_1_88' title='bbox 2091 1724 2393 1796; x_wconf 86' lang='lat' dir='ltr'><strong>damna-</strong></span> 
     </span>
     <span class='ocr_line' id='line_1_12' title="bbox 304 1838 2395 1938; baseline 0.001 -30"><span class='ocrx_word' id='word_1_89' title='bbox 304 1859 480 1911; x_wconf 90' lang='lat' dir='ltr'><strong>tum:</strong></span> <span class='ocrx_word' id='word_1_90' title='bbox 518 1866 672 1910; x_wconf 86' lang='lat' dir='ltr'><strong>non</strong></span> <span class='ocrx_word' id='word_1_91' title='bbox 700 1840 941 1929; x_wconf 84' lang='lat' dir='ltr'><strong>illum,</strong></span> <span class='ocrx_word' id='word_1_92' title='bbox 964 1838 1281 1936; x_wconf 86' lang='lat' dir='ltr'><strong>quamvis</strong></span> <span class='ocrx_word' id='word_1_93' title='bbox 1308 1838 1794 1910; x_wconf 86' lang='lat' dir='ltr'><strong>semianimem</strong></span> <span class='ocrx_word' id='word_1_94' title='bbox 1822 1860 2027 1937; x_wconf 90' lang='lat' dir='ltr'><strong>atque</strong></span> <span class='ocrx_word' id='word_1_95' title='bbox 2055 1838 2395 1938; x_wconf 85' lang='lat' dir='ltr'><strong>palpitan-</strong></span> 
     </span>
     <span class='ocr_line' id='line_1_13' title="bbox 306 1951 2396 2054; baseline 0.001 -30"><span class='ocrx_word' id='word_1_96' title='bbox 306 1972 437 2025; x_wconf 88' lang='lat' dir='ltr'><strong>tem</strong></span> <span class='ocrx_word' id='word_1_97' title='bbox 472 1954 735 2026; x_wconf 79' lang='lat' dir='ltr'><strong>invasit</strong></span> <span class='ocrx_word' id='word_1_98' title='bbox 756 1954 1099 2042; x_wconf 83' lang='lat' dir='ltr'><strong>carnifex,</strong></span> <span class='ocrx_word' id='word_1_99' title='bbox 1128 1951 1560 2024; x_wconf 84' lang='lat' dir='ltr'><strong>vulneratum</strong></span> <span class='ocrx_word' id='word_1_100' title='bbox 1590 1971 2099 2051; x_wconf 85' lang='lat' dir='ltr'><strong>cruentumque</strong></span> <span class='ocrx_word' id='word_1_101' title='bbox 2124 1982 2249 2054; x_wconf 90' lang='lat' dir='ltr'><strong>per</strong></span> <span class='ocrx_word' id='word_1_102' title='bbox 2276 1981 2396 2027; x_wconf 86' lang='lat' dir='ltr'><strong>ora</strong></span> 
     </span>
     <span class='ocr_line' id='line_1_14' title="bbox 300 2055 2395 2167; baseline 0 -29"><span class='ocrx_word' id='word_1_103' title='bbox 300 2055 822 2167; x_wconf 60' lang='lat' dir='ltr'><strong>populi&#39;traxit3</strong></span> <span class='ocrx_word' id='word_1_104' title='bbox 858 2091 1000 2137; x_wconf 87' lang='lat' dir='ltr'><strong>non</strong></span> <span class='ocrx_word' id='word_1_105' title='bbox 1035 2064 1208 2137; x_wconf 91' lang='lat' dir='ltr'><strong>illud</strong></span> <span class='ocrx_word' id='word_1_106' title='bbox 1244 2086 1481 2164; x_wconf 82' lang='lat' dir='ltr'><strong>caput,</strong></span> <span class='ocrx_word' id='word_1_107' title='bbox 1515 2067 1623 2138; x_wconf 83' lang='lat' dir='ltr'><strong>vel</strong></span> <span class='ocrx_word' id='word_1_108' title='bbox 1656 2068 2007 2157; x_wconf 82' lang='lat' dir='ltr'><strong>exanime,</strong></span> <span class='ocrx_word' id='word_1_109' title='bbox 2044 2067 2196 2166; x_wconf 78' lang='lat' dir='ltr'><strong>lege</strong></span> <span class='ocrx_word' id='word_1_110' title='bbox 2231 2070 2395 2139; x_wconf 89' lang='lat' dir='ltr'><strong>reci·</strong></span> 
     </span>
     <span class='ocr_line' id='line_1_15' title="bbox 297 2178 2395 2278; baseline 0.002 -28"><span class='ocrx_word' id='word_1_111' title='bbox 297 2205 453 2251; x_wconf 88' lang='lat' dir='ltr'><strong>sum</strong></span> <span class='ocrx_word' id='word_1_112' title='bbox 498 2199 639 2251; x_wconf 80' lang='lat' dir='ltr'><strong>est:</strong></span> <span class='ocrx_word' id='word_1_113' title='bbox 681 2205 806 2278; x_wconf 87' lang='lat' dir='ltr'><strong>pro</strong></span> <span class='ocrx_word' id='word_1_114' title='bbox 838 2178 1195 2250; x_wconf 76' lang='lat' dir='ltr'><strong>immitis²l</strong></span> <span class='ocrx_word' id='word_1_115' title='bbox 1245 2180 1366 2277; x_wconf 88' lang='lat' dir='ltr'><strong>qui</strong></span> <span class='ocrx_word' id='word_1_116' title='bbox 1402 2180 1798 2270; x_wconf 81' lang='lat' dir='ltr'><strong>desumma</strong></span> <span class='ocrx_word' id='word_1_117' title='bbox 1839 2183 2206 2255; x_wconf 80' lang='lat' dir='ltr'><strong>clementia</strong></span> <span class='ocrx_word' id='word_1_118' title='bbox 2249 2204 2395 2254; x_wconf 88' lang='lat' dir='ltr'><strong>tam</strong></span> 
     </span>
    </p>
   </div>
   <div class='ocr_carea' id='block_1_3' title="bbox 297 2293 1150 2394">
    <p class='ocr_par' dir='ltr' id='par_1_3' title="bbox 297 2293 1150 2394">
     <span class='ocr_line' id='line_1_16' title="bbox 297 2293 1150 2394; baseline -0.001 -28"><span class='ocrx_word' id='word_1_119' title='bbox 297 2297 488 2367; x_wconf 85' lang='lat' dir='ltr'><strong>triste</strong></span> <span class='ocrx_word' id='word_1_120' title='bbox 523 2293 700 2366; x_wconf 84' lang='lat' dir='ltr'><strong>fecit</strong></span> <span class='ocrx_word' id='word_1_121' title='bbox 732 2294 1150 2394; x_wconf 86' lang='lat' dir='ltr'><strong>exemplum.</strong></span> 
     </span>
    </p>
   </div>
   <div class='ocr_carea' id='block_1_4' title="bbox 306 2479 2402 3031">
    <p class='ocr_par' dir='ltr' id='par_1_4' title="bbox 306 2479 2396 2551">
     <span class='ocr_line' id='line_1_17' title="bbox 306 2479 2396 2551; baseline 0 -20"><span class='ocrx_word' id='word_1_122' title='bbox 306 2482 422 2532; x_wconf 62' lang='lat' dir='ltr'><strong>-sb</strong></span> <span class='ocrx_word' id='word_1_123' title='bbox 459 2500 527 2533; x_wconf 77' lang='lat' dir='ltr'><strong>ea</strong></span> <span class='ocrx_word' id='word_1_124' title='bbox 571 2479 769 2550; x_wconf 85' lang='lat' dir='ltr'><strong>(modo</strong></span> <span class='ocrx_word' id='word_1_125' title='bbox 806 2482 952 2551; x_wconf 79' lang='lat' dir='ltr'><strong>virgo</strong></span> <span class='ocrx_word' id='word_1_126' title='bbox 990 2482 1162 2534; x_wconf 78' lang='lat' dir='ltr'><strong>fuerat</strong></span> <span class='ocrx_word' id='word_1_127' title='bbox 1176 2520 1194 2547; x_wconf 90' lang='lat'>,</span> <span class='ocrx_word' id='word_1_128' title='bbox 1229 2495 1307 2533; x_wconf 84' lang='lat' dir='ltr'><strong>at·</strong></span> <span class='ocrx_word' id='word_1_129' title='bbox 1392 2505 1414 2528; x_wconf 73' lang='grc' dir='ltr'><strong><em>κ</em></strong></span> <span class='ocrx_word' id='word_1_130' title='bbox 1440 2481 1545 2536; x_wconf 77' lang='lat' dir='ltr'><strong>alte</strong></span> <span class='ocrx_word' id='word_1_131' title='bbox 1566 2495 1806 2535; x_wconf 80' lang='lat' dir='ltr'><strong>exactam</strong></span> <span class='ocrx_word' id='word_1_132' title='bbox 1828 2501 2058 2534; x_wconf 82' lang='lat' dir='ltr'><strong>manum.</strong></span> <span class='ocrx_word' id='word_1_133' title='bbox 2074 2482 2307 2534; x_wconf 58' lang='lat' dir='ltr'>Gnonow</span> <span class='ocrx_word' id='word_1_134' title='bbox 2327 2514 2396 2524; x_wconf 85' lang='lat'><strong>—-</strong></span> 
     </span>
    </p>

    <p class='ocr_par' dir='ltr' id='par_1_5' title="bbox 306 2558 2294 2634">
     <span class='ocr_line' id='line_1_18' title="bbox 306 2558 2294 2634; baseline 0.002 -23"><span class='ocrx_word' id='word_1_135' title='bbox 306 2580 325 2603; x_wconf 64' lang='lat' dir='ltr'><em>a</em></span> <span class='ocrx_word' id='word_1_136' title='bbox 346 2576 445 2629; x_wconf 86' lang='lat' dir='ltr'><strong>que</strong></span> <span class='ocrx_word' id='word_1_137' title='bbox 478 2558 594 2610; x_wconf 88' lang='lat' dir='ltr'><strong>hoc</strong></span> <span class='ocrx_word' id='word_1_138' title='bbox 619 2577 814 2610; x_wconf 85' lang='lat' dir='ltr'><strong>nomen</strong></span> <span class='ocrx_word' id='word_1_139' title='bbox 837 2558 1018 2630; x_wconf 84' lang='lat' dir='ltr'><strong>paullo</strong></span> <span class='ocrx_word' id='word_1_140' title='bbox 1043 2573 1165 2611; x_wconf 78' lang='lat' dir='ltr'><strong>ante</strong></span> <span class='ocrx_word' id='word_1_141' title='bbox 1188 2578 1307 2632; x_wconf 86' lang='lat' dir='ltr'><strong>per·</strong></span> <span class='ocrx_word' id='word_1_142' title='bbox 1386 2562 1566 2634; x_wconf 82' lang='lat' dir='ltr'><strong>Neque</strong></span> <span class='ocrx_word' id='word_1_143' title='bbox 1587 2563 1724 2611; x_wconf 81' lang='lat' dir='ltr'><strong>enim</strong></span> <span class='ocrx_word' id='word_1_144' title='bbox 1748 2561 1839 2612; x_wconf 78' lang='lat' dir='ltr'><strong>diu</strong></span> <span class='ocrx_word' id='word_1_145' title='bbox 1867 2562 2051 2614; x_wconf 75' lang='lat' dir='ltr'><strong>videre.</strong></span> <span class='ocrx_word' id='word_1_146' title='bbox 2073 2562 2294 2614; x_wconf 64' lang='lat' dir='ltr'><strong>Senum-r.</strong></span> 
     </span>
    </p>

    <p class='ocr_par' dir='ltr' id='par_1_6' title="bbox 306 2631 2402 2711">
     <span class='ocr_line' id='line_1_19' title="bbox 306 2631 2402 2711; baseline 0 -19"><span class='ocrx_word' id='word_1_147' title='bbox 306 2661 327 2683; x_wconf 74' lang='grc' dir='ltr'>ι</span> <span class='ocrx_word' id='word_1_148' title='bbox 345 2638 602 2710; x_wconf 71' lang='lat' dir='ltr'><strong>diderat),</strong></span> <span class='ocrx_word' id='word_1_149' title='bbox 615 2652 677 2691; x_wconf 84' lang='lat' dir='ltr'><strong>ut</strong></span> <span class='ocrx_word' id='word_1_150' title='bbox 694 2637 766 2692; x_wconf 83' lang='lat' dir='ltr'><strong>de</strong></span> <span class='ocrx_word' id='word_1_151' title='bbox 786 2641 985 2709; x_wconf 76' lang='lat' dir='ltr'><strong>nuptiis</strong></span> <span class='ocrx_word' id='word_1_152' title='bbox 1003 2631 1310 2711; x_wconf 70' lang='lat' dir='ltr'><strong>loqueretur</strong></span> <span class='ocrx_word' id='word_1_153' title='bbox 1462 2656 1509 2689; x_wconf 67' lang='grc' dir='ltr'><strong>α.</strong></span> <span class='ocrx_word' id='word_1_154' title='bbox 1527 2639 1627 2690; x_wconf 81' lang='lat' dir='ltr'><strong>Pro</strong></span> <span class='ocrx_word' id='word_1_155' title='bbox 1640 2639 1880 2690; x_wconf 69' lang='lat' dir='ltr'><strong>immitis?</strong></span> <span class='ocrx_word' id='word_1_156' title='bbox 1889 2640 2052 2710; x_wconf 74' lang='lat' dir='ltr'><strong>Lege:</strong></span> <span class='ocrx_word' id='word_1_157' title='bbox 2076 2663 2098 2686; x_wconf 75' lang='grc' dir='ltr'><strong><em>κ</em></strong></span> <span class='ocrx_word' id='word_1_158' title='bbox 2115 2643 2215 2691; x_wconf 81' lang='lat' dir='ltr'><strong>Pro</strong></span> <span class='ocrx_word' id='word_1_159' title='bbox 2233 2640 2402 2693; x_wconf 86' lang='lat' dir='ltr'><strong>immi·</strong></span> 
     </span>
    </p>

    <p class='ocr_par' dir='ltr' id='par_1_7' title="bbox 307 2718 2394 2792">
     <span class='ocr_line' id='line_1_20' title="bbox 307 2718 2394 2792; baseline 0 -18"><span class='ocrx_word' id='word_1_160' title='bbox 307 2743 329 2765; x_wconf 67' lang='grc' dir='ltr'><strong>α</strong></span> <span class='ocrx_word' id='word_1_161' title='bbox 348 2724 443 2774; x_wconf 78' lang='lat' dir='ltr'><strong>uisi</strong></span> <span class='ocrx_word' id='word_1_162' title='bbox 472 2722 574 2773; x_wconf 85' lang='lat' dir='ltr'><strong>ubi</strong></span> <span class='ocrx_word' id='word_1_163' title='bbox 597 2739 817 2773; x_wconf 81' lang='lat' dir='ltr'><strong>necesse</strong></span> <span class='ocrx_word' id='word_1_164' title='bbox 846 2734 976 2773; x_wconf 78' lang='lat' dir='ltr'><strong>erat.</strong></span> <span class='ocrx_word' id='word_1_165' title='bbox 997 2722 1081 2772; x_wconf 85' lang='lat' dir='ltr'><strong>Au</strong></span> <span class='ocrx_word' id='word_1_166' title='bbox 1106 2739 1167 2774; x_wconf 84' lang='lat' dir='ltr'><strong>ea</strong></span> <span class='ocrx_word' id='word_1_167' title='bbox 1186 2734 1315 2792; x_wconf 84' lang='lat' dir='ltr'><strong>post-</strong></span> <span class='ocrx_word' id='word_1_168' title='bbox 1395 2743 1417 2766; x_wconf 74' lang='grc' dir='ltr'>κ</span> <span class='ocrx_word' id='word_1_169' title='bbox 1436 2733 1514 2771; x_wconf 79' lang='lat' dir='ltr'><strong>tes</strong></span> <span class='ocrx_word' id='word_1_170' title='bbox 1539 2738 1589 2790; x_wconf 87' lang='lat' dir='ltr'><strong>q.</strong></span> <span class='ocrx_word' id='word_1_171' title='bbox 1618 2718 1671 2773; x_wconf 82' lang='lat' dir='ltr'><strong>d.</strong></span> <span class='ocrx_word' id='word_1_172' title='bbox 1696 2739 1736 2771; x_wconf 84' lang='lat' dir='ltr'><strong>s.</strong></span> <span class='ocrx_word' id='word_1_173' title='bbox 1763 2738 1810 2771; x_wconf 85' lang='lat' dir='ltr'><strong>c.</strong></span> <span class='ocrx_word' id='word_1_174' title='bbox 1845 2733 1883 2771; x_wconf 86' lang='lat' dir='ltr'><strong>t.</strong></span> <span class='ocrx_word' id='word_1_175' title='bbox 1917 2733 1955 2772; x_wconf 88' lang='lat' dir='ltr'><strong>t.</strong></span> <span class='ocrx_word' id='word_1_176' title='bbox 1986 2720 2186 2774; x_wconf 79' lang='lat' dir='ltr'><strong>fecistis</strong></span> <span class='ocrx_word' id='word_1_177' title='bbox 2216 2740 2394 2774; x_wconf 86' lang='lat' dir='ltr'><strong>exem-</strong></span> 
     </span>
    </p>

    <p class='ocr_par' dir='ltr' id='par_1_8' title="bbox 309 2799 2397 2954">
     <span class='ocr_line' id='line_1_21' title="bbox 309 2799 2396 2873; baseline 0.002 -23"><span class='ocrx_word' id='word_1_178' title='bbox 309 2823 330 2844; x_wconf 82' lang='lat'><strong>·</strong></span> <span class='ocrx_word' id='word_1_179' title='bbox 348 2799 547 2851; x_wconf 76' lang='lat' dir='ltr'><strong>vulnus</strong></span> <span class='ocrx_word' id='word_1_180' title='bbox 573 2801 793 2870; x_wconf 79' lang='lat' dir='ltr'><strong>optavit.</strong></span> <span class='ocrx_word' id='word_1_181' title='bbox 818 2822 840 2846; x_wconf 71' lang='grc' dir='ltr'>υ</span> <span class='ocrx_word' id='word_1_182' title='bbox 1395 2823 1418 2844; x_wconf 70' lang='grc' dir='ltr'>ι</span> <span class='ocrx_word' id='word_1_183' title='bbox 1438 2800 1607 2871; x_wconf 87' lang='lat' dir='ltr'><strong>plum,</strong></span> <span class='ocrx_word' id='word_1_184' title='bbox 1623 2824 1645 2846; x_wconf 73' lang='grc' dir='ltr'>ι</span> <span class='ocrx_word' id='word_1_185' title='bbox 1667 2801 1912 2872; x_wconf 74' lang='lat' dir='ltr'><strong>intelligit</strong></span> <span class='ocrx_word' id='word_1_186' title='bbox 1930 2804 2261 2871; x_wconf 79' lang='lat' dir='ltr'><strong>propinquos</strong></span> <span class='ocrx_word' id='word_1_187' title='bbox 2279 2822 2396 2873; x_wconf 82' lang='lat' dir='ltr'><strong>rap·</strong></span> 
     </span>
     <span class='ocr_line' id='line_1_22' title="bbox 375 2875 2397 2954; baseline 0.004 -27"><span class='ocrx_word' id='word_1_188' title='bbox 375 2893 418 2929; x_wconf 85' lang='grc' dir='ltr'><strong>ι.</strong></span> <span class='ocrx_word' id='word_1_189' title='bbox 444 2879 635 2948; x_wconf 80' lang='lat' dir='ltr'><strong>Neque</strong></span> <span class='ocrx_word' id='word_1_190' title='bbox 656 2877 801 2928; x_wconf 82' lang='lat' dir='ltr'><strong>em&#39;m</strong></span> <span class='ocrx_word' id='word_1_191' title='bbox 820 2875 1078 2929; x_wconf 65' lang='lat' dir='ltr'><strong>divellere.</strong></span> <span class='ocrx_word' id='word_1_192' title='bbox 1100 2877 1305 2929; x_wconf 76' lang='lat' dir='ltr'><strong>Scribe:</strong></span> <span class='ocrx_word' id='word_1_193' title='bbox 1390 2883 1547 2947; x_wconf 77' lang='lat' dir='ltr'><strong>toris,</strong></span> <span class='ocrx_word' id='word_1_194' title='bbox 1580 2885 1672 2954; x_wconf 85' lang='lat' dir='ltr'><strong>qui</strong></span> <span class='ocrx_word' id='word_1_195' title='bbox 1711 2881 1851 2934; x_wconf 80' lang='lat' dir='ltr'><strong>male</strong></span> <span class='ocrx_word' id='word_1_196' title='bbox 1879 2883 2208 2954; x_wconf 77' lang='lat' dir='ltr'><strong>interpretati</strong></span> <span class='ocrx_word' id='word_1_197' title='bbox 2243 2896 2397 2935; x_wconf 78' lang='lat' dir='ltr'><strong>erant</strong></span> 
     </span>
    </p>

    <p class='ocr_par' dir='ltr' id='par_1_9' title="bbox 309 2956 2387 3031">
     <span class='ocr_line' id='line_1_23' title="bbox 309 2956 2387 3031; baseline 0 -22"><span class='ocrx_word' id='word_1_198' title='bbox 309 2979 330 3002; x_wconf 70' lang='lat' dir='ltr'>n</span> <span class='ocrx_word' id='word_1_199' title='bbox 347 2958 539 3030; x_wconf 79' lang='lat' dir='ltr'><strong>Neque</strong></span> <span class='ocrx_word' id='word_1_200' title='bbox 562 2960 703 3010; x_wconf 85' lang='lat' dir='ltr'><strong>enim</strong></span> <span class='ocrx_word' id='word_1_201' title='bbox 721 2956 959 3010; x_wconf 79' lang='lat' dir='ltr'><strong>divinare</strong></span> <span class='ocrx_word' id='word_1_202' title='bbox 983 2971 1190 3028; x_wconf 78' lang='lat' dir='ltr'><strong>poterat</strong></span> <span class='ocrx_word' id='word_1_203' title='bbox 1203 2972 1312 3011; x_wconf 77' lang='lat' dir='ltr'><strong>tam</strong></span> <span class='ocrx_word' id='word_1_204' title='bbox 1393 2973 1445 3011; x_wconf 81' lang='lat' dir='ltr'><strong>et</strong></span> <span class='ocrx_word' id='word_1_205' title='bbox 1463 2958 1765 3018; x_wconf 77' lang='lat' dir='ltr'><strong>detulerant</strong></span> <span class='ocrx_word' id='word_1_206' title='bbox 1777 2961 1934 3013; x_wconf 76' lang='lat' dir='ltr'><strong>verba</strong></span> <span class='ocrx_word' id='word_1_207' title='bbox 1950 2961 2156 3031; x_wconf 71' lang='lat' dir='ltr'><strong>puellae.</strong></span> <span class='ocrx_word' id='word_1_208' title='bbox 2170 2960 2387 3013; x_wconf 68' lang='lat' dir='ltr'><strong>Senum.</strong></span> 
     </span>
    </p>
   </div>
  </div>
 </body>
</html>
