3200 5117
2203 357 2234 376 Ῥ

755 544 879 612 272
1255 520 1349 585 M.
1396 519 1650 583 FABH
1694 516 2334 601 QUINTILIANI

750 669 896 712 rem
920 643 1034 710 dat
1050 643 1226 709 bene
1244 642 1533 721 meritis;
1557 664 1643 706 an
1669 663 1846 719 eam,
1868 663 2019 731 quae
2039 640 2382 706 constituit
2403 662 2671 730 poenam
2699 664 2852 732 peo-

751 751 1096 820 cantibus?
1130 748 1392 816 Deinde
1429 749 1820 838 specialiter,
1853 764 2083 813 utrum
2119 772 2299 829 eam,
2340 772 2491 839 quae
2523 747 2851 817 honorem

751 859 896 924 viro
916 858 1069 923 forti
1088 856 1230 935 dat,
1255 879 1339 920 an
1367 878 1541 934 eam,
1566 877 1717 946 quae
1742 876 2009 944 poenam
2031 852 2356 920 desertori
2375 856 2756 924 constituit?
2774 860 2852 924 In

750 982 1033 1056 utraque
1059 987 1133 1029 re
1161 963 1499 1053 speciosus
1523 977 1592 1027 et
1618 979 1884 1051 apertus
1911 977 2223 1028 tractatus
2254 979 2387 1029 est:
2413 987 2569 1030 nam
2591 963 2851 1031 descri-

752 1072 912 1137 bere
935 1092 1318 1159 possumus‚
1344 1086 1590 1160 quanta
1617 1091 1773 1133 cum
1796 1065 2187 1134 difficultate
2207 1068 2472 1135 fortiter
2491 1087 2848 1161 pugnetur,

753 1194 822 1243 et
856 1191 1108 1268 quanto
1145 1198 1300 1241 cum
1326 1174 1667 1263 periculo;
1696 1189 1763 1239 et
1795 1195 2108 1239 excusare
2142 1190 2211 1239 et
2241 1174 2399 1240 dare
2435 1176 2697 1241 veniam
2735 1176 2849 1241 ali-

754 1307 1013 1375 quam,
972 1304 988 1334 ¹
1037 1298 1115 1347 ut
1136 1297 1371 1348 natura
1390 1279 1669 1370 dignum
1692 1281 1809 1346 sit:
1849 1295 1916 1345 et
1939 1279 2213 1347 difficile
2239 1281 2501 1347 fortiter
2522 1304 2847 1372 pugnare,

753 1414 955 1483 quam
990 1390 1236 1456 mirum
1273 1411 1418 1455 esse
1458 1388 1789 1478 aliquem,
1830 1388 1946 1478 qui
1982 1386 2278 1454 deserat:
2310 1387 2420 1455 hic
2454 1390 2705 1455 clamor
2738 1389 2850 1454 ille

752 1497 1101 1586 utriusque
1126 1494 1481 1573 exercitus,
1511 1492 1643 1558 tela
1663 1492 1817 1558 illa
1798 1516 1868 1558 m
1893 1515 2015 1558 nos
2041 1509 2109 1558 et
2135 1494 2205 1557 in
2234 1494 2462 1560 oculos
2487 1495 2847 1576 venientia,

757 1619 825 1668 et
850 1602 1094 1670 cadens
1118 1600 1489 1667 secundum
1510 1602 1683 1667 latus
1708 1599 2073 1666 commilito
2089 1651 2107 1681 ,
2137 1618 2284 1666 tum
2306 1602 2589 1689 gemitus
2617 1602 2848 1668 vnlne-

755 1725 1093 1791 ratorum;
1137 1724 1205 1774 et
1244 1708 1468 1797 fragor
1505 1707 1619 1772 ille
1659 1729 1996 1774 armorum
2037 1723 2106 1773 et
2144 1707 2322 1772 nitor
2365 1708 2544 1773 ferri.
2586 1708 2846 1774 Deinde

757 1838 968 1905 quum
1003 1815 1606 1906 comparaverimus
1641 1813 1821 1902 leges
1841 1862 1860 1893 ‚
1904 1810 2336 1880 nihilominus
2370 1829 2439 1879 et
2478 1814 2844 1881 molliamus

758 1940 1215 2012 quaestionem.

1451 2085 2153 2151 DECLAMATIO.

854 2241 1016 2314 Non
1037 2241 1280 2338 utique
1308 2241 1510 2340 periit
1530 2243 1642 2316 lex
1664 2270 1678 2315 :
1707 2242 1964 2343 quare?
1987 2243 2324 2343 quoniam
2352 2243 2663 2344 plurima
2683 2242 2849 2316 acci-

759 2352 919 2428 dere
944 2373 1270 2454 possunt,
1297 2376 1376 2429 ut
1405 2349 1825 2430 desertorem
1855 2383 2000 2429 non
2022 2358 2127 2430 vir
2150 2357 2344 2430 fortis
2372 2357 2661 2431 occidat.
2683 2360 2848 2432 Haec

758 2471 951 2542 enim
979 2471 1075 2543 sic
1106 2471 1318 2563 dixi2,
1352 2461 1728 2571 tamquam'
1749 2471 2239 2571 impunitatem
2274 2472 2631 2546 desertoris
2658 2491 2850 2572 pete-

757 2610 906 2657 rem
946 2611 961 2656 :
1010 2612 1202 2657 nunc
1244 2584 1329 2657 de
1371 2612 1574 2685 poena
1614 2586 1790 2658 nihil
1836 2586 2119 2659 detraho
2163 2586 2550 2676 desertoris;
2586 2585 2669 2657 de
2703 2585 2845 2656 mi-

757 2700 968 2772 nistro
1005 2722 1320 2792 tantum,
1361 2700 1447 2774 de
1478 2728 1702 2775 manu
1730 2723 2004 2775 tantum
2039 2704 2384 2803 quaeritur.
2420 2704 2843 2801 Frequenter

754 2835 991 2888 autem
1025 2842 1301 2888 necesse
1337 2836 1437 2888 est
1465 2817 1765 2908 accidat,
1804 2837 1884 2889 ut
1911 2817 2327 2890 desertorem
2353 2842 2495 2889 non
2521 2814 2623 2889 vir
2651 2813 2845 2886 fortis

755 2932 1017 3004 occidat
1045 2959 1060 3002 :
1093 2932 1279 3032 finge
1314 2932 1697 3006 deseruisse
1725 2933 2071 3032 aliquem,
2107 2956 2173 3006 et
2198 2934 2559 3007 neminem
2587 2931 2847 3004 fortiter

753 3045 994 3118 fecisse
1018 3076 1035 3136 3
1066 3046 1438 3121 incolumis
1463 3048 1591 3121 erit
1614 3048 1953 3122 desertor?
1977 3049 2196 3149 Finge
2221 3050 2490 3123 fortiter
2508 3074 2845 3148 pugnasse

712 3217 719 3236 ἱ
754 3159 1065 3259 aliquem
1083 3221 1103 3254 ‚
1132 3163 1252 3234 sed
1286 3164 1358 3234 in
1385 3164 1537 3263 ipsa
1566 3191 1804 3265 pugna
1829 3165 2264 3239 debilitatum
2282 3221 2300 3254 ,
2338 3164 2432 3236 ita
2455 3183 2534 3235 ut
2555 3189 2846 3235 manum

755 3277 1130 3351 amitteret:
1159 3280 1508 3379 numquid
1532 3308 1677 3353 non
1704 3307 1978 3354 necesse
2009 3299 2109 3352 est
2129 3279 2360 3352 subire
2385 3278 2694 3375 aliquem
2716 3276 2847 3348 hoc

758 3390 1270 3466 ministerium?
1296 3398 1449 3468 Hoc
1479 3396 1564 3469 de
1593 3397 1876 3469 alienis:
1910 3414 2234 3496 praeterea
2264 3391 2410 3484 lex,
2448 3420 2600 3493 quae
2627 3392 2848 3467 deser·

757 3527 981 3581 torem
1016 3537 1058 3583 a
1094 3510 1241 3583 viro
1276 3513 1436 3585 forti
1472 3513 1695 3586 occidi
1720 3514 1962 3615 jussit,
2007 3511 2187 3585 nihil
2229 3510 2552 3612 cogitavit
2594 3510 2681 3583 de
2719 3507 2846 3581 hac

833 3697 876 3733 1.
905 3680 980 3731 Et
999 3682 1123 3735 dare
1146 3684 1352 3738 veniam
1375 3682 1631 3755 aliquam.
1662 3683 1760 3736 Hic
1843 3685 1964 3736 riter
1984 3701 2253 3757 pugnare,
2287 3682 2362 3735 ita
2394 3700 2500 3735 non
2532 3680 2726 3732 mirum
2751 3696 2851 3733 esse

756 3777 972 3832 quoque
1009 3760 1146 3814 male
1180 3761 1393 3815 habitus
1426 3760 1595 3816 locus.
1630 3764 1763 3815 For-
1841 3762 2099 3836 aliquem,
2119 3764 2210 3836 qui
2231 3764 2441 3816 deserat.
2464 3760 2700 3813 Gnouov.

753 3851 928 3892 tasse:
976 3858 1101 3892 nam
1148 3841 1422 3895 describere
1457 3855 1759 3914 possumus,
1915 3863 1963 3899 α.
1988 3845 2118 3898 Hoec
2149 3845 2290 3897 enim
2320 3844 2391 3896 sic
2420 3841 2547 3894 dixi*
2581 3842 2712 3894 Hoec
2742 3857 2851 3893 non

753 3929 951 3988 quanta
969 3936 1090 3969 cum
1109 3916 1764 3992 difficultatefortiterpu·
1840 3924 1916 3975 εἰσ
1944 3924 2055 3977 dixi
2087 3936 2124 3977 t.
2160 3923 2194 3973 i.
2229 3923 2279 3974 d.
2313 3939 2369 3992 p.
2402 3938 2530 3972 nam
2562 3919 2629 3971 de
2660 3937 2847 3991 poeu,

747 4008 958 4069 qnam,
981 4007 1035 4048 et
1053 4008 1255 4071 quanto
1278 4016 1397 4050 cnm
1421 3996 1690 4069 ρονίσιάος
1711 4008 1764 4048 et
1842 4000 2043 4054 Schult
2071 4015 2125 4055 et
2142 4000 2272 4055 ohr.
2294 4002 2407 4053 Nec
2427 4000 2569 4051 enim
2590 4000 2664 4051 sic
2681 3996 2790 4050 dixi
2806 4006 2843 4048 t.

752 4075 1758 4148 excusare,etpetereveniamaliquam.
1841 4080 1876 4131 ἰ.
1910 4082 1961 4133 d.
1996 4100 2052 4153 p.
2092 4099 2220 4133 nam
2250 4079 2315 4131 de
2349 4095 2543 4151 poena,
2573 4078 2745 4131 latin.
2772 4102 2848 4115 -

754 4149 913 4221 (vel,
930 4166 983 4206 et
996 4155 1226 4209 dandam
1247 4159 1453 4210 veniam
1478 4157 1680 4229 dicere)
1701 4168 1764 4209 ut
1840 4157 2062 4211 Accidat
2080 4172 2142 4213 ut
2161 4160 2480 4212 desertorem.
2504 4151 2847 4225 deddatfin-

755 4241 942 4282 natura
964 4251 1216 4304 maynum
1240 4236 1305 4287 sit
1326 4247 1378 4287 et
1403 4232 1760 4307 dffficilefor-
1837 4255 1929 4310 qe,
1955 4239 2161 4292 omissis
2184 4236 2429 4307 reliquis,
2455 4233 2630 4288 AErod·
