3200 5117
856 525 1697 593 DECLAMATIONES.
1744 529 2010 598 CCXC.
2358 529 2475 617 ¹75

382 651 648 751 optime
663 707 682 742 ,
702 650 914 724 fallax
938 648 1288 738 ista'velox
1304 650 1682 740 medicina:
1714 677 1842 750 ego
1869 653 2006 726 scio
2021 711 2042 746 ,
2062 677 2238 753 quos
2257 652 2478 725 animi

382 787 581 840 aestus
629 767 816 842 intus
856 768 1104 839 feram.
1150 764 1410 856 Crede,
1458 785 1682 865 pater,
1717 764 1869 866 jam
1908 767 2179 865 aliquas
2217 766 2480 840 similes

382 895 657 958 rerum¹
713 881 1055 980 imagines
1093 879 1292 953 video
1330 908 1346 951 :
1396 878 1577 954 redit
1623 879 1835 978 igitur
1881 880 2250 958 dementiae
2295 882 2480 982 prior

380 1022 636 1070 eausa:
672 1023 884 1095 quare
917 995 1139 1085 mihi,
1175 995 1230 1067 si
1270 1021 1417 1067 non
1450 994 1538 1067 ad
1570 1021 1866 1094 praesens
1901 997 2336 1095 tempus,-ad
2361 998 2478 1069 fu-

386 1131 627 1183 turum
654 1132 891 1185 tamen
923 1110 1272 1211 rogandus
1301 1136 1396 1184 es.
1422 1111 1761 1184 Succurre
1779 1165 1802 1199 ‚
1824 1110 1991 1208 qui²
2023 1112 2223 1183 soles.

1226 1587 1639 1667 CCXCI.

752 1819 1047 1892 Adulter
1073 1823 1303 1892 uxoris
1322 1812 1374 1906 ³-‚
1410 1843 1550 1918 qua
1580 1832 1861 1889 cesserat
1867 1815 2108 1915 fratri.

387 2005 515 2083 Qui
544 2004 703 2065 duos
726 2002 890 2066 filios
920 2000 1222 2086 habebat,
1247 2002 1360 2061 uni
1384 2022 1637 2063 uxorem
1661 2001 1864 2062 dedit:
1892 2002 2086 2065 altero
2111 2015 2482 2085 aegrotante,

471 2116 531 2162 et
551 2101 897 2162 dicentibus
922 2098 1173 2160 medicis
1198 2099 1392 2159 animi
1420 2121 1546 2160 esse
1570 2092 1967 2182 languorem,
1993 2102 2249 2162 intravit
2273 2104 2480 2165 stricto

473 2196 684 2277 gladio
708 2198 980 2257 minatus
1001 2217 1064 2256 se
1090 2195 1465 2256 moriturum
1495 2208 1689 2277 pater,
1718 2189 1844 2256 nisi'
1861 2215 2106 2257 causam
2136 2196 2480 2260 indicasset.

472 2293 771 2355 Confesso
809 2294 1005 2355 amari
1040 2313 1077 2352 a
1117 2314 1181 2354 se
1218 2289 1424 2354 statiis
1464 2309 1762 2370 uxorem,
1788 2293 1993 2355 'frater'
2029 2308 2269 2377 petente
2309 2309 2482 2379 patre

469 2392 671 2452 cessit:
704 2390 811 2452 ille
843 2393 911 2452 in
943 2389 1244 2452 adulterio
1267 2409 1413 2452 cum
1439 2392 1649 2473 priore
1670 2393 1898 2453 marito
1921 2392 2362 2475 deprehensam
2385 2415 2481 2456 oc-

466 2488 648 2550 cidit:
673 2489 1018 2550 abdicatur.

1083 2643 1782 2724 DECLAMATIO.

489 2819 926 2917 Ingressuros
953 2815 1298 2887 actionem
1315 2871 1336 2906 ‚
1365 2814 1742 2913 interrogo²
1773 2813 2053 2913 qualem
2080 2835 2351 2914 patrem
2375 2845 2483 2890 ve·

395 2930 507 3020 lis,
532 2958 809 3031 gravem
834 2951 901 3002 et
924 2954 1270 3020 severum,
1301 2953 1392 3002 an
1413 2927 1784 3002 facilemet
1804 2929 2313 3028 ignoscentem?
2336 2959 2478 3004 non

399 3046 679 3138 dubito,
704 3044 881 3145 quin
915 3042 1308 3122 adolescens
1351 3041 1702 3114 vindicato
1744 3044 1958 3116 modo
1997 3047 2477 3138 matrimonio,

401 3157 595 3231 malit
633 3187 747 3231 me
791 3184 1020 3233 severe
1060 3181 1309 3255 agere:
1350 3155 1503 3226 talis
1547 3155 1754 3253 igitur
1787 3178 1978 3257 pater
2019 3160 2263 3259 objicit
2302 3161 2429 3232 tibi
2457 3217 2477 3250 ,

400 3272 591 3370 quod
629 3274 703 3346 in
741 3299 1056 3348 amorem
1092 3269 1419 3342 incideris
1457 3270 1908 3370 cujusquam:
1946 3298 2090 3344 non
2131 3296 2229 3347 est
2264 3275 2480 3368 istud,

398 3384 536 3459 nisi
579 3386 985 3460 lascivientis
1024 3384 1271 3457 animi.
1313 3386 1474 3456 Jam
1508 3384 1571 3471 six
1603 3384 1818 3478 hae04,
1850 3412 2068 3486 quam
2100 3390 2479 3484 adamasti,

396 3524 619 3600 nupta
660 3523 801 3591 est;
851 3523 927 3575 tu
973 3501 1275 3573 alienam
1319 3491 1716 3572 matronam
1762 3500 1990 3593 aliter,
2036 3531 2249 3603 quam
2299 3505 2484 3605 leges

396 3618 808 3714 permittunt
823 3675 842 3707 ,
864 3616 1265 3716 adspexisti:
1292 3613 1707 3714 adjiciamus
1725 3614 1864 3686 huc
1878 3674 1897 3708 ‚
1925 3617 2146 3691 fratris
2179 3646 2479 3691 uxorem.

397 3731 718 3830 Intelligo
755 3759 906 3818 me,
941 3729 1210 3832 judices
1248 3731 1419 3802 fictae
1455 3729 1620 3801 huic
1657 3756 1961 3829 personae
1991 3733 2304 3805 sufficere
2340 3757 2483 3802 non

477 3931 521 3966 ι.
557 3916 767 3970 Similes
802 3935 995 3971 rerum.
1037 3917 1227 3969 Rerum
1264 3914 1407 3969 delet
1481 3929 1613 3969 acte
1643 3916 1757 3969 vite
1794 3929 2052 3988 tempora.
2092 3916 2484 3969 Scammomo.

397 3995 676 4067 Ugolinus.
698 4001 826 4052 Mox
853 4000 974 4071 lego
992 4035 1010 4062 ‚
1038 3999 1170 4051 redit
1200 3997 1403 4051 iter-mn.
1554 3994 1609 4047 3.
1649 3993 1871 4048 Adulter
1914 3996 2099 4048 uxoris.
2147 3994 2298 4067 Calp.
2341 3996 2482 4049 Flac.

396 4074 617 4128 Senum.
1484 4077 1782 4131 Decimae
1803 4077 1979 4129 XLVI.
2005 4077 2224 4130 Sanum.

472 4175 520 4210 2.
552 4159 658 4229 Qui
682 4159 828 4213 soles.
863 4159 975 4228 An,
1007 4158 1101 4232 qui
1126 4168 1302 4231 poten
1324 4156 1411 4211 vel
1558 4155 1612 4222 4.
1631 4156 1756 4207 Jam
1777 4157 1821 4209 εἰ
1846 4155 1968 4232 hee.
1992 4156 2118 4208 Jam
2140 4155 2332 4211 scilicet
2354 4157 2489 4222 hae,

399 4236 531 4292 eules
560 4241 752 4294 referri
782 4238 945 4295 debet
976 4239 1047 4293 nd
1080 4240 1264 4293 onnia
1287 4252 1411 4292 anto
1489 4257 1545 4311 q.
1567 4257 1622 4292 a.
1645 4249 1812 4311 nupta
1830 4249 1922 4295 ut.
1942 4239 2164 4294 Somne.
