3200 5117
751 561 873 626 116
1240 558 1333 621 M.
1382 557 1629 621 FABII
1674 555 2303 639 QUINTILIANI

740 683 1058 758 medium
1093 681 1366 780 profero
1400 679 1723 767 affectus3
1753 704 1881 749 nec
1909 677 2084 750 mihi
2119 676 2193 749 in
2227 679 2635 778 cogitatione
2665 703 2818 755 tum

738 801 848 873 lex
876 798 1036 888 fuit3
1064 823 1192 869 nec
1202 796 1368 897 jura
1398 795 1693 894 respexi:
1719 792 1837 866 sed
1864 819 2018 894 quae
2047 794 2358 893 proxima
2384 795 2820 871 vindicanda}

741 915 1038 989 infelicis
1064 913 1219 985 filiae
1243 911 1353 982 via
1376 911 1708 1002 occurrit,
1739 909 1920 982 hanc
1952 910 2253 1001 intendi,
2283 911 2464 984 hanc
2486 935 2819 1012 sequutus

740 1059 939 1106 sum:
986 1032 1164 1103 bene
1203 1027 1432 1116 cessit,
1473 1026 1663 1127 quod
1704 1049 1769 1099 et
1799 1025 2012 1098 licuit.
2049 1028 2233 1125 Age,
2267 1027 2497 1100 sinon
2527 1017 2817 1102 habuis:

740 1173 927 1237 sem,
973 1170 1185 1243 quam
1231 1142 1594 1214 educerem
1640 1140 1727 1212 ad
1770 1141 2238 1239 magistratus,
2282 1141 2478 1243 cujus
2516 1144 2662 1216 vice
2705 1171 2818 1217 me

742 1261 1123 1349 ulciscerer,
1149 1285 1293 1330 non
1318 1259 1391 1329 in
1419 1255 1738 1357 publico,
1768 1283 1911 1328 non
1939 1257 2013 1327 in
2035 1256 2186 1329 foro
2216 1256 2322 1330 his
2347 1283 2460 1329 me
2488 1258 2819 1332 senilibus

742 1373 1068 1447 manibus
1094 1370 1592 1443 vindicassem?
1620 1390 1694 1444 tu
1713 1427 1733 1460 ,
1765 1370 2082 1462 fortuna,
2117 1372 2324 1443 facies
2357 1371 2547 1470 quod
2575 1399 2820 1445 occur-

741 1489 900 1562 rerit
919 1520 937 1578 ;
965 1488 1115 1590 jam
1150 1513 1291 1559 non
1328 1506 1518 1586 potes
1542 1486 1849 1578 efficere,
1883 1506 1963 1559 ut
1996 1487 2344 1585 poeniteat.
2381 1488 2629 1560 Filiam
2657 1516 2819 1589 per-

740 1606 889 1679 didi
913 1633 929 1678 ε
961 1606 1100 1677 scio
1125 1603 1260 1676 hoc
1285 1601 1668 1675 minimum
1690 1628 1833 1675 esse
1853 1601 2202 1676 malorum
2224 1630 2544 1678 meorum
2568 1632 2584 1676 :
2617 1626 2781 1679 sunt
2796 1663 2816 1697 ‚

740 1721 865 1818 qui
890 1718 1163 1819 gravius
1187 1743 1330 1790 esse
1353 1742 1581 1788 unum
1608 1716 1693 1788 de
1723 1716 1878 1788 filiis
1903 1718 2221 1815 perdere,
2250 1745 2463 1818 quam
2488 1718 2817 1810 unicum3

738 1855 938 1925 sunt,
981 1832 1104 1934 qui
1146 1830 1625 1931 gravissimum
1669 1831 2062 1904 existimant
2099 1833 2338 1905 unicos
2380 1832 2706 1932 perdere:
2752 1856 2823 1907 et

740 1950 1006 2048 quoties
1025 1974 1167 2021 non
1193 1947 1494 2020 habeant
1512 1946 1838 2018 solatium
1856 2004 1875 2037 ,
1897 1947 1985 2019 ad
2004 1947 2195 2047 quod
2217 1948 2618 2049 respiciant,
2648 1950 2821 2023 cala·

742 2064 1000 2136 mitatis
1034 2062 1306 2135 videtur
1326 2059 1487 2133 sine
1530 2060 1878 2133 medicina
1918 2060 2158 2132 dolor:
2199 2060 2332 2134 hoc
2372 2064 2645 2161 gravius
2686 2085 2818 2156 est,

732 2176 1004 2278 judices
1029 2233 1048 2267 ‚
1104 2175 1391 2275 perdere
1437 2173 1727 2247 alteram
1775 2200 1813 2245 e
1863 2174 2164 2273 geminis
2212 2201 2228 2245 ε
2285 2176 2597 2275 quotidie
2641 2177 2819 2250 mihi

741 2290 1032 2365 occurrit
1077 2291 1308 2388 imago
1355 2288 1621 2361 funeris
1670 2288 1810 2361 mei
1855 2316 1873 2360 ε
1927 2316 2069 2390 quo
2115 2290 2341 2388 magis
2391 2291 2618 2389 placet
2666 2292 2820 2365 filiae

739 2406 1193 2497 verecundia,
1229 2433 1369 2505 quo
1403 2405 1623 2503 magis
1655 2404 1995 2503 probitas,
2031 2405 2162 2479 hoc
2194 2405 2485 2478 validius
2520 2406 2825 2480 subeunt

741 2519 1221 2619 cogitationes:
1252 2519 1465 2591 talem
1494 2517 1703 2590 miser
1728 2519 2018 2619 perdidi⁴
2054 2520 2126 2592 Si
2152 2541 2384 2593 tamen
2414 2521 2547 2594 hoc
2568 2522 2822 2608 vulnus

742 2634 1083 2707 intulisset
1107 2635 1421 2721 fortuna,
1456 2632 1511 2704 si
1536 2659 1774 2723 casus,
1801 2636 2162 2707 communi
2195 2636 2619 2708 mortalitatis
2651 2662 2822 2709 con-

741 2750 1002 2823 ditione
1035 2748 1291 2822 solarer
1317 2775 1479 2821 me:
1528 2775 1718 2822 nunc
1761 2751 1969 2822 miser
2005 2750 2226 2823 filiam
2269 2750 2622 2850 quomodo
2656 2777 2819 2850 per-

742 2864 931 2938 didi?
972 2884 1129 2938 ante
1171 2863 1412 2936 omnia
1450 2890 1580 2936 nec
1618 2864 1993 2964 virginem,
2041 2893 2171 2938 nec
2210 2887 2526 2964 nuptam.
2558 2865 2819 2956 Quales

742 3006 869 3078 ego
892 2979 1131 3051 infelix
1148 2976 1376 3050 vultus
1393 3032 1413 3064 ,
1433 3004 1634 3050 caesos
1655 2978 1921 3079 alioqui
1939 2979 2405 3076 laceratosque
2422 3038 2442 3070 ,
2470 3005 2548 3052 ac
2571 2978 2818 3077 laqueo

743 3114 1125 3183 tumenteS,
1169 3113 1358 3191 pater
1397 3091 1570 3163 vidi!
1623 3093 1744 3191 qui
1786 3119 1904 3164 me
1945 3113 2204 3183 metus,
2246 3094 2370 3191 qui
2404 3094 2586 3165 intus
2620 3113 2820 3166 aestus

741 3206 1043 3306 agitant?
1073 3233 1225 3304 quae
1252 3206 1387 3279 fuit
1413 3206 1825 3280 verecundia
1853 3206 1970 3279 illa
1988 3262 2007 3296 ‚
2038 3231 2188 3305 quae
2218 3205 2557 3278 ultionem
2589 3233 2822 3307 exspe-

743 3340 921 3392 ctare
966 3348 1109 3393 non
1150 3318 1415 3420 potuit?
1459 3320 1689 3393 horret
1726 3321 2004 3393 animus
2047 3319 2420 3412 recordari,
2467 3322 2823 3421 refugiunt

744 3432 1205 3531 cogitationes.
1247 3433 1501 3506 Misera
1537 3433 1710 3530 quid
1743 3460 1938 3532 passa
1974 3434 2106 3507 est!
2149 3461 2277 3508 nec
2313 3461 2479 3507 sane
2517 3436 2590 3508 in
2621 3461 2824 3509 causa

746 3569 1023 3647 raptus,
1064 3575 1262 3620 amor
1301 3549 1476 3638 fuit3
1517 3576 1661 3621 non
1703 3549 2139 3648 propositum
2174 3552 2641 3641 matrimonii,
2676 3575 2820 3621 non

747 3665 1091 3766 cupiditas
1109 3665 1518 3765 nuptiarum
1538 3693 1552 3738 :
1575 3665 1755 3738 nihil
1776 3665 2031 3738 horum
2050 3667 2370 3768 cogitavit
2385 3722 2404 3754 ‚
2427 3666 2546 3762 qui
2566 3664 2784 3737 nescit
2798 3721 2818 3755 ,

747 3807 962 3880 quam
987 3779 1341 3880 rapuisset.
