<?xml version="1.0" encoding="UTF-8"?>
<!DOCTYPE html PUBLIC "-//W3C//DTD XHTML 1.0 Transitional//EN"
    "http://www.w3.org/TR/xhtml1/DTD/xhtml1-transitional.dtd">
<html xmlns="http://www.w3.org/1999/xhtml" xml:lang="en" lang="en">
 <head>
  <title>
</title>
<meta http-equiv="Content-Type" content="text/html;charset=utf-8" />
  <meta name='ocr-system' content='tesseract 3.04.00' />
  <meta name='ocr-capabilities' content='ocr_page ocr_carea ocr_par ocr_line ocrx_word'/>
</head>
<body>
  <div class='ocr_page' id='page_1' title='image "./deinstitutioneo00flacgoog_0585.png"; bbox 0 0 3200 5117; ppageno 0'>
   <div class='ocr_carea' id='block_1_1' title="bbox 708 524 2351 595">
    <p class='ocr_par' dir='ltr' id='par_1_1' title="bbox 708 524 2351 595">
     <span class='ocr_line' id='line_1_1' title="bbox 708 524 2351 595; baseline 0.002 -4"><span class='ocrx_word' id='word_1_1' title='bbox 708 524 1547 591; x_wconf 82' lang='lat' dir='ltr'><strong>DECLAMATIONES.</strong></span> <span class='ocrx_word' id='word_1_2' title='bbox 1595 526 1922 590; x_wconf 84' lang='lat' dir='ltr'>XXXIV.</span> <span class='ocrx_word' id='word_1_3' title='bbox 2233 528 2351 595; x_wconf 78' lang='lat'><strong>581</strong></span> 
     </span>
    </p>
   </div>
   <div class='ocr_carea' id='block_1_2' title="bbox 259 644 2361 1182">
    <p class='ocr_par' dir='ltr' id='par_1_2' title="bbox 259 644 2361 1182">
     <span class='ocr_line' id='line_1_2' title="bbox 263 644 2355 744; baseline -0 -22"><span class='ocrx_word' id='word_1_4' title='bbox 263 670 418 723; x_wconf 86' lang='lat' dir='ltr'><strong>tere</strong></span> <span class='ocrx_word' id='word_1_5' title='bbox 464 646 685 737; x_wconf 88' lang='lat' dir='ltr'><strong>filios,</strong></span> <span class='ocrx_word' id='word_1_6' title='bbox 732 645 937 744; x_wconf 78' lang='lat' dir='ltr'><strong>longe</strong></span> <span class='ocrx_word' id='word_1_7' title='bbox 984 645 1253 743; x_wconf 78' lang='lat' dir='ltr'><strong>gravius</strong></span> <span class='ocrx_word' id='word_1_8' title='bbox 1299 644 1626 717; x_wconf 88' lang='lat' dir='ltr'><strong>occidere.</strong></span> <span class='ocrx_word' id='word_1_9' title='bbox 1676 646 1926 717; x_wconf 85' lang='lat' dir='ltr'>Nonne</span> <span class='ocrx_word' id='word_1_10' title='bbox 1970 646 2101 720; x_wconf 91' lang='lat' dir='ltr'><strong>hoc</strong></span> <span class='ocrx_word' id='word_1_11' title='bbox 2149 648 2355 737; x_wconf 76' lang='lat' dir='ltr'><strong>dicit,</strong></span> 
     </span>
     <span class='ocr_line' id='line_1_3' title="bbox 262 759 2361 860; baseline 0 -24"><span class='ocrx_word' id='word_1_12' title='bbox 262 763 424 837; x_wconf 85' lang='lat' dir='ltr'><strong>sola</strong></span> <span class='ocrx_word' id='word_1_13' title='bbox 457 762 908 850; x_wconf 86' lang='lat' dir='ltr'>dominabor,</span> <span class='ocrx_word' id='word_1_14' title='bbox 946 786 1169 858; x_wconf 88' lang='lat' dir='ltr'><strong>quum</strong></span> <span class='ocrx_word' id='word_1_15' title='bbox 1207 781 1273 830; x_wconf 86' lang='lat' dir='ltr'><strong>et</strong></span> <span class='ocrx_word' id='word_1_16' title='bbox 1309 759 1423 832; x_wconf 87' lang='lat' dir='ltr'><strong>hic</strong></span> <span class='ocrx_word' id='word_1_17' title='bbox 1453 785 1726 831; x_wconf 86' lang='lat' dir='ltr'><strong>veneno</strong></span> <span class='ocrx_word' id='word_1_18' title='bbox 1761 787 1916 832; x_wconf 88' lang='lat' dir='ltr'><strong>meo</strong></span> <span class='ocrx_word' id='word_1_19' title='bbox 1950 762 2261 860; x_wconf 86' lang='lat' dir='ltr'><strong>perierit,</strong></span> <span class='ocrx_word' id='word_1_20' title='bbox 2293 783 2361 836; x_wconf 89' lang='lat' dir='ltr'><strong>et</strong></span> 
     </span>
     <span class='ocr_line' id='line_1_4' title="bbox 263 874 2356 980; baseline -0.001 -28"><span class='ocrx_word' id='word_1_21' title='bbox 263 880 402 952; x_wconf 90' lang='lat' dir='ltr'><strong>illa</strong></span> <span class='ocrx_word' id='word_1_22' title='bbox 430 877 833 950; x_wconf 82' lang='lat' dir='ltr'><strong>mendacio?</strong></span> <span class='ocrx_word' id='word_1_23' title='bbox 863 880 902 947; x_wconf 88' lang='lat' dir='ltr'>J</span> <span class='ocrx_word' id='word_1_24' title='bbox 913 875 1202 949; x_wconf 87' lang='lat' dir='ltr'><strong>udicasti</strong></span> <span class='ocrx_word' id='word_1_25' title='bbox 1237 896 1461 974; x_wconf 86' lang='lat' dir='ltr'><strong>pater,</strong></span> <span class='ocrx_word' id='word_1_26' title='bbox 1487 874 1609 974; x_wconf 92' lang='lat' dir='ltr'><strong>qui</strong></span> <span class='ocrx_word' id='word_1_27' title='bbox 1647 897 1713 946; x_wconf 86' lang='lat' dir='ltr'><strong>et</strong></span> <span class='ocrx_word' id='word_1_28' title='bbox 1745 877 2356 980; x_wconf 27' lang='lat' dir='ltr'><strong>repudiatam-non</strong></span> 
     </span>
     <span class='ocr_line' id='line_1_5' title="bbox 259 989 2360 1080; baseline -0.001 -14"><span class='ocrx_word' id='word_1_29' title='bbox 259 994 667 1067; x_wconf 85' lang='lat' dir='ltr'><strong>accusando</strong></span> <span class='ocrx_word' id='word_1_30' title='bbox 690 991 1037 1065; x_wconf 82' lang='lat' dir='ltr'>absolvisti</span> <span class='ocrx_word' id='word_1_31' title='bbox 1055 1046 1075 1080; x_wconf 88' lang='lat'>,</span> <span class='ocrx_word' id='word_1_32' title='bbox 1101 1009 1169 1063; x_wconf 89' lang='lat' dir='ltr'><strong>et</strong></span> <span class='ocrx_word' id='word_1_33' title='bbox 1192 1016 1474 1065; x_wconf 81' lang='lat' dir='ltr'><strong>uxorem</strong></span> <span class='ocrx_word' id='word_1_34' title='bbox 1494 1014 1639 1061; x_wconf 87' lang='lat' dir='ltr'><strong>non</strong></span> <span class='ocrx_word' id='word_1_35' title='bbox 1661 989 2101 1062; x_wconf 85' lang='lat' dir='ltr'><strong>defendendo</strong></span> <span class='ocrx_word' id='word_1_36' title='bbox 2125 1005 2140 1035; x_wconf 86' lang='lat'>¹</span> <span class='ocrx_word' id='word_1_37' title='bbox 2171 992 2360 1064; x_wconf 88' lang='lat' dir='ltr'><strong>dam·</strong></span> 
     </span>
     <span class='ocr_line' id='line_1_6' title="bbox 259 1130 484 1182; baseline 0 -2"><span class='ocrx_word' id='word_1_38' title='bbox 259 1130 484 1182; x_wconf 79' lang='lat' dir='ltr'><strong>nasu.</strong></span> 
     </span>
    </p>
   </div>
   <div class='ocr_carea' id='block_1_3' title="bbox 1686 1382 2359 1406">
    <p class='ocr_par' dir='ltr' id='par_1_3' title="bbox 1686 1382 2359 1406">
     <span class='ocr_line' id='line_1_7' title="bbox 1686 1382 2359 1406; baseline -0.001 0"><span class='ocrx_word' id='word_1_39' title='bbox 1686 1382 2359 1406; x_wconf 62' lang='lat' dir='ltr'><strong>mmmm</strong></span> 
     </span>
    </p>
   </div>
   <div class='ocr_carea' id='block_1_4' title="bbox 1301 1384 1683 1407">
    <p class='ocr_par' dir='ltr' id='par_1_4' title="bbox 1301 1384 1683 1407">
     <span class='ocr_line' id='line_1_8' title="bbox 1301 1384 1683 1407; baseline 0 3710"><span class='ocrx_word' id='word_1_40' title='bbox 1301 1384 1683 1407; x_wconf 95' lang='lat' dir='ltr'><strong> </strong></span> 
     </span>
    </p>
   </div>
   <div class='ocr_carea' id='block_1_5' title="bbox 253 1384 1298 1413">
    <p class='ocr_par' dir='ltr' id='par_1_5' title="bbox 253 1384 1298 1413">
     <span class='ocr_line' id='line_1_9' title="bbox 253 1384 1298 1413; baseline 0 3704"><span class='ocrx_word' id='word_1_41' title='bbox 253 1384 1298 1413; x_wconf 95' lang='lat' dir='ltr'><strong> </strong></span> 
     </span>
    </p>
   </div>
   <div class='ocr_carea' id='block_1_6' title="bbox 1132 1580 1500 1656">
    <p class='ocr_par' dir='ltr' id='par_1_6' title="bbox 1132 1580 1500 1656">
     <span class='ocr_line' id='line_1_10' title="bbox 1132 1580 1500 1656; baseline 0.003 -1"><span class='ocrx_word' id='word_1_42' title='bbox 1132 1580 1500 1656; x_wconf 89' lang='lat' dir='ltr'><strong>XXXV.</strong></span> 
     </span>
    </p>
   </div>
   <div class='ocr_carea' id='block_1_7' title="bbox 972 1811 1656 1909">
    <p class='ocr_par' dir='ltr' id='par_1_7' title="bbox 972 1811 1656 1909">
     <span class='ocr_line' id='line_1_11' title="bbox 972 1811 1656 1909; baseline -0.004 -26"><span class='ocrx_word' id='word_1_43' title='bbox 972 1811 1316 1909; x_wconf 81' lang='lat' dir='ltr'><strong>Speciosus</strong></span> <span class='ocrx_word' id='word_1_44' title='bbox 1347 1811 1656 1881; x_wconf 81' lang='lat' dir='ltr'><strong><em>desertor.</em></strong></span> 
     </span>
    </p>
   </div>
   <div class='ocr_carea' id='block_1_8' title="bbox 259 2013 2359 2463">
    <p class='ocr_par' dir='ltr' id='par_1_8' title="bbox 259 2013 2359 2463">
     <span class='ocr_line' id='line_1_12' title="bbox 259 2013 2358 2094; baseline -0.001 -17"><span class='ocrx_word' id='word_1_45' title='bbox 259 2018 598 2077; x_wconf 67' lang='lat' dir='ltr'><strong>Dzsznron</strong></span> <span class='ocrx_word' id='word_1_46' title='bbox 626 2033 769 2074; x_wconf 75' lang='lat' dir='ltr'><strong>nuci</strong></span> <span class='ocrx_word' id='word_1_47' title='bbox 800 2031 1073 2073; x_wconf 70' lang='lat' dir='ltr'><strong>stavrn.</strong></span> <span class='ocrx_word' id='word_1_48' title='bbox 1095 2014 1258 2072; x_wconf 71' lang='lat' dir='ltr'><strong>Vino</strong></span> <span class='ocrx_word' id='word_1_49' title='bbox 1283 2032 1463 2072; x_wconf 72' lang='lat' dir='ltr'><strong>roan</strong></span> <span class='ocrx_word' id='word_1_50' title='bbox 1490 2032 1812 2073; x_wconf 75' lang='lat' dir='ltr'><strong>PRAEMIUM.</strong></span> <span class='ocrx_word' id='word_1_51' title='bbox 1841 2013 2087 2094; x_wconf 84' lang='lat' dir='ltr'><strong>Pauper</strong></span> <span class='ocrx_word' id='word_1_52' title='bbox 2108 2026 2167 2072; x_wconf 91' lang='lat' dir='ltr'><strong>et</strong></span> <span class='ocrx_word' id='word_1_53' title='bbox 2190 2013 2358 2074; x_wconf 84' lang='lat' dir='ltr'><strong>dives</strong></span> 
     </span>
     <span class='ocr_line' id='line_1_13' title="bbox 349 2109 2359 2190; baseline -0 -20"><span class='ocrx_word' id='word_1_54' title='bbox 349 2111 629 2170; x_wconf 86' lang='lat' dir='ltr'><strong>inimici:</strong></span> <span class='ocrx_word' id='word_1_55' title='bbox 670 2109 838 2171; x_wconf 82' lang='lat' dir='ltr'><strong>dives</strong></span> <span class='ocrx_word' id='word_1_56' title='bbox 870 2124 1104 2170; x_wconf 90' lang='lat' dir='ltr'><strong>creatus</strong></span> <span class='ocrx_word' id='word_1_57' title='bbox 1139 2121 1228 2168; x_wconf 85' lang='lat' dir='ltr'><strong>est</strong></span> <span class='ocrx_word' id='word_1_58' title='bbox 1262 2109 1616 2189; x_wconf 87' lang='lat' dir='ltr'><strong>imperator.</strong></span> <span class='ocrx_word' id='word_1_59' title='bbox 1647 2109 1889 2190; x_wconf 80' lang='lat' dir='ltr'><strong>Pauper</strong></span> <span class='ocrx_word' id='word_1_60' title='bbox 1920 2109 2033 2169; x_wconf 84' lang='lat' dir='ltr'><strong>sub</strong></span> <span class='ocrx_word' id='word_1_61' title='bbox 2072 2109 2182 2169; x_wconf 88' lang='lat' dir='ltr'><strong>illo</strong></span> <span class='ocrx_word' id='word_1_62' title='bbox 2219 2131 2359 2169; x_wconf 88' lang='lat' dir='ltr'><strong>cum</strong></span> 
     </span>
     <span class='ocr_line' id='line_1_14' title="bbox 349 2204 2355 2290; baseline -0 -24"><span class='ocrx_word' id='word_1_63' title='bbox 349 2206 487 2266; x_wconf 86' lang='lat' dir='ltr'><strong>filio</strong></span> <span class='ocrx_word' id='word_1_64' title='bbox 525 2208 795 2290; x_wconf 85' lang='lat' dir='ltr'><strong>specioso</strong></span> <span class='ocrx_word' id='word_1_65' title='bbox 841 2205 1219 2267; x_wconf 84' lang='lat' dir='ltr'><strong>adolescente</strong></span> <span class='ocrx_word' id='word_1_66' title='bbox 1260 2204 1567 2264; x_wconf 81' lang='lat' dir='ltr'>militavit.</span> <span class='ocrx_word' id='word_1_67' title='bbox 1617 2206 1859 2286; x_wconf 82' lang='lat' dir='ltr'><strong>Pauper</strong></span> <span class='ocrx_word' id='word_1_68' title='bbox 1898 2205 2140 2264; x_wconf 83' lang='lat' dir='ltr'><strong>fortiter</strong></span> <span class='ocrx_word' id='word_1_69' title='bbox 2176 2204 2355 2279; x_wconf 88' lang='lat' dir='ltr'><strong>fecit,</strong></span> 
     </span>
     <span class='ocr_line' id='line_1_15' title="bbox 347 2300 2356 2384; baseline -0.001 -20"><span class='ocrx_word' id='word_1_70' title='bbox 347 2302 709 2364; x_wconf 81' lang='lat' dir='ltr'><strong>adolescens</strong></span> <span class='ocrx_word' id='word_1_71' title='bbox 733 2303 1013 2364; x_wconf 85' lang='lat' dir='ltr'><strong>deseruit.</strong></span> <span class='ocrx_word' id='word_1_72' title='bbox 1039 2304 1221 2363; x_wconf 84' lang='lat' dir='ltr'><strong>Dives</strong></span> <span class='ocrx_word' id='word_1_73' title='bbox 1239 2300 1375 2382; x_wconf 81' lang='lat' dir='ltr'><strong>jure</strong></span> <span class='ocrx_word' id='word_1_74' title='bbox 1402 2302 1596 2381; x_wconf 73' lang='lat' dir='ltr'><strong>agit²z</strong></span> <span class='ocrx_word' id='word_1_75' title='bbox 1626 2322 1861 2383; x_wconf 83' lang='lat' dir='ltr'><strong>pauper</strong></span> <span class='ocrx_word' id='word_1_76' title='bbox 1889 2302 2149 2383; x_wconf 77' lang='lat' dir='ltr'><strong>praemio</strong></span> <span class='ocrx_word' id='word_1_77' title='bbox 2180 2303 2356 2384; x_wconf 85' lang='lat' dir='ltr'><strong>petit,</strong></span> 
     </span>
     <span class='ocr_line' id='line_1_16' title="bbox 349 2402 785 2463; baseline 0.002 -2"><span class='ocrx_word' id='word_1_78' title='bbox 349 2415 424 2461; x_wconf 88' lang='lat' dir='ltr'><strong>ut</strong></span> <span class='ocrx_word' id='word_1_79' title='bbox 450 2402 785 2463; x_wconf 85' lang='lat' dir='ltr'><strong>occidatur.</strong></span> 
     </span>
    </p>
   </div>
   <div class='ocr_carea' id='block_1_9' title="bbox 1081 2561 1549 2608">
    <p class='ocr_par' dir='ltr' id='par_1_9' title="bbox 1081 2561 1549 2608">
     <span class='ocr_line' id='line_1_17' title="bbox 1081 2561 1549 2608; baseline -0.006 0"><span class='ocrx_word' id='word_1_80' title='bbox 1081 2563 1234 2608; x_wconf 80' lang='lat' dir='ltr'><strong>Pno</strong></span> <span class='ocrx_word' id='word_1_81' title='bbox 1280 2561 1549 2607; x_wconf 77' lang='lat' dir='ltr'>PATRE-</span> 
     </span>
    </p>
   </div>
   <div class='ocr_carea' id='block_1_10' title="bbox 260 2695 2361 3370">
    <p class='ocr_par' dir='ltr' id='par_1_10' title="bbox 260 2695 2361 3370">
     <span class='ocr_line' id='line_1_18' title="bbox 363 2695 2359 2788; baseline -0.002 -16"><span class='ocrx_word' id='word_1_82' title='bbox 363 2701 636 2772; x_wconf 89' lang='lat' dir='ltr'><strong>Filium</strong></span> <span class='ocrx_word' id='word_1_83' title='bbox 663 2728 905 2774; x_wconf 89' lang='lat' dir='ltr'><strong>meum</strong></span> <span class='ocrx_word' id='word_1_84' title='bbox 936 2701 992 2772; x_wconf 87' lang='lat' dir='ltr'><strong>si</strong></span> <span class='ocrx_word' id='word_1_85' title='bbox 1019 2701 1309 2772; x_wconf 89' lang='lat' dir='ltr'><strong>liberare</strong></span> <span class='ocrx_word' id='word_1_86' title='bbox 1344 2725 1487 2769; x_wconf 85' lang='lat' dir='ltr'><strong>non</strong></span> <span class='ocrx_word' id='word_1_87' title='bbox 1517 2697 1713 2788; x_wconf 87' lang='lat' dir='ltr'><strong>licet,</strong></span> <span class='ocrx_word' id='word_1_88' title='bbox 1749 2695 1985 2768; x_wconf 85' lang='lat' dir='ltr'><strong>saltem</strong></span> <span class='ocrx_word' id='word_1_89' title='bbox 2019 2697 2220 2770; x_wconf 87' lang='lat' dir='ltr'><strong>liceat</strong></span> <span class='ocrx_word' id='word_1_90' title='bbox 2245 2724 2359 2769; x_wconf 91' lang='lat' dir='ltr'><strong>oc-</strong></span> 
     </span>
     <span class='ocr_line' id='line_1_19' title="bbox 263 2812 2358 2917; baseline -0.003 -26"><span class='ocrx_word' id='word_1_91' title='bbox 263 2819 528 2891; x_wconf 85' lang='lat' dir='ltr'><strong>cidere.</strong></span> <span class='ocrx_word' id='word_1_92' title='bbox 562 2816 883 2905; x_wconf 79' lang='lat' dir='ltr'><strong>Creditis,</strong></span> <span class='ocrx_word' id='word_1_93' title='bbox 905 2816 1177 2917; x_wconf 82' lang='lat' dir='ltr'><strong>judices</strong></span> <span class='ocrx_word' id='word_1_94' title='bbox 1196 2872 1215 2904; x_wconf 87' lang='lat'>‚</span> <span class='ocrx_word' id='word_1_95' title='bbox 1245 2813 1434 2912; x_wconf 91' lang='lat' dir='ltr'><strong>quod</strong></span> <span class='ocrx_word' id='word_1_96' title='bbox 1461 2813 1608 2885; x_wconf 86' lang='lat' dir='ltr'><strong>filio</strong></span> <span class='ocrx_word' id='word_1_97' title='bbox 1639 2839 1796 2885; x_wconf 88' lang='lat' dir='ltr'><strong>meo</strong></span> <span class='ocrx_word' id='word_1_98' title='bbox 1821 2813 1998 2885; x_wconf 90' lang='lat' dir='ltr'><strong>bene</strong></span> <span class='ocrx_word' id='word_1_99' title='bbox 2030 2812 2358 2885; x_wconf 84' lang='lat' dir='ltr'><strong>inimicus</strong></span> 
     </span>
     <span class='ocr_line' id='line_1_20' title="bbox 260 2928 2357 3029; baseline -0.002 -25"><span class='ocrx_word' id='word_1_100' title='bbox 260 2932 466 3018; x_wconf 83' lang='lat' dir='ltr'><strong>velit,</strong></span> <span class='ocrx_word' id='word_1_101' title='bbox 509 2950 699 3028; x_wconf 85' lang='lat' dir='ltr'><strong>pater</strong></span> <span class='ocrx_word' id='word_1_102' title='bbox 731 2930 945 3001; x_wconf 80' lang='lat' dir='ltr'><strong>nolit?</strong></span> <span class='ocrx_word' id='word_1_103' title='bbox 980 2931 1336 3029; x_wconf 84' lang='lat' dir='ltr'><strong>profiteor,</strong></span> <span class='ocrx_word' id='word_1_104' title='bbox 1372 2949 1669 3001; x_wconf 87' lang='lat' dir='ltr'><strong>mortem</strong></span> <span class='ocrx_word' id='word_1_105' title='bbox 1709 2954 1822 3000; x_wconf 90' lang='lat' dir='ltr'><strong>me</strong></span> <span class='ocrx_word' id='word_1_106' title='bbox 1862 2928 1988 2999; x_wconf 90' lang='lat' dir='ltr'><strong>filii</strong></span> <span class='ocrx_word' id='word_1_107' title='bbox 2034 2929 2171 3000; x_wconf 88' lang='lat' dir='ltr'><strong>mei</strong></span> <span class='ocrx_word' id='word_1_108' title='bbox 2215 2953 2357 3000; x_wconf 85' lang='lat' dir='ltr'><strong>non</strong></span> 
     </span>
     <span class='ocr_line' id='line_1_21' title="bbox 263 3041 2361 3147; baseline -0.002 -29"><span class='ocrx_word' id='word_1_109' title='bbox 263 3046 566 3147; x_wconf 88' lang='lat' dir='ltr'><strong>quidem</strong></span> <span class='ocrx_word' id='word_1_110' title='bbox 586 3042 792 3130; x_wconf 87' lang='lat' dir='ltr'><strong>velle,</strong></span> <span class='ocrx_word' id='word_1_111' title='bbox 817 3042 938 3114; x_wconf 85' lang='lat' dir='ltr'><strong>sed</strong></span> <span class='ocrx_word' id='word_1_112' title='bbox 956 3043 1184 3115; x_wconf 87' lang='lat' dir='ltr'><strong>malle.</strong></span> <span class='ocrx_word' id='word_1_113' title='bbox 1207 3046 1351 3114; x_wconf 82' lang='lat' dir='ltr'><strong>Vos</strong></span> <span class='ocrx_word' id='word_1_114' title='bbox 1373 3042 1661 3139; x_wconf 77' lang='lat' dir='ltr'><strong>cogitate</strong></span> <span class='ocrx_word' id='word_1_115' title='bbox 1679 3098 1698 3129; x_wconf 87' lang='lat'>,</span> <span class='ocrx_word' id='word_1_116' title='bbox 1726 3061 1990 3141; x_wconf 88' lang='lat' dir='ltr'><strong>quanto</strong></span> <span class='ocrx_word' id='word_1_117' title='bbox 2015 3041 2153 3113; x_wconf 86' lang='lat' dir='ltr'><strong>sint</strong></span> <span class='ocrx_word' id='word_1_118' title='bbox 2177 3043 2361 3115; x_wconf 89' lang='lat' dir='ltr'><strong>mala</strong></span> 
     </span>
     <span class='ocr_line' id='line_1_22' title="bbox 266 3154 2357 3258; baseline -0.002 -25"><span class='ocrx_word' id='word_1_119' title='bbox 266 3162 388 3234; x_wconf 87' lang='lat' dir='ltr'><strong>illa</strong></span> <span class='ocrx_word' id='word_1_120' title='bbox 421 3158 768 3258; x_wconf 77' lang='lat' dir='ltr'><strong>graviora,</strong></span> <span class='ocrx_word' id='word_1_121' title='bbox 806 3182 1105 3254; x_wconf 84' lang='lat' dir='ltr'><strong>quorum</strong></span> <span class='ocrx_word' id='word_1_122' title='bbox 1141 3177 1302 3229; x_wconf 85' lang='lat' dir='ltr'><strong>sunt</strong></span> <span class='ocrx_word' id='word_1_123' title='bbox 1333 3156 1541 3228; x_wconf 85' lang='lat' dir='ltr'><strong>etiam</strong></span> <span class='ocrx_word' id='word_1_124' title='bbox 1578 3154 1885 3228; x_wconf 89' lang='lat' dir='ltr'><strong>remedia</strong></span> <span class='ocrx_word' id='word_1_125' title='bbox 1918 3156 2245 3230; x_wconf 83' lang='lat' dir='ltr'><strong>crudelia.</strong></span> <span class='ocrx_word' id='word_1_126' title='bbox 2287 3158 2357 3228; x_wconf 90' lang='lat' dir='ltr'>O</span> 
     </span>
     <span class='ocr_line' id='line_1_23' title="bbox 271 3270 2357 3370; baseline -0.001 -22"><span class='ocrx_word' id='word_1_127' title='bbox 271 3275 417 3348; x_wconf 84' lang='lat' dir='ltr'><strong>fili!</strong></span> <span class='ocrx_word' id='word_1_128' title='bbox 476 3299 742 3346; x_wconf 89' lang='lat' dir='ltr'><strong>morere</strong></span> <span class='ocrx_word' id='word_1_129' title='bbox 794 3292 1214 3361; x_wconf 83' lang='lat' dir='ltr'><strong>constanter3</strong></span> <span class='ocrx_word' id='word_1_130' title='bbox 1257 3272 1363 3343; x_wconf 85' lang='lat' dir='ltr'><strong>fac</strong></span> <span class='ocrx_word' id='word_1_131' title='bbox 1411 3270 1540 3343; x_wconf 91' lang='lat' dir='ltr'><strong>hoc</strong></span> <span class='ocrx_word' id='word_1_132' title='bbox 1588 3270 1877 3363; x_wconf 67' lang='lat' dir='ltr'><strong>saltem,</strong></span> <span class='ocrx_word' id='word_1_133' title='bbox 1918 3272 2112 3370; x_wconf 86' lang='lat' dir='ltr'><strong>quasi</strong></span> <span class='ocrx_word' id='word_1_134' title='bbox 2162 3299 2357 3346; x_wconf 83' lang='lat' dir='ltr'><strong>meus</strong></span> 
     </span>
    </p>
   </div>
   <div class='ocr_carea' id='block_1_11' title="bbox 276 3391 482 3471">
    <p class='ocr_par' dir='ltr' id='par_1_11' title="bbox 276 3391 482 3471">
     <span class='ocr_line' id='line_1_24' title="bbox 276 3391 482 3471; baseline 0.005 -9"><span class='ocrx_word' id='word_1_135' title='bbox 276 3391 482 3471; x_wconf 77' lang='lat' dir='ltr'><strong>filius.</strong></span> 
     </span>
    </p>
   </div>
   <div class='ocr_carea' id='block_1_12' title="bbox 271 3590 2361 4286">
    <p class='ocr_par' dir='ltr' id='par_1_12' title="bbox 271 3590 2361 4286">
     <span class='ocr_line' id='line_1_25' title="bbox 273 3590 2360 3667; baseline -0.001 -21"><span class='ocrx_word' id='word_1_136' title='bbox 273 3593 577 3647; x_wconf 87' lang='lat' dir='ltr'><strong>Obrechtus</strong></span> <span class='ocrx_word' id='word_1_137' title='bbox 619 3593 742 3664; x_wconf 74' lang='lat' dir='ltr'><strong>legit</strong></span> <span class='ocrx_word' id='word_1_138' title='bbox 777 3614 874 3667; x_wconf 86' lang='lat' dir='ltr'><strong>per</strong></span> <span class='ocrx_word' id='word_1_139' title='bbox 913 3596 1279 3665; x_wconf 75' lang='lat' dir='ltr'><strong>interrogatio·</strong></span> <span class='ocrx_word' id='word_1_140' title='bbox 1364 3617 1386 3641; x_wconf 72' lang='grc' dir='ltr'><strong><em>κ</em></strong></span> <span class='ocrx_word' id='word_1_141' title='bbox 1406 3593 1630 3657; x_wconf 83' lang='lat' dir='ltr'><strong>diceret,</strong></span> <span class='ocrx_word' id='word_1_142' title='bbox 1654 3593 1921 3646; x_wconf 86' lang='lat' dir='ltr'><strong>consuluit</strong></span> <span class='ocrx_word' id='word_1_143' title='bbox 1944 3605 2213 3659; x_wconf 75' lang='lat' dir='ltr'><strong>senatum,</strong></span> <span class='ocrx_word' id='word_1_144' title='bbox 2231 3590 2360 3664; x_wconf 84' lang='lat' dir='ltr'><strong>qnid</strong></span> 
     </span>
     <span class='ocr_line' id='line_1_26' title="bbox 274 3674 2359 3747; baseline -0.001 -20"><span class='ocrx_word' id='word_1_145' title='bbox 274 3694 425 3739; x_wconf 84' lang='lat' dir='ltr'><strong>nem,</strong></span> <span class='ocrx_word' id='word_1_146' title='bbox 458 3674 610 3727; x_wconf 80' lang='lat' dir='ltr'><strong>dolor</strong></span> <span class='ocrx_word' id='word_1_147' title='bbox 648 3675 877 3727; x_wconf 72' lang='lat' dir='ltr'><strong>orbitatis</strong></span> <span class='ocrx_word' id='word_1_148' title='bbox 894 3674 1154 3747; x_wconf 74' lang='lat' dir='ltr'><strong>facinoris</strong></span> <span class='ocrx_word' id='word_1_149' title='bbox 1188 3693 1277 3728; x_wconf 83' lang='lat' dir='ltr'><strong>ar·</strong></span> <span class='ocrx_word' id='word_1_150' title='bbox 1363 3696 1384 3720; x_wconf 76' lang='grc' dir='ltr'>ι</span> <span class='ocrx_word' id='word_1_151' title='bbox 1407 3675 1567 3726; x_wconf 82' lang='lat' dir='ltr'><strong>officii</strong></span> <span class='ocrx_word' id='word_1_152' title='bbox 1587 3677 1669 3725; x_wconf 78' lang='lat' dir='ltr'><strong>sui</strong></span> <span class='ocrx_word' id='word_1_153' title='bbox 1694 3686 1933 3745; x_wconf 83' lang='lat' dir='ltr'><strong>putaret:</strong></span> <span class='ocrx_word' id='word_1_154' title='bbox 1960 3676 2198 3726; x_wconf 84' lang='lat' dir='ltr'><strong>cunctari</strong></span> <span class='ocrx_word' id='word_1_155' title='bbox 2222 3675 2359 3724; x_wconf 85' lang='lat' dir='ltr'><strong>enim</strong></span> 
     </span>
     <span class='ocr_line' id='line_1_27' title="bbox 271 3751 2360 3831; baseline -0.003 -23"><span class='ocrx_word' id='word_1_156' title='bbox 271 3757 667 3831; x_wconf 70' lang='lat' dir='ltr'><strong>gueturP—Et</strong></span> <span class='ocrx_word' id='word_1_157' title='bbox 686 3759 729 3808; x_wconf 79' lang='lat' dir='ltr'><strong>si</strong></span> <span class='ocrx_word' id='word_1_158' title='bbox 746 3774 920 3831; x_wconf 74' lang='lat' dir='ltr'><strong>qrave.</strong></span> <span class='ocrx_word' id='word_1_159' title='bbox 941 3757 1039 3822; x_wconf 83' lang='lat' dir='ltr'><strong>At,</strong></span> <span class='ocrx_word' id='word_1_160' title='bbox 1057 3756 1102 3809; x_wconf 75' lang='grc' dir='ltr'><strong>εἰ</strong></span> <span class='ocrx_word' id='word_1_161' title='bbox 1118 3775 1278 3830; x_wconf 69' lang='lat' dir='ltr'><strong>grave</strong></span> <span class='ocrx_word' id='word_1_162' title='bbox 1362 3776 1386 3801; x_wconf 74' lang='grc' dir='ltr'><strong>σι</strong></span> <span class='ocrx_word' id='word_1_163' title='bbox 1407 3774 1491 3817; x_wconf 75' lang='lat' dir='ltr'><strong>se,</strong></span> <span class='ocrx_word' id='word_1_164' title='bbox 1515 3775 1610 3820; x_wconf 86' lang='lat' dir='ltr'><strong>ne,</strong></span> <span class='ocrx_word' id='word_1_165' title='bbox 1632 3756 1676 3807; x_wconf 81' lang='lat' dir='ltr'><strong>si</strong></span> <span class='ocrx_word' id='word_1_166' title='bbox 1703 3768 2029 3825; x_wconf 70' lang='lat' dir='ltr'><strong>superesset,</strong></span> <span class='ocrx_word' id='word_1_167' title='bbox 2058 3757 2261 3825; x_wconf 79' lang='lat' dir='ltr'><strong>eripere</strong></span> <span class='ocrx_word' id='word_1_168' title='bbox 2287 3751 2360 3803; x_wconf 85' lang='lat' dir='ltr'><strong>le·</strong></span> 
     </span>
     <span class='ocr_line' id='line_1_28' title="bbox 274 3829 2361 3903; baseline -0.004 -14"><span class='ocrx_word' id='word_1_169' title='bbox 274 3839 538 3900; x_wconf 73' lang='lat' dir='ltr'><strong>amittere,</strong></span> <span class='ocrx_word' id='word_1_170' title='bbox 563 3835 815 3890; x_wconf 82' lang='lat' dir='ltr'><strong>Obrecht.</strong></span> <span class='ocrx_word' id='word_1_171' title='bbox 1364 3856 1386 3880; x_wconf 77' lang='grc' dir='ltr'>ι</span> <span class='ocrx_word' id='word_1_172' title='bbox 1407 3832 1562 3903; x_wconf 74' lang='lat' dir='ltr'><strong>gibus</strong></span> <span class='ocrx_word' id='word_1_173' title='bbox 1600 3852 1779 3897; x_wconf 85' lang='lat' dir='ltr'><strong>reum,</strong></span> <span class='ocrx_word' id='word_1_174' title='bbox 1816 3834 1896 3885; x_wconf 78' lang='lat' dir='ltr'><strong>sin</strong></span> <span class='ocrx_word' id='word_1_175' title='bbox 1931 3832 2171 3896; x_wconf 79' lang='lat' dir='ltr'><strong>deesset,</strong></span> <span class='ocrx_word' id='word_1_176' title='bbox 2205 3829 2361 3884; x_wconf 80' lang='lat' dir='ltr'><strong>desti-</strong></span> 
     </span>
     <span class='ocr_line' id='line_1_29' title="bbox 355 3909 2359 3985; baseline -0.002 -20"><span class='ocrx_word' id='word_1_177' title='bbox 355 3909 398 3966; x_wconf 79' lang='lat' dir='ltr'><strong>i.</strong></span> <span class='ocrx_word' id='word_1_178' title='bbox 426 3914 647 3966; x_wconf 63' lang='lat' dir='ltr'><strong>Uxorem</strong></span> <span class='ocrx_word' id='word_1_179' title='bbox 669 3933 774 3968; x_wconf 81' lang='lat' dir='ltr'><strong>non</strong></span> <span class='ocrx_word' id='word_1_180' title='bbox 792 3915 1116 3985; x_wconf 75' lang='lat' dir='ltr'><strong>defendendo</strong></span> <span class='ocrx_word' id='word_1_181' title='bbox 1134 3915 1276 3967; x_wconf 70' lang='lat' dir='ltr'><strong>darh-</strong></span> <span class='ocrx_word' id='word_1_182' title='bbox 1364 3933 1386 3957; x_wconf 73' lang='grc' dir='ltr'>α</span> <span class='ocrx_word' id='word_1_183' title='bbox 1405 3925 1549 3962; x_wconf 84' lang='lat' dir='ltr'><strong>tuere</strong></span> <span class='ocrx_word' id='word_1_184' title='bbox 1602 3930 1664 3963; x_wconf 88' lang='lat' dir='ltr'><strong>ac</strong></span> <span class='ocrx_word' id='word_1_185' title='bbox 1719 3910 2080 3982; x_wconf 72' lang='lat' dir='ltr'><strong>praedamnare</strong></span> <span class='ocrx_word' id='word_1_186' title='bbox 2135 3910 2359 3961; x_wconf 82' lang='lat' dir='ltr'><strong>amicum</strong></span> 
     </span>
     <span class='ocr_line' id='line_1_30' title="bbox 277 3991 2099 4065; baseline -0.003 -18"><span class='ocrx_word' id='word_1_187' title='bbox 277 3995 427 4048; x_wconf 78' lang='lat' dir='ltr'><strong>uasti.</strong></span> <span class='ocrx_word' id='word_1_188' title='bbox 450 3995 664 4047; x_wconf 80' lang='lat' dir='ltr'><strong>Sueten.</strong></span> <span class='ocrx_word' id='word_1_189' title='bbox 692 3993 755 4045; x_wconf 89' lang='lat' dir='ltr'><strong>de</strong></span> <span class='ocrx_word' id='word_1_190' title='bbox 776 3996 1042 4063; x_wconf 72' lang='lat' dir='ltr'><strong>Augusto,</strong></span> <span class='ocrx_word' id='word_1_191' title='bbox 1061 4013 1177 4065; x_wconf 77' lang='lat' dir='ltr'><strong>cap.</strong></span> <span class='ocrx_word' id='word_1_192' title='bbox 1205 3994 1273 4047; x_wconf 81' lang='lat'><strong>56</strong></span> <span class='ocrx_word' id='word_1_193' title='bbox 1359 4016 1381 4038; x_wconf 73' lang='grc' dir='ltr'>ι</span> <span class='ocrx_word' id='word_1_194' title='bbox 1404 3993 1804 4045; x_wconf 71' lang='lat' dir='ltr'><strong>existimaretur.</strong></span> <span class='ocrx_word' id='word_1_195' title='bbox 1827 4015 1849 4039; x_wconf 70' lang='grc' dir='ltr'>ι</span> <span class='ocrx_word' id='word_1_196' title='bbox 1881 3991 2099 4042; x_wconf 71' lang='lat' dir='ltr'><strong>Senum.</strong></span> 
     </span>
     <span class='ocr_line' id='line_1_31' title="bbox 277 4071 2355 4145; baseline -0.001 -22"><span class='ocrx_word' id='word_1_197' title='bbox 277 4072 414 4124; x_wconf 82' lang='lat' dir='ltr'><strong>illius</strong></span> <span class='ocrx_word' id='word_1_198' title='bbox 461 4073 515 4123; x_wconf 86' lang='lat' dir='ltr'><strong>in</strong></span> <span class='ocrx_word' id='word_1_199' title='bbox 560 4072 699 4122; x_wconf 86' lang='lat' dir='ltr'><strong>vita:</strong></span> <span class='ocrx_word' id='word_1_200' title='bbox 749 4093 771 4115; x_wconf 73' lang='grc' dir='ltr'>ι</span> <span class='ocrx_word' id='word_1_201' title='bbox 792 4072 972 4137; x_wconf 86' lang='lat' dir='ltr'><strong>Quum</strong></span> <span class='ocrx_word' id='word_1_202' title='bbox 1011 4072 1274 4140; x_wconf 83' lang='lat' dir='ltr'><strong>Asprenas</strong></span> <span class='ocrx_word' id='word_1_203' title='bbox 1426 4088 1475 4123; x_wconf 79' lang='lat' dir='ltr'><strong>a.</strong></span> <span class='ocrx_word' id='word_1_204' title='bbox 1498 4072 1627 4123; x_wconf 80' lang='lat' dir='ltr'><strong>Jure</strong></span> <span class='ocrx_word' id='word_1_205' title='bbox 1647 4072 1767 4145; x_wconf 70' lang='lat' dir='ltr'><strong>egit.</strong></span> <span class='ocrx_word' id='word_1_206' title='bbox 1802 4073 1973 4142; x_wconf 71' lang='lat' dir='ltr'><strong>Lego,</strong></span> <span class='ocrx_word' id='word_1_207' title='bbox 1996 4071 2137 4143; x_wconf 75' lang='lat' dir='ltr'><strong>aqr‘t:</strong></span> <span class='ocrx_word' id='word_1_208' title='bbox 2166 4086 2355 4140; x_wconf 78' lang='lat' dir='ltr'><strong>nempe</strong></span> 
     </span>
     <span class='ocr_line' id='line_1_32' title="bbox 286 4150 2355 4223; baseline 0 -22"><span class='ocrx_word' id='word_1_209' title='bbox 286 4172 307 4196; x_wconf 78' lang='grc' dir='ltr'><strong>σι</strong></span> <span class='ocrx_word' id='word_1_210' title='bbox 328 4153 533 4203; x_wconf 79' lang='lat' dir='ltr'><strong>Nonius</strong></span> <span class='ocrx_word' id='word_1_211' title='bbox 548 4151 739 4203; x_wconf 70' lang='lat' dir='ltr'><strong>arctim</strong></span> <span class='ocrx_word' id='word_1_212' title='bbox 756 4151 802 4202; x_wconf 85' lang='lat' dir='ltr'><strong>ei</strong></span> <span class='ocrx_word' id='word_1_213' title='bbox 815 4151 1046 4220; x_wconf 82' lang='lat' dir='ltr'><strong>junctus,</strong></span> <span class='ocrx_word' id='word_1_214' title='bbox 1061 4167 1274 4202; x_wconf 68' lang='lat' dir='ltr'><strong>cauum</strong></span> <span class='ocrx_word' id='word_1_215' title='bbox 1355 4167 1414 4204; x_wconf 77' lang='lat' dir='ltr'><strong>ut</strong></span> <span class='ocrx_word' id='word_1_216' title='bbox 1434 4151 1536 4205; x_wconf 81' lang='lat' dir='ltr'><strong>sibi</strong></span> <span class='ocrx_word' id='word_1_217' title='bbox 1559 4151 1685 4204; x_wconf 86' lang='lat' dir='ltr'><strong>duci</strong></span> <span class='ocrx_word' id='word_1_218' title='bbox 1706 4154 1901 4206; x_wconf 79' lang='lat' dir='ltr'><strong>serviat</strong></span> <span class='ocrx_word' id='word_1_219' title='bbox 1922 4170 1985 4204; x_wconf 79' lang='lat' dir='ltr'><strong>ex</strong></span> <span class='ocrx_word' id='word_1_220' title='bbox 2007 4150 2122 4222; x_wconf 70' lang='lat' dir='ltr'><strong>lege</strong></span> <span class='ocrx_word' id='word_1_221' title='bbox 2145 4151 2355 4223; x_wconf 75' lang='lat' dir='ltr'><strong>specio·</strong></span> 
     </span>
     <span class='ocr_line' id='line_1_33' title="bbox 286 4230 2225 4286; baseline -0.001 -4"><span class='ocrx_word' id='word_1_222' title='bbox 286 4252 310 4277; x_wconf 75' lang='lat' dir='ltr'><em>n</em></span> <span class='ocrx_word' id='word_1_223' title='bbox 330 4233 564 4285; x_wconf 79' lang='lat' dir='ltr'><strong>veneficii</strong></span> <span class='ocrx_word' id='word_1_224' title='bbox 583 4243 865 4285; x_wconf 71' lang='lat' dir='ltr'><strong>accusante</strong></span> <span class='ocrx_word' id='word_1_225' title='bbox 883 4231 1066 4285; x_wconf 82' lang='lat' dir='ltr'><strong>Cassio</strong></span> <span class='ocrx_word' id='word_1_226' title='bbox 1085 4230 1273 4285; x_wconf 80' lang='lat' dir='ltr'><strong>Severo</strong></span> <span class='ocrx_word' id='word_1_227' title='bbox 1355 4248 1444 4285; x_wconf 80' lang='lat' dir='ltr'><strong>sus</strong></span> <span class='ocrx_word' id='word_1_228' title='bbox 1466 4230 1776 4285; x_wconf 82' lang='lat' dir='ltr'><strong>adolescens</strong></span> <span class='ocrx_word' id='word_1_229' title='bbox 1798 4232 2053 4286; x_wconf 79' lang='lat' dir='ltr'><strong>desertor.</strong></span> <span class='ocrx_word' id='word_1_230' title='bbox 2080 4232 2225 4284; x_wconf 78' lang='lat' dir='ltr'><strong>Pm.</strong></span> 
     </span>
    </p>
   </div>
  </div>
 </body>
</html>
