3200 5117
696 540 815 606 188
1200 535 1296 603 M.
1343 537 1591 603 FABII
1637 532 2270 644 QUINTlLtANl

690 688 823 733 nea
851 681 987 732 est:
1016 659 1230 732 habes
1261 660 1634 759 parasitum
1654 716 1673 748 ,
1701 680 1767 731 et
1793 685 2001 732 causa
2028 654 2388 730 occidendi
2412 654 2781 728 manifesta

692 797 825 865 est;
866 776 1141 849 coheres
1171 803 1238 847 es
1270 775 1533 863 fratris3
1568 774 1828 847 occasio
1860 773 2128 873 adjuvit
2159 773 2528 845 consilium
2547 829 2567 862 ,
2601 771 2783 843 intra

694 891 865 962 fines
891 889 1112 962 occidi
1139 911 1394 988 potest:
1424 891 1738 962 minister
1756 916 1900 961 non
1926 889 2177 976 defuit,
2204 888 2538 987 parasitus
2564 887 2637 958 in
2662 908 2784 959 tua

692 1027 1018 1107 potestate
1049 1026 1165 1079 est.
1200 1007 1460 1079 Caetera
1475 1031 1633 1077 vero
1664 1006 1776 1077 cui
1807 1032 1948 1076 non
1977 1005 2189 1076 etiam
2221 1004 2582 1076 manifesta
2608 1000 2784 1075 sint?

692 1123 1028 1221 parasitus
1047 1121 1195 1193 sine
1224 1142 1340 1192 tua
1359 1123 1708 1194 voluntate
1729 1120 2092 1192 conviciari
2114 1119 2304 1192 fratri
2325 1140 2443 1191 tuo
2465 1114 2785 1190 auderet?

692 1237 910 1310 homo
944 1237 1016 1310 in
1047 1237 1515 1310 adulationem
1548 1257 1787 1328 natus,
1817 1236 2069 1327 homo,
2101 1235 2301 1336 cujus
2328 1238 2590 1308 famem
2624 1255 2783 1306 tan-

692 1375 844 1426 tum
877 1374 952 1425 tu
988 1353 1326 1452 propitius
1357 1353 1794 1442 differebas1,
1838 1378 1982 1423 non
2019 1352 2294 1426 fecisset
2327 1352 2603 1449 utique,
2644 1378 2783 1448 quo

692 1488 756 1539 te
786 1488 1061 1568 putaret
1088 1467 1374 1540 offendi.
1401 1467 1717 1539 Dormis:
1744 1467 1876 1539 hoc
1903 1467 2032 1539 tibi
2064 1467 2136 1538 in
2169 1466 2529 1566 praesentia
2554 1465 2785 1538 creda-

694 1581 846 1655 tur?
873 1610 1016 1654 non
1048 1584 1335 1682 putabat
1362 1583 1487 1655 tibi
1516 1610 1715 1682 posse
1745 1582 2106 1655 nunciati?
2136 1604 2201 1656 et
2226 1606 2462 1656 tamen
2493 1581 2783 1655 incredi-

694 1696 835 1768 bile
861 1717 989 1785 est,
1019 1718 1085 1769 te
1115 1696 1442 1768 dormisse
1473 1696 1605 1769 hoc
1631 1697 1976 1797 tempore,
2012 1697 2143 1769 hoc
2171 1696 2356 1770 loco:
2391 1695 2785 1769 convivium

698 1829 877 1900 erat,
913 1831 979 1883 et
1010 1811 1214 1911 quale
1243 1811 1681 1884 convivium?
1711 1813 1917 1884 frater
1943 1812 2270 1884 invitatus
2299 1838 2314 1883 :
2358 1811 2451 1882 ita
2478 1811 2596 1883 ille
2626 1837 2789 1883 con-

695 1924 927 1997 viciari
948 1953 1153 1998 ausus
1171 1926 1436 2017 fuisset,
1459 1925 1515 1998 si
1537 1947 1602 1998 te
1622 1948 1979 1999 amantem
1996 1927 2220 1999 fratris
2231 1924 2547 1999 vidisset?
2561 1926 2787 1999 Credo

698 2043 1084 2143 parasitum
1107 2044 1317 2117 etiam
1338 2043 1700 2118 insultasse
1720 2045 2013 2117 fortunae
2034 2044 2159 2117 filii
2180 2045 2356 2117 mei:
2381 2066 2528 2117 tace
2543 2102 2562 2134 ,
2585 2044 2787 2136 dixit,

576 2226 596 2245 ,
699 2157 888 2230 exsul
917 2159 1353 2259 :.parasitus,
1397 2161 1646 2252 homo,
1690 2181 1895 2260 puto,
1940 2162 2060 2259 qui
2104 2160 2605 2234 contumeliam
2644 2187 2792 2232 non

606 3417 615 3424 ,
708 3362 809 3414 bat.
835 3364 929 3415 Vix
955 3364 1062 3418 baec
1086 3368 1271 3437 capio:
1304 3386 1371 3419 an
1395 3368 1676 3440 legendum
1694 3404 1712 3434 ‚

697 2274 996 2364 ferebat,
1027 2297 1209 2366 tace,
1239 2277 1428 2349 exsul
1457 2305 1472 2348 ε
1506 2304 1755 2378 parum
1787 2277 1980 2350 enim
2009 2304 2175 2351 eum
2198 2279 2494 2378 graviter
2519 2297 2789 2376 torque-

648 2391 667 2408 “
700 2390 823 2461 bat
871 2389 1018 2463 sola
1067 2392 1348 2465 fortuna
1368 2407 1429 2482 ²,
1487 2419 1738 2490 parum
1791 2393 1984 2465 enim
2030 2392 2327 2492 graviter
2374 2393 2794 2465 irascebatur

700 2505 909 2578 errori
929 2562 947 2596 ,
984 2506 1119 2578 nisi
1151 2507 1358 2579 etiam
1388 2507 1726 2607 parasitus
1759 2507 2156 2607 objecisset:
2192 2532 2335 2578 non
2367 2506 2636 2578 fecisset
2661 2506 2793 2577 hoc

702 2648 865 2719 ergo
894 2641 960 2692 te
988 2622 1227 2694 invito.
1256 2626 1431 2696 Puta
1463 2644 1700 2695 tamen
1730 2623 1969 2695 cadere
2001 2623 2186 2695 hanc
2221 2623 2291 2694 in
2325 2621 2643 2693 animum
2672 2646 2790 2719 pa-

704 2735 888 2808 rasiti
931 2736 1528 2835 indignationem:
1566 2738 1745 2811 illud
1788 2759 1964 2811 certe
1998 2740 2073 2810 in
2114 2765 2348 2811 casum
2393 2762 2531 2808 non
2571 2735 2788 2826 cadit,

702 2850 891 2949 quod
924 2850 1196 2949 gladius
1224 2852 1299 2923 in
1328 2851 1626 2926 triclinio
1651 2852 1880 2924 fuerit.
1908 2851 2134 2924 Multa
2157 2878 2308 2952 quae
2334 2848 2603 2948 singula
2626 2847 2793 2921 acci·

705 2965 864 3038 dere
887 2986 1207 3066 possunt,
1239 2966 1562 3041 universa
1592 2989 1774 3041 extra
1802 2991 2043 3039 casum
2067 2963 2299 3056 sunt3,
2329 2986 2404 3037 ut
2425 2962 2791 3037 conviciari

705 3078 1028 3178 incipiat,
1051 3080 1249 3182 cujus
1277 3080 1642 3155 occidendi
1659 3083 1776 3184 jus
1800 3081 2164 3157 habuerit:
2194 3080 2301 3182 adj
2314 3081 2413 3152 iee
2439 3078 2581 3167 his,
2617 3102 2696 3151 ut
2721 3100 2796 3151 tu

1863 3288 1914 3341 3.
1956 3290 2203 3341 Universa
2238 3296 2380 3338 extra
2417 3302 2626 3337 causam
2662 3295 2798 3337 ωηε.

1792 3370 2121 3435 Thaddaeus,
2156 3368 2392 3421 universa
2423 3375 2650 3420 extracta
2685 3365 2800 3418 sub-

785 3301 828 3336 1.
857 3287 1062 3338 Famem
1092 3299 1127 3340 t.
1153 3298 1188 3340 t.
1214 3290 1470 3362 propitius
1491 3288 1716 3362 differe-

708 3443 855 3512 cujus
883 3441 1091 3512 famem
1134 3456 1339 3497 tantum
1379 3458 1434 3498 tu
1469 3445 1715 3520 prodigus

707 3519 999 3593 differebas.
1039 3526 1152 3576 Hoc
1191 3545 1347 3579 sensu
1366 3564 1383 3592 ,
1426 3545 1583 3598 quem
1625 3540 1714 3577 tua

707 3598 1088 3672 profundendo
1112 3602 1316 3670 alebas,
1338 3619 1387 3657 et
1408 3608 1482 3657 ita
1501 3604 1714 3657 differe·

709 3678 805 3732 bas
822 3682 934 3750 ejus
950 3680 1160 3748 famem,
1178 3682 1451 3752 quasillum
1469 3702 1717 3754 pressura

710 3764 841 3827 erit,
872 3780 1039 3834 quum
1072 3775 1132 3813 tu
1166 3765 1343 3816 omnia
1376 3763 1717 3835 prodegeris,

712 3860 810 3892 nec
831 3839 1054 3912 amplius
1076 3841 1208 3913 quid
1225 3840 1452 3908 babeas,
1469 3861 1576 3914 quo
1597 3861 1714 3895 eum

713 3937 921 3989 pascas.
942 3920 1115 3971 Eunu.
1673 3973 1678 3980 ,

787 4014 835 4046 2.
855 3996 981 4048 Sola
989 3998 1393 4071 fortuna-Quia
1414 3998 1722 4070 imprudens

714 4074 887 4125 fuerat
919 4075 1291 4144 homicidium,
1326 4073 1406 4128 nati
1422 4076 1490 4143 ‚mi
1518 4077 1570 4128 ι’κ.
1595 4100 1721 4148 arfo-

716 4154 853 4209 νοίας·
883 4156 1025 4226 quod
1056 4159 1213 4211 etiam
1241 4173 1459 4232 postea,
1491 4179 1720 4214 errorem

717 4233 968 4307 apiiellat.
996 4239 1171 4291 AEnon.

1791 3462 1929 3503 sunt.
1951 3448 2104 3501 Unde
2129 3462 2308 3514 acute,
2329 3447 2480 3520 quod
2503 3447 2571 3498 ad
2595 3460 2804 3499 senten·

1793 3530 1917 3579 tiam
1936 3565 1952 3593 ‚
1986 3527 2322 3580 doctissimus
2361 3526 2632 3580 AErodius:
2680 3524 2800 3575 uni-

1795 3624 1934 3658 versa
1960 3606 2005 3657 si
2030 3615 2257 3672 exstent,
2284 3616 2511 3677 suspecta
2534 3612 2672 3655 sunt,
2698 3600 2803 3653 Sed

1795 3681 1898 3734 levi
1935 3685 2239 3753 conjectura
2274 3680 2507 3752 juvanda
2544 3678 2806 3732 Pithoeani

1798 3762 1998 3817 codicis
2022 3763 2179 3817 lectio
2199 3786 2210 3814 :
2238 3762 2442 3828 Multa,
2463 3778 2580 3833 quoe
2597 3761 2808 3836 singula

1797 3843 2020 3895 accidere
2037 3854 2276 3915 possunt,
2295 3842 2530 3892 universa
2554 3852 2698 3892 extra
2722 3858 2806 3892 ca-

1797 3940 1911 3973 sum
1935 3932 2070 3974 sunt.
2098 3921 2157 3973 ld
2182 3934 2260 3974 est
2275 3958 2293 3986 ,
2319 3930 2377 3970 ut
2398 3922 2642 3973 universa
2672 3938 2804 3971 con·

1800 4017 1990 4072 gruunt
2012 4015 2066 4054 et
2088 4013 2408 4056 concurrant
2432 4001 2488 4052 in
2512 3999 2652 4053 idem
2674 4012 2806 4050 tem-

1800 4103 1902 4156 pus
1918 4122 1934 4148 ,
1957 4103 2069 4137 non
2091 4102 2247 4137 casus
2262 4121 2279 4150 ,
2306 4080 2400 4135 sed
2428 4080 2638 4133 consilii
2657 4076 2804 4130 vide-

1802 4178 1905 4215 tur.
1926 4165 2090 4218 Grion.
2115 4165 2266 4216 Intra
2289 4181 2497 4216 causam
2520 4173 2653 4214 suat.
2680 4160 2801 4213 scu.

1800 4274 1873 4286 --
1899 4248 2146 4319 Incipiat.
2173 4243 2378 4298 Schult.
2404 4244 2454 4296 ei
2474 4240 2708 4314 incipiat.
