3200 5117
762 547 892 611 32o
1264 545 1357 610 M.
1404 544 1657 609 FABII
1699 543 2335 626 QUINTtLIANI

758 669 1060 742 femina.
1088 669 1348 741 Adsum
1372 669 1537 740 huic
1556 670 1869 740 feminae:
1898 669 2060 740 duxi
2088 695 2167 740 ex
2187 690 2305 741 tua
2321 677 2617 767 'persona
2642 696 2843 768 argu-

760 806 1116 872 mentum,
1160 784 1410 855 ducere
1448 809 1528 854 ex
1573 802 1802 854 nostra
1841 782 2022 853 volo.
2068 782 2240 854 Dico
2283 784 2474 856 hunc
2516 784 2842 855 animum

758 900 965 971 fuisse
985 898 1238 987 divitis,
1266 918 1342 970 ut
1363 897 1544 969 hanc
1567 899 1814 969 faceret
1835 896 2187 969 heredem.
2215 897 2436 998 Cujus
2461 898 2624 969 fidei
2651 924 2843 969 com-

759 1012 1054 1086 mittiv?
1086 1012 1418 1094 maritum
1448 1011 1710 1110 scripsit
1732 1010 2099 1083 heredem:
2129 1038 2289 1111 ergo
2316 1012 2371 1083 si
2399 1037 2626 1109 neque
2652 1012 2845 1084 inve-

757 1128 893 1201 niri
928 1155 1218 1227 persona
1254 1127 1850 1225 infirmior'potest
1879 1127 2127 1216 altera,
2161 1153 2317 1225 quae
2355 1126 2482 1199 tibi
2516 1127 2846 1227 subjicia-

756 1265 898 1335 tur,
951 1271 1165 1342 quam
1209 1243 1390 1333 haec;
1440 1268 1669 1343 neque
1713 1241 2128 1315 familiarior
2171 1241 2375 1331 huic,
2420 1270 2632 1339 quam
2675 1263 2837 1333 tua3

755 1357 1087 1430 credibile
1132 1379 1264 1449 est,
1312 1358 1569 1430 idcirco
1614 1358 1709 1429 sic
1754 1358 2087 1457 scriptum
2137 1383 2277 1428 esse
2321 1378 2834 1430 testamentum.

753 1473 1097 1563 Quaedam
1157 1494 1566 1573 argumenta
1626 1473 1838 1547 etiam
1891 1499 1971 1544 ex
2021 1472 2487 1545 incommodis
2543 1475 2843 1572 petenda

755 1602 994 1660 sunt2:
1029 1589 1238 1662 fuerit
1269 1615 1542 1662 necesse
1580 1609 1683 1662 est
1714 1588 1881 1660 ratio
1918 1588 2156 1687 aliqua
2188 1608 2258 1661 et
2287 1615 2526 1679 causa,
2561 1612 2839 1688 propter

755 1729 968 1814 quam
1019 1703 1205 1777 dives
1254 1731 1399 1778 non
1429 1704 1671 1804 'ipsam
1696 1760 1715 1794 ‚
1767 1703 1856 1775 ad
1905 1729 2120 1803 quam
2166 1702 2520 1803 pervenire
2564 1703 2838 1776 volebat

753 1816 1207 1891 hereditatem
1223 1872 1243 1906 ‚
1266 1817 1531 1916 scripsit
1552 1817 1917 1889 heredem:
1942 1816 2277 1889 obstiterit
2291 1838 2557 1916 oportet
2578 1818 2833 1915 pudor;

755 1958 897 2004 non
923 1932 1039 2005 ille
1067 1931 1522 2033 praetereundi
1552 1933 1853 2031 aliquem
1886 1931 2485 2031 propinquorum3
2515 1933 2838 2030 praeteriit

754 2047 941 2120 enim
972 2077 986 2119 :
1019 2075 1162 2121 non
1200 2048 1314 2120 ille
1346 2047 1692 2121 scribendi
1722 2047 2032 2146 aliquem
2065 2047 2473 2139 extrarium3
2502 2047 2833 2120 heredem

754 2165 940 2236 enim
972 2165 1237 2265 scripsit
1268 2166 1638 2238 extrarium
1668 2194 1681 2236 :
1720 2192 1862 2236 non
1884 2164 2016 2240 ,ille
2049 2165 2234 2236 bona
2265 2191 2390 2236 sua
2426 2167 2498 2237 in
2529 2165 2833 2264 aliquem

750 2279 1096 2351 humilem
1130 2280 1578 2369 demittendi;
1612 2280 1893 2352 demisit
1919 2279 2111 2352 enim
2141 2307 2154 2350 :
2195 2278 2535 2352 obstiterit
2565 2299 2834 2380 oportet

751 2393 1155 2467 familiarior
1178 2396 1410 2493 aliqua
1432 2421 1637 2467 causa
1662 2422 1846 2467 :uon
1872 2414 2136 2493 poterat
2155 2394 2345 2467 salvo
2366 2394 2629 2493 pudore
2650 2395 2832 2468 hanc

751 2510 1033 2581 scribere
1063 2511 1413 2585 heredem.
1450 2515 1690 2583 Postea
1711 2511 1905 2584 vohis
1940 2538 2217 2583 causam
2245 2510 2669 2583 verecundiae
2699 2511 2833 2582 hu-

740 2623 856 2724 jus
878 2627 1275 2723 approbabo
1294 2684 1312 2715 ‚
1339 2648 1571 2725 postea
1597 2626 1964 2699 scribentis
1989 2627 2309 2699 animum
2336 2655 2350 2697 :
2389 2625 2656 2697 interim
2686 2625 2823 2696 fuit

745 2738 1004 2838 aliquid
1025 2795 1044 2830 ,
1070 2739 1260 2838 quod
1284 2739 1581 2812 obstaret
1604 2739 1832 2828 diviti,
1859 2766 1999 2839 quo
2029 2740 2264 2839 minus
2292 2741 2470 2812 hanc
2501 2737 2821 2811 scriberet

746 2853 1097 2927 heredem.
1125 2857 1289 2946 Quo
1317 2857 1562 2928 merito
1580 2913 1598 2945 ‚
1632 2856 1893 2956 inquit,
1925 2878 2045 2929 tuo
2077 2879 2142 2929 te
2169 2858 2429 2956 scripsit
2451 2854 2817 2928 heredem?

743 2994 871 3042 vox
890 2971 1284 3042 communis
1304 2992 1402 3042 est
1420 2998 1433 3042 :
1458 2971 1705 3044 iisdem
1725 2971 1946 3043 verbis
1970 2972 2389 3071 interrogare
2412 2993 2476 3043 te
2501 2996 2782 3070 possum
2805 2997 2819 3040 ε

744 3085 913 3183 quid
941 3112 1284 3162 merueras
1302 3141 1321 3175 ‚
1348 3107 1425 3158 ut
1446 3108 1511 3158 te
1530 3086 1848 3159 scriberet
1867 3086 2236 3158 heredem?
2255 3086 2594 3184 quamdiu
2619 3085 2822 3158 etiam

743 3200 1020 3271 tertium
1050 3227 1192 3272 non
1222 3193 1536 3292 exhibes,
1569 3201 1683 3273 cui
1713 3200 2042 3273 debeatur
2071 3201 2446 3289 hereditas,
2490 3201 2665 3272 inter
2696 3226 2820 3271 nos

743 3314 1023 3410 quaestio
1050 3338 1167 3387 est.
1201 3317 1272 3387 Si
1303 3316 1762 3406 nominasses,
1795 3317 2075 3387 fortasse
2101 3335 2168 3387 et
2188 3313 2287 3386 illi
2319 3315 2651 3402 dicerem,
2682 3341 2821 3410 quo

743 3426 1036 3498 merito?
1076 3430 1194 3501 sed
1237 3457 1465 3528 neque
1511 3432 1832 3502 nominas
1872 3430 2101 3503 ullum
2139 3430 2551 3518 extrarium,
2592 3454 2818 3526 neque

740 3538 1088 3612 vindicare
1137 3543 1262 3615 tibi
1304 3566 1496 3642 potes
1535 3543 1989 3617 hereditatem
2027 3570 2043 3618 ε
2096 3543 2387 3643 proinde
2432 3542 2634 3615 nobis
2678 3569 2820 3614 res—

813 3718 858 3752 1.
901 3701 1052 3772 (bajus
1067 3699 1206 3774 fidei
1248 3705 1540 3757 committit.
1573 3706 1734 3756 Bere—
1815 3708 1960 3757 Prrn.
1999 3707 2074 3756 Ita
2106 3717 2159 3756 et
2186 3702 2264 3756 Gi.
2297 3700 2657 3772 Schultingius
2689 3719 2819 3752 ceu-

736 3779 850 3830 dem
887 3798 1028 3847 cujus
1057 3782 1236 3833 mariti
1255 3778 1394 3854 fidei
1426 3784 1730 3849 committit,
1815 3785 2133 3837 set—Non
2148 3781 2242 3836 ille
2261 3781 2554 3853 reperiundi
2567 3779 2816 3853 aliquem.

735 3864 880 3934 cujus
910 3861 1159 3913 maritum
1191 3882 1229 3915 s.
1267 3862 1317 3914 Ιι.
1355 3882 1520 3935 marg.
1552 3863 1730 3916 AErod.
1811 3864 1976 3932 Lege,
2015 3861 2373 3934 proetereundt'.
2417 3862 2597 3912 AEnon.
2641 3862 2716 3910 lta
2765 3870 2817 3910 et

732 3970 803 3983 --
846 3942 1013 4013 Quam
1057 3954 1166 3994 tua.
1218 3943 1388 4014 Quam
1434 3963 1567 3997 uxor
1606 3958 1729 4013 tua,
1811 3943 2012 3996 Schult.
2044 3957 2097 3995 et
2118 3941 2248 3996 obr.
2270 3971 2344 3981 —-
2367 3939 2611 4012 Aliquem
2638 3950 2811 3990 extm-

733 4021 915 4073 AErod.
947 4051 1014 4060 —
1046 4023 1133 4074 Sic
1163 4022 1407 4093 scriptum
1439 4042 1555 4077 esse.
1587 4024 1730 4094 Huic
1810 4023 1963 4074 rium.
2018 4021 2105 4073 At.
2155 4039 2234 4072 ex.
2284 4019 2517 4071 heredem
2554 4040 2569 4068 .-
2615 4014 2811 4087 scripsit

732 4100 972 4167 scn’ptum
992 4118 1105 4152 esse.
1128 4100 1344 4152 senum.
1808 4101 1948 4151 euim
1972 4109 2099 4150 extr.
2127 4096 2304 4151 AErod.
2329 4128 2402 4138 —
2427 4096 2671 4148 Tertium.
2696 4094 2805 4143 Ex-

805 4195 852 4229 2.
880 4180 1125 4248 Quoedam
1145 4193 1456 4254 argumenta
1474 4201 1518 4233 e.
1544 4200 1587 4232 e.
1615 4181 1650 4232 i.
1673 4199 1732 4251 p:
1810 4181 2025 4230 omium
2040 4217 2057 4243 ,
2082 4196 2245 4248 marg.
2272 4170 2812 4242 AErod.-Quamdt‘u

731 4274 769 4322 s.
799 4255 1059 4310 Videntur
1092 4258 1202 4312 haec
1232 4262 1413 4331 potius
1445 4260 1727 4314 Sermonis.
1810 4260 1989 4315 ctiam.
2019 4259 2283 4335 Quamdiu
2304 4259 2463 4312 enim.
2488 4254 2700 4309 Senon.
