3200 5117
738 522 1576 606 DECLAMArloNEs.
1622 526 1879 590 conv.
2267 537 2339 599 5ι

288 676 364 722 ac
400 651 452 722 si
486 647 819 748 praeclusa
851 645 996 718 haec
1035 645 1243 717 fuerit
1276 670 1469 743 spes,
1518 646 1706 743 quod
1753 649 2007 748 singuli
2040 651 2348 747 faciunt,

288 766 570 838 universi
602 762 1021 837 suadebunt.
1056 763 1222 832 Haec
1250 761 1586 852 dicerem,
1622 762 1826 834 etiam
1855 766 1911 837 si
1946 768 2124 841 nihil
2154 797 2236 842 ex
2265 772 2358 844 is-

288 880 362 951 tis
400 901 626 953 metus
667 898 878 951 esset:
924 903 1117 949 nunc
1159 901 1321 950 vero
1353 901 1497 947 non
1533 902 1815 974 possum
1851 906 1989 952 non
2037 887 2353 959 confiteri

286 996 822 1070 sollicitudinem
870 1017 1149 1083 meam3
1200 991 1469 1092 quoties
1523 992 1760 1065 oculos
1813 996 2241 1093 circumtuli,
2289 1027 2358 1078 et

287 1113 581 1211 singulas
613 1133 989 1184 castrorum
1018 1109 1303 1181 metior¹
1343 1129 1607 1207 partes,
1642 1134 1786 1180 non
1816 1110 2008 1185 aliter
2046 1143 2258 1214 quam
2300 1121 2358 1191 si

288 1227 539 1299 vallum
575 1226 786 1298 hostis
833 1224 1190 1315 invaserit,
1238 1222 1501 1316 alienos
1542 1221 1857 1318 habitus,
1901 1227 2131 1301 aliena
2172 1258 2363 1306 arma
2423 1305 2434 1317 ,

287 1342 515 1415 video:
564 1361 918 1414 versantur
956 1339 1141 1412 inter
1185 1338 1428 1409 domos
1471 1359 1775 1426 nostras»,
1828 1341 2008 1414 inter
2053 1347 2318 1446 templa
2344 1404 2363 1436 ,

286 1457 457 1529 inter
496 1483 772 1547 muros,
814 1456 890 1527 in
924 1453 1178 1526 mediis
1219 1451 1615 1552 reipublicae
1655 1454 2050 1532 visceribus.
2086 1461 2197 1531 An
2232 1461 2364 1533 ali-

285 1575 448 1674 quid
502 1575 673 1647 mali
719 1575 934 1646 velint
972 1573 1233 1664 facere,
1274 1591 1505 1671 postea
1555 1572 1789 1644 videro
1813 1603 1832 1662 3
1877 1575 2156 1649 interim
2200 1607 2363 1679 pos-

284 1713 460 1763 sunt.
499 1695 650 1790 Ego
692 1690 877 1763 istud
921 1686 1177 1760 credidi
1221 1684 1489 1758 scelus²
1534 1714 1753 1783 quum
1796 1715 1837 1760 a
1878 1690 2168 1790 singulis
2213 1722 2363 1795 spes

284 1827 377 1878 est
396 1865 414 1898 ,
445 1834 677 1907 quum
703 1834 743 1878 a
766 1805 1011 1903 paucis
1036 1829 1191 1901 spes
1211 1823 1347 1873 est:
1389 1828 1608 1900 quum
1635 1830 1675 1873 a
1698 1804 2017 1903 plurimis
2032 1809 2185 1909 jam
2211 1838 2366 1883 con-

283 1924 479 1995 sensi.
540 1925 823 1994 Novum
874 1918 1158 1990 hercule
1204 1943 1425 2016 genus
1465 1920 1667 1992 artis:
1718 1946 2222 2021 supervacuum
2272 1950 2368 2000 est

282 2039 654 2112 cuniculos
685 2035 921 2108 fodere
940 2092 960 2126 ,
997 2055 1065 2106 et
1095 2059 1218 2133 per
1243 2034 1542 2107 occultos
1573 2063 1813 2135 specus
1837 2039 2103 2140 ingenti
2132 2042 2366 2117 labore

279 2153 639 2227 exhaustis
663 2151 856 2223 terris
878 2207 897 2240 ,
928 2150 1000 2221 in
1026 2149 1333 2220 mediam
1358 2150 1589 2223 subito
1618 2179 1960 2252 emergere
1986 2157 2363 2232 civitatem:

280 2293 792 2369 supervacuum
819 2285 921 2338 est
954 2262 1295 2336 redimere
1327 2265 1755 2363 proditorem
1775 2325 1793 2359 ,
1824 2289 1891 2340 et
1922 2271 2138 2343 scelus
2168 2301 2370 2370 pecu-

283 2385 392 2455 nia
424 2381 715 2484 pacisci.
768 2380 1102 2451 Videntes
1143 2377 1373 2478 palam
1398 2436 1416 2469 ,
1451 2379 1675 2451 immo
1710 2380 2088 2478 gdudentes
2126 2385 2328 2456 etiam
2349 2445 2370 2473 ,

283 2500 682 2598 accepimus
729 2495 910 2567 intra
946 2494 1202 2566 viscera
1244 2493 1549 2565 hostem:
1596 2521 1717 2567 vos
1765 2498 2231 2589 aestimabitis,
2284 2528 2370 2573 an

283 2632 682 2714 suspectum
714 2609 1024 2682 debeatis
1046 2609 1335 2697 habere,
1370 2610 1557 2707 quod
1582 2609 1671 2680 ad
1701 2629 1972 2682 tantum
1997 2640 2375 2688 numerum

284 2756 398 2828 per
426 2728 747 2828 singulos
770 2745 1268 2826 pervenerunt:
1297 2750 1508 2795 nemo
1532 2723 1687 2795 illos
1712 2727 2105 2827 recepisset,
2136 2728 2192 2801 si
2223 2733 2374 2803 uni-

288 2847 455 2919 versi
495 2845 870 2924 venissent.
919 2843 1284 2912 Omnesne
1321 2839 1395 2911 hi
1434 2840 2008 2937 desperaverunt?
2042 2870 2373 2918 omnesne

287 2958 690 3033 consulere3
728 2985 806 3030 ac
837 2956 1218 3056 prospicere
1250 2954 1657 3026 voluerunt?
1684 2956 1949 3028 adeone
1983 2958 2251 3032 facilius
2282 2983 2379 3034 est

284 3076 747 3173 transfugere,
792 3098 1006 3170 quam
1040 3069 1323 3143 cadere?
1364 3072 1635 3142 Omnes
1685 3070 1761 3141 hi
1817 3071 2249 3170 reliquerunt
2300 3075 2373 3145 in

292 3187 559 3261 civitate
586 3186 919 3288 conjuges
943 3186 1015 3257 in
1044 3185 1433 3257 ludibrium
1459 3210 1537 3254 ac
1568 3183 2073 3255 contumeliam
2108 3204 2372 3281 eoru'm,

293 3303 422 3403 qui
467 3329 537 3373 se
568 3331 607 3375 a
644 3303 894 3376 scelere
938 3303 1243 3375 maximo
1279 3299 1512 3372 ulcisci
1552 3298 1812 3372 velint:
1862 3297 2382 3410 4manifestiore,

368 3550 414 3584 ι.
438 3531 652 3584 Melior.
676 3529 796 3584 Seii.
819 3532 1010 3599 oculis,
1025 3546 1085 3584 ut
1096 3535 1294 3585 Lucan.
1448 3529 1498 3595 4.
1544 3528 1918 3599 Mamfestiore.
1965 3531 2374 3604 Manifestiooem

292 3614 389 3678 VI,
416 3613 485 3666 32
508 3635 519 3664 :
556 3637 578 3661 ιι
600 3607 820 3666 Metitur
840 3628 1002 3667 terras
1027 3614 1211 3667 oculis.
1235 3639 1256 3662 ιι
1379 3607 1662 3681 quamdam
1687 3608 2030 3678 conjecturam
2056 3629 2238 3683 capere
2260 3628 2383 3683 pos-

364 3710 415 3744 2.
448 3693 652 3746 credidi
672 3692 849 3746 scelus.
878 3695 988 3759 An,
1017 3713 1136 3769 erqo
1170 3693 1305 3747 istud
1378 3707 1575 3756 sumus,
1603 3687 1714 3739 scil.
1741 3688 1809 3740 de
1833 3689 1912 3742 his
1939 3691 2255 3760 transfugis:
2282 3690 2385 3741 ho-

292 3790 404 3824 non
426 3774 626 3828 creditis
651 3773 842 3843 scelus,
866 3776 951 3828 vel
977 3775 1171 3827 credidi
1195 3795 1302 3828 sce-
1380 3770 1547 3819 mines
1572 3780 1696 3817 sunt
1720 3764 1899 3833 nihili,
1927 3771 2244 3838 ceteroquin
2270 3786 2386 3818 ma-

293 3850 410 3915 lus,
436 3867 543 3902 non
573 3870 734 3923 quum
760 3874 794 3905 a
816 3852 1040 3929 sinqulig
1057 3854 1305 3925 suspicio·
1386 3847 1590 3899 nitentis
1628 3848 1947 3914 conjecturis
1990 3845 2357 3916 colligeremus
2373 3885 2392 3912 ‚

292 3947 416 3995 nes,
456 3947 563 3981 non
592 3950 755 4002 quum
788 3953 819 3984 a
851 3934 1037 4006 paucis
1065 3953 1173 4005 spes
1203 3945 1305 3999 est,
1386 3944 1518 3979 num
1539 3926 1714 3977 minus
1729 3928 1839 3995 jam
1865 3929 2024 3978 animi
2043 3925 2286 3981 hostibus
2309 3946 2392 3981 es—

291 4009 382 4063 sed
412 4027 582 4082 quum
616 4029 649 4060 a
681 4011 929 4082 plurimis
944 4013 1066 4083 jam
1101 4031 1312 4065 consen-
1391 4023 1485 4062 set.
1505 4008 1724 4060 Senum.
1743 4009 1814 4059 Ut
1827 4010 2172 4081 conjecturum
2187 4029 2393 4082 capere,

293 4111 425 4144 mm,
455 4092 579 4145 Sca.
614 4093 787 4146 Locus
824 4092 1310 4166 depravatissimus,
1393 4090 1467 4138 ita
1509 4100 1562 4138 et
1600 4089 1889 4159 conjectura
1925 4106 2105 4160 capere
2137 4091 2266 4141 recti
2298 4091 2402 4142 dici

363 4171 419 4223 3.
452 4170 715 4225 omnenoe
745 4172 1025 4225 consulere.
1063 4172 1315 4226 Omrresne
1396 4182 1574 4241 potest
1608 4191 1619 4220 ι
1665 4173 1738 4221 ita
1780 4171 2072 4243 conjectura
2110 4173 2402 4246 percipere,

297 4250 387 4301 sien·
408 4250 695 4304 consulere.
722 4252 939 4306 scum.
1397 4252 1609 4318 Cicero,
1644 4271 1742 4324 pro
1767 4250 1996 4320 Milone,
2020 4272 2070 4324 9.
2087 4251 2184 4305 Vel
2207 4255 2404 4324 perspi·

2101 4343 2151 4408 4.
