3200 5117
758 564 885 642 400
1259 554 1352 620 Μ.
1402 556 1655 621 FABII
1702 549 2340 639 QUINTtLIANI

754 701 902 752 tus:
931 698 1053 752 aut
1072 677 1175 749 illi
1197 679 1475 750 fortasse
1496 677 1826 776 pretium,
1849 677 2072 749 excisa
2090 677 2438 765 virilitate,
2460 692 2474 721 ¹
2488 678 2854 777 producet:

689 835 697 842 =
754 817 873 868 aut
915 795 1007 867 ob
1052 793 1345 868 infelicis
1389 793 1829 865 contumeliae
1873 819 2095 865 annos
2140 793 2407 866 venibit
2450 794 2522 865 in
2565 795 2858 893 aliquod

753 910 1071 1010 lupanar.
1106 912 1235 980 Res
1260 930 1360 980 est
1386 907 1588 979 nobis
1613 934 1774 978 cum
1806 907 2132 996 homine,
2157 908 2279 1006 qui
2307 935 2450 979 non
2477 909 2852 1001 erubescit3

756 1026 937 1098 nihil
962 1039 1292 1098 reservat²
1314 1055 1332 1114 ;
1355 1024 1565 1096 etiam
1591 1023 1980 1122 periculose
2004 1049 2245 1095 avarus
2267 1043 2399 1109 est;
2430 1051 2602 1120 quos
2623 1025 2855 1099 cultus

760 1142 1087 1242 accipiet,
1108 1142 1229 1240 qui
1258 1160 1649 1239 praetextam
1680 1139 1965 1211 habuit?
1991 1142 2139 1237 Ego
2162 1140 2356 1212 vobis
2389 1140 2613 1238 allego
2647 1143 2852 1214 etiam

760 1259 992 1358 ipsum
1020 1256 1194 1327 illud
1225 1263 1490 1328 sacrum
1520 1275 1996 1354 praetextatum
2014 1312 2033 1344 ‚
2062 1282 2200 1351 quo
2225 1255 2604 1328 sacerdotes
2626 1257 2855 1328 velan-

757 1395 894 1461 tur,
922 1399 1063 1468 quo
1088 1371 1518 1470 magistratus
1535 1427 1554 1460 ‚
1579 1397 1721 1468 quo
1742 1370 2224 1442 infirmitatem
2249 1371 2565 1469 pueritiae
2587 1398 2850 1443 sacram

759 1488 1056 1561 facimus
1074 1544 1093 1576 ,
1128 1513 1204 1557 ac
1228 1484 1719 1558 venerabilem.

762 1761 1013 1784 m
1024 1761 2368 1784 mmmmmmmmmm

1548 1966 2045 2041 CCCXLI.

1044 2201 1170 2272 Res
1182 2201 1458 2298 furtiva
1492 2194 1886 2294 improsessa
1916 2194 2107 2293 apud
2128 2190 2553 2293 publicanos,

754 2407 935 2483 ‘2⁰00
969 2424 1108 2478 Qms
1146 2425 1259 2466 PER
1298 2422 1669 2464 PUBLtcANos
1710 2419 2132 2461 tMPRoFESSUM
2173 2421 2660 2476 TRANSTULEmT,
2693 2424 2846 2464 COM-

837 2526 1065 2566 Missum
1089 2527 1201 2566 srr.
1227 2506 1500 2583 Quidam
1526 2525 1654 2564 rem
1676 2502 1968 2561 furtivam
1991 2498 2302 2560 transtulit
2326 2521 2433 2581 per
2450 2501 2847 2581 publicanos,

835 2624 965 2664 non
998 2604 1303 2684 professus
1336 2585 1485 2664 esf-³:
1523 2599 1897 2682 deprehensa
1935 2620 2023 2660 res
2057 2611 2144 2657 est
2203 2596 2523 2658 Publiceni
2555 2618 2692 2657 cum
2724 2600 2847 2660 do-

836 2703 1010 2762 mino
1026 2701 1439 2761 contendunt:
1460 2700 1552 2760 illi
1572 2713 1895 2780 tamquam
1914 2698 2306 2758 commissam
2321 2717 2442 2757 rem
2455 2690 2806 2755 hvindicant
2819 2719 2837 2756 ε

836 2800 938 2859 ille
963 2814 1283 2881 tamquam
1307 2820 1503 2860 suam.

1456 2935 2149 3053 DECLAMATIO.

851 3147 1027 3218 Rem
1053 3171 1193 3216 non
1218 3145 1593 3244 professam
1619 3144 1807 3245 apud
1833 3171 1958 3215 nos
1979 3164 2329 3214 tenemus:
2354 3143 2487 3215 hoc
2499 3141 2616 3245 jus
2639 3141 2845 3242 quale

834 3337 876 3372 1.
904 3320 1136 3373 Pretium
1157 3322 1423 3393 producet.
1452 3323 1510 3375 ld
1534 3336 1613 3375 cst
1630 3364 1645 3390 ‚
1669 3344 1759 3376 ex-

756 3392 956 3456 tendet,
979 3406 1035 3443 ut
1053 3395 1244 3445 Justin.
1268 3396 1367 3458 xl,
1389 3397 1448 3462 4,
1467 3396 1515 3446 8.
1536 3396 1609 3447 lta
1632 3397 1759 3449 Sue—

758 3482 867 3519 ton.
895 3471 1026 3538 Aug.
1059 3488 1182 3522 102:
1218 3492 1240 3516 α
1262 3473 1559 3525 producere
1588 3474 1760 3544 legata

764 3546 874 3598 -ad
914 3551 1093 3600 vicena
1138 3554 1393 3604 sestertia.
1416 3577 1438 3601 ι
1480 3555 1649 3605 Bona.
1687 3584 1762 3594 -·-

754 3627 941 3678 Excisa
972 3627 1231 3681 virilitate.
1254 3631 1383 3681 Vide
1414 3632 1480 3683 ad
1510 3636 1633 3684 lust.
1665 3631 1755 3686 lib.

754 3707 805 3769 Ι,
830 3724 948 3776 cap.
979 3723 1068 3769 ιο,
1091 3709 1138 3774 S.
1174 3711 1267 3771 18;
1294 3723 1345 3760 et
1368 3713 1432 3771 V,
1460 3727 1550 3775 12,
1573 3710 1661 3762 31.

828 3805 874 3838 2.
891 3787 1048 3839 Nihil
1063 3801 1292 3841 reservat.
1318 3791 1452 3843 Mire
1471 3810 1575 3842 rem
1593 3805 1759 3846 servat

756 3885 798 3917 e.
814 3886 870 3938 p.
886 3888 935 3918 a.
962 3868 1229 3937 Quos,·vel‚
1244 3871 1372 3921 mire
1392 3890 1466 3924 res
1481 3884 1645 3924 servat
1660 3895 1674 3923 .·
1690 3886 1756 3925 et.

750 3965 805 4016 p.
835 3966 884 3998 a.
916 3960 1002 3999 est.
1034 3950 1150 4001 Scn.
1181 3950 1254 4000 Et
1266 3953 1386 4020 jam
1413 3952 1754 4021 periculosus,

756 4029 861 4078 AEr.
874 4032 1131 4100 —Ipsum
1150 4029 1299 4083 illud.
1316 4032 1477 4084 Deest
1493 4033 1632 4084 illud
1645 4035 1756 4104 Rip.

825 4107 876 4158 3.
902 4111 1027 4161 Non
1052 4111 1309 4182 professus
1337 4123 1423 4164 est.
1454 4116 1575 4165 Haec
1600 4114 1757 4166 verba

755 4196 931 4253 potest
966 4186 1181 4258 aliquis,
1218 4208 1325 4240 non
1364 4194 1628 4258 auctoris,
1665 4193 1757 4245 sed

756 4261 1081 4333 interpretis,
1106 4280 1308 4336 putare.
1336 4270 1471 4320 Nam
1494 4273 1671 4341 ipsum
1696 4272 1757 4323 il·

1839 3320 1959 3384 lud,
1990 3321 2263 3391 trajecisse,
2293 3319 2607 3372 transtulisse
2628 3337 2725 3392 per
2742 3339 2846 3391 pu·

1840 3398 2096 3464 blicanos,
2131 3413 2208 3450 est
2237 3418 2346 3451 non
2382 3400 2680 3468 professum
2712 3417 2843 3450 esse.

1841 3477 1925 3528 Sic
1946 3490 1998 3528 et
2019 3477 2164 3528 Decl.
2186 3477 2455 3530 CCCLIX:
2486 3501 2507 3522 «-
2528 3476 2846 3528 publicanus

1845 3577 1868 3601 ι
1887 3555 2056 3606 noluit
2073 3570 2244 3607 scruta
2254 3553 2614 3608 ri.Translatis
2631 3573 2845 3607 manum

1844 3655 1866 3679 κ
1887 3635 2083 3704 injecit.
2107 3659 2128 3682 ιο
2158 3637 2388 3688 Gnonov.

1910 3714 1958 3781 4.
1987 3714 2083 3768 uli
2107 3729 2370 3788 tamquam
2395 3717 2716 3770 commissam
2739 3733 2841 3768 rem

1839 3793 2118 3846 vindicant.
2148 3798 2277 3862 Quae
2303 3793 2392 3845 hic
2420 3813 2516 3866 pro
2548 3794 2842 3865 publicanis

1837 3870 2118 3937 dicuntur,
2149 3871 2495 3943 probabiliter
2526 3888 2580 3924 et
2615 3873 2845 3925 oratorie

1839 3949 2104 4004 dicuntur.
2144 3955 2398 4005 Ceterum
2436 3951 2541 4003 alio
2577 3956 2697 4023 jure
2739 3953 2843 4002 uti-

1840 4049 1976 4095 mur,
1989 4031 2073 4083 vel
2095 4035 2137 4084 si
2157 4051 2237 4085 res
2262 4033 2448 4084 Furtiva
2471 4050 2580 4083 non
2599 4034 2683 4084 sit.
2707 4033 2844 4083 Nam

1838 4112 2074 4180 iniquum
2104 4126 2207 4177 est,
2232 4112 2504 4163 dominum
2533 4130 2589 4163 re
2617 4129 2711 4164 sua
2738 4113 2847 4181 pri-

1836 4189 1981 4254 vari,
2019 4190 2221 4260 absque
2262 4191 2406 4241 facto
2444 4203 2495 4241 et
2532 4187 2690 4260 culpa
2726 4207 2842 4240 sua.

1836 4272 2029 4326 Paulus
2059 4277 2135 4327 tit.
2165 4274 2232 4327 de
2258 4274 2503 4358 publica:
2540 4299 2562 4322 ιι
2582 4276 2843 4327 Dominus
