3200 5117
722 574 850 643 338
1221 570 1317 634 M.
1365 566 1618 631 FABII
1664 564 2308 649 QUINTILIANI

719 699 899 788 Quoe
945 714 1114 767 tunc
1164 717 1486 790 responsa
1531 687 1811 788 petituri
1859 686 2149 759 sumus?
2189 685 2379 785 quod
2433 699 2452 732 ¹
2476 687 2817 762 auxilium

716 809 1073 899 homines,
1102 805 1224 906 qui
1253 805 1438 877 hanc
1470 830 1751 902 quoque
1782 800 1909 872 diis
1938 800 2456 873 immortalibus
2481 800 2815 902 injuriam

717 923 1019 998 facimus
1035 978 1055 1013 ,
1090 940 1170 991 ut
1194 918 1564 990 videantur
1590 916 1882 989 salutare
1911 914 2087 987 illud
2121 914 2510 1015 reipublicae
2537 943 2817 1017 respon·

715 1067 875 1116 sum
905 1064 1028 1138 pro
1060 1059 1356 1135 tyranno
1390 1031 1700 1106 dedisse?

715 1331 1679 1359 mmmmmvmm
1686 1327 2266 1352 mmmmmm
2270 1327 2555 1350 mmm
2562 1327 2654 1349 m
2663 1327 2814 1349 um

993 1367 1006 1378 ⁵
2014 1369 2025 1380 Ο

1495 1530 2038 1609 CCCXXX.

1009 1764 1454 1839 Abdicandus
1480 1766 1604 1865 qui
1632 1759 1755 1834 alit
1785 1760 2172 1834 adulteram
2204 1776 2510 1832 matrem.

721 1949 998 2031 Crimine
1019 1965 1304 2027 adulterii
1324 1963 1673 2047 repudiavit
1695 1962 1954 2046 quidam
1976 1961 2264 2041 uxorem,
2290 1985 2361 2025 ex
2384 1983 2505 2045 qua
2521 1960 2817 2045 juvenem

798 2065 1068 2128 habehat
1089 2063 1325 2124 filium:
1357 2061 1711 2124 adolescens
1732 2062 1983 2140 accessit
2008 2061 2085 2122 ad
2105 2075 2346 2145 patrem
2361 2106 2379 2137 ,
2401 2074 2462 2121 et
2486 2062 2598 2137 ait,
2623 2063 2819 2123 amari

800 2186 838 2224 a
882 2184 943 2223 se
982 2162 1381 2223 meretricem.
1423 2161 1609 2222 Dedit
1646 2160 1973 2244 pecuniam
2018 2158 2108 2218 illi
2151 2172 2361 2242 pater:
2413 2158 2516 2218 ille
2558 2171 2818 2220 matrem

801 2273 1080 2341 egentem
1101 2257 1266 2320 alere
1287 2258 1503 2340 coepit,
1527 2271 1698 2344 patre
1724 2259 2077 2339 ignorante:
2107 2256 2408 2340 comperit
2432 2269 2627 2340 pater,
2653 2270 2713 2316 et
2736 2255 2817 2315 ob

802 2355 923 2420 hoc
949 2358 1194 2419 abdicat
1216 2356 1437 2418 filium.

1423 2540 2119 2609 DECLAMATIO.

823 2705 983 2775 Non
1015 2701 1300 2799 ignoro,
1339 2698 1842 2798 exspectatione
1870 2698 2184 2771 criminis
2226 2725 2336 2770 me
2377 2699 2685 2785 onerari,
2730 2725 2811 2770 ex

727 2813 860 2889 hoc
892 2815 1271 2915 praecipue‚
1297 2815 1486 2916 quod
1521 2814 1848 2887 abdicans
1874 2813 2245 2914 indulgens
2273 2833 2460 2916 pater
2478 2825 2541 2883 ²:
2579 2812 2812 2913 itaque

729 2961 820 3007 ne
852 2931 971 3004 illa
997 2931 1282 3032 quidem
1308 2932 1542 3008 ‚dicere
1560 2988 1580 3021 ‚
1610 2958 1763 3031 quae
1782 2931 1994 3004 ‘initio
2033 2930 2452 3004 defensionis
2480 2927 2820 3004 solemnia

730 3047 954 3123 caeteri
970 3046 1197 3119 haben
1206 3068 1256 3135 t,
1277 3073 1582 3146 possum.
1595 3046 1866 3147 Ecquid
1889 3047 2162 3145 peccavi
2177 3045 2604 3145 ³?numquid
2626 3047 2821 3122 luxu·

728 3164 942 3236 riatus
972 3162 1171 3234 sum?
1205 3162 1559 3262 numquid
1590 3161 1773 3235 bona
1810 3183 2097 3262 paterna
2128 3161 2571 3262 consumpsi?
2603 3189 2821 3234 num-

732 3279 901 3377 quid
926 3278 1358 3352 meretricem
1385 3277 1658 3352 amavi?
1680 3306 1842 3351 cum
1874 3305 1955 3351 eo
1984 3278 2161 3351 mihi
2188 3300 2376 3379 patre
2404 3305 2512 3351 res
2541 3300 2676 3369 est,
2701 3277 2820 3378 qui

731 3390 1139 3463 remissurus
1178 3391 1322 3463 haec
1362 3390 1517 3462 fuit.
1551 3392 1841 3463 Utinam
1887 3392 2247 3491 profutura
2294 3392 2427 3464 ista
2469 3393 2823 3491 frugalitas

735 3526 909 3582 esset
938 3505 1126 3605 apud
1158 3503 1463 3606 patrem!
1512 3533 1704 3581 nunc
1742 3508 1968 3580 omnis
1999 3508 2248 3611 judicii
2291 3535 2497 3583 scena
2512 3508 2569 3596 4,
2612 3535 2821 3581 omne

733 3619 1123 3723 periculum
1143 3646 1311 3692 meae
1332 3620 1690 3719 dignitatis
1714 3647 1795 3694 ex
1815 3622 1947 3693 hoc
1974 3623 2215 3712 oritur,
2236 3623 2423 3721 quod
2449 3625 2824 3722 pecuniam

814 3815 859 3852 ι.
878 3795 1029 3870 Quod
1039 3795 1313 3849 auxilium.
1329 3798 1511 3850 Potest
1524 3796 1741 3870 quidem
1818 3796 2039 3871 dulqens
2065 3812 2219 3871 pater
2245 3811 2332 3854 est.
2369 3801 2477 3854 Cur
2505 3820 2616 3853 non
2633 3839 2650 3867 ‚
2685 3800 2828 3874 quod

737 3881 908 3952 repeti
951 3878 1167 3952 petituri
1190 3901 1206 3930 .-
1255 3877 1351 3932 sed
1387 3893 1520 3952 puto
1564 3892 1742 3932 tamen
1820 3878 2041 3930 abdicat.
2067 3881 2231 3932 Gnou.
2256 3881 2368 3947 An,
2386 3879 2685 3932 abdicavit?
2704 3881 2820 3932 Suu.

737 3958 1067 4012 commodius
1093 3959 1240 4027 fore,
1266 3962 1310 4011 si
1335 3958 1552 4012 verbum
1579 3960 1744 4010 inter-
1818 3959 2074 4026 Abdicat,
2112 3959 2365 4014 Obrecht.
2398 3961 2660 4015 Abdicans
2695 3962 2729 4012 ι’.
2761 3978 2817 4030 p.

738 4038 925 4092 cidisse
940 4039 1247 4104 credamus,
1262 4053 1315 4093 et
1329 4038 1745 4112 legamuszquod
1820 4048 1909 4090 est.
1934 4040 2020 4090 Ita
2044 4059 2110 4090 ne
2132 4038 2259 4108 illa,
2282 4039 2461 4093 AErod.

738 4117 1000 4169 auxilium
1021 4117 1290 4190 speraturi.
1315 4120 1487 4172 Burin.
1683 4140 1687 4143 ’
1893 4118 1944 4172 3.
1965 4121 2185 4195 Ecquid.
2206 4125 2276 4175 Et
2292 4122 2437 4196 quid.
2468 4119 2643 4172 AErod.

813 4214 864 4248 2.
895 4199 1050 4268 Quod
1074 4199 1316 4253 abdicans
1346 4198 1621 4276 indulgens
1645 4218 1746 4272 pa-
1895 4200 1944 4267 4.
1974 4202 2156 4255 scena.
2187 4206 2304 4269 Aa„
2332 4203 2523 4273 poena?
2548 4197 2820 4252 Francius.

741 4285 833 4330 ter.
874 4278 1120 4332 AErodius
1144 4302 1156 4332 ε
1197 4282 1343 4352 quod
1377 4281 1621 4335 ahdicans
1662 4280 1746 4333 ιἠ-
1822 4278 1969 4333 Nihil
1996 4294 2160 4334 muta.
2186 4279 2305 4335 vid.
2333 4279 2480 4334 Deel.
2506 4276 2612 4344 IX,
2640 4293 2725 4329 ιο,
