3200 5117
762 397 791 420 Ψ
2455 411 2485 430 Q

847 517 1683 621 DECLAMA'rloNEs.
1732 554 1969 619 cccl.
2327 574 2455 642 209

367 706 520 778 quae
571 704 815 782 emere!
853 704 981 749 nos
1031 702 1368 776 pauperes
1424 701 1791 774 possumus
1826 704 1841 745 ε
1897 675 2167 749 coenasti
2222 697 2459 750 tamen

366 795 635 884 hilaris,
670 814 771 884 et,
806 814 883 865 ut
905 795 1006 864 vis
1029 792 1281 879 videri,
1317 792 1525 864 etiam
1555 791 1903 862 liberalius
1936 792 2193 865 bibisti.
2221 794 2457 883 Quare

364 932 602 984 tamen
646 908 966 982 invitavi?
1007 899 1345 1008 quoniam
1390 906 1853 1006 promerenda
1883 906 2086 977 nobis
2119 928 2218 979 est
2245 930 2463 980 vestra

366 1028 678 1126 potentia
695 1055 709 1097 ε
735 1025 930 1124 siqui
952 1052 1069 1097 me
1085 1023 1445 1096 detulisset
1461 1050 1662 1094 reum
1677 1080 1696 1112 ,
1719 1021 2150 1093 defenderes:
2170 1023 2225 1095 si
2246 1047 2462 1122 quam

364 1141 702 1245 injuriam
730 1142 1047 1214 timerem
1067 1198 1086 1228 ,
1123 1167 1435 1238 rogarem
1469 1160 1532 1212 te
1564 1166 1688 1238 per
1704 1137 1822 1239 jus
1857 1165 2110 1211 mensae
2144 1165 2462 1213 commu-

364 1259 517 1330 nis:
557 1284 699 1330 non
733 1278 832 1330 est
867 1257 1075 1356 igitur
1108 1256 1180 1326 in
1214 1256 1345 1328 hoc
1375 1252 1959 1351 circumscriptio,
1995 1253 2187 1352 quod
2218 1253 2308 1325 ad
2338 1280 2464 1326 coe-

364 1399 533 1446 nam
572 1372 849 1445 invitavi
881 1399 897 1443 :
936 1392 1174 1443 caetera
1212 1370 1452 1468 utique
1486 1368 1576 1440 ad
1609 1367 1881 1439 crimen
1914 1367 2285 1467 legemque
2316 1395 2463 1440 non

366 1489 733 1589 pertinent.
758 1488 1086 1586 Sequitur
1106 1513 1266 1585 ergo
1281 1542 1300 1576 ,
1326 1505 1406 1556 ut
1423 1484 1511 1556 sit
1530 1484 1926 1583 proximum
1948 1484 2211 1556 crimen
2232 1542 2251 1574 ,
2273 1485 2467 1582 quod

367 1599 441 1677 in
473 1605 855 1677 ministerio
886 1603 1093 1676 fuerit
1120 1602 1265 1673 filia
1296 1628 1453 1672 mea
1480 1629 1494 1671 ε
1539 1600 1792 1672 iterum
1822 1600 2257 1673 accusabitur
2285 1627 2464 1699 pau-

367 1740 617 1818 pertas.
650 1719 846 1810 Quid
877 1744 1040 1815 ergo
1077 1743 1203 1789 nos
1235 1718 1464 1788 facere
1489 1715 1742 1816 jubes?
1779 1742 2009 1787 emere
2045 1742 2186 1787 non
2219 1742 2462 1814 possu-

368 1859 531 1906 mus
554 1862 569 1905 :
601 1835 811 1906 etiam
830 1888 851 1921 ,
876 1833 933 1904 si
960 1832 1135 1931 quid
1158 1858 1239 1901 ex
1258 1831 1682 1930 quotidianis
1701 1852 2058 1930 supererat
2075 1831 2425 1904 laboribus
2439 1890 2459 1923 ,

364 1948 683 2021 educatio
704 1947 1047 2020 exhausit:
1072 1967 1479 2018 mutuemur
1500 1973 1688 2045 ergo,
1714 1967 1781 2018 et
1796 1946 2040 2018 alienis
2060 1946 2459 2020 ministeriis

363 2062 665 2135 lautitias
685 2082 937 2134 vestras
963 2061 1346 2152 imitemur,
1373 2083 1714 2161 quantum
1750 2083 1972 2162 potest
2000 2062 2152 2159 quis
2173 2077 2188 2105 ¹
2218 2091 2230 2132 :
2268 2064 2460 2163 apud

364 2203 485 2250 vos
518 2177 621 2250 illi
651 2204 883 2277 greges
913 2178 1392 2251 ministrorum
1414 2237 1433 2269 ,
1459 2180 1650 2277 apud
1677 2206 1796 2252 vos
1830 2206 2080 2250 aurum
2114 2198 2181 2250 et
2208 2206 2458 2279 argen-

364 2314 517 2365 tum
549 2320 563 2362 ε
602 2292 1071 2366 ministerium
1099 2319 1260 2390 ergo
1283 2293 1417 2365 fuit
1439 2321 1517 2365 ex
1542 2321 1724 2365 meo.
1752 2296 1911 2366 Non
1938 2293 2122 2364 istud
2147 2292 2454 2368 deforme

361 2401 824 2509 pauperibus:
864 2435 1030 2482 nam
1062 2429 1130 2481 et
1163 2410 1219 2480 si
1254 2409 1325 2479 in
1364 2409 1556 2482 aliud
1591 2410 2032 2507 diei-tempus
2066 2409 2456 2501 incidisses,
2537 2393 2556 2408 ⁸

360 2545 514 2596 tum
534 2550 819 2622 quoque
837 2523 963 2594 tibi
985 2524 1330 2595 videretur
1346 2523 1598 2596 ancilla
1624 2552 1638 2594 :
1668 2524 1945 2596 vidisses
1969 2550 2182 2623 pensa
2204 2525 2458 2596 facien-

362 2661 503 2714 tem
522 2668 538 2711 :
563 2640 709 2712 filia
731 2640 939 2738 igitur
958 2640 1396 2729 ministravit,
1424 2641 1603 2712 sicut
1622 2639 1800 2712 mihi
1820 2641 2022 2713 solet:
2048 2640 2175 2713 nisi
2201 2641 2456 2714 veritus

363 2780 620 2845 essem,
648 2781 738 2826 ne
761 2754 887 2827 tibi
917 2755 1253 2830 invidiam
1283 2756 1431 2830 fieri
1462 2775 1740 2855 putares
1758 2812 1777 2847 ,
1805 2756 1939 2828 nisi
1968 2783 2081 2827 me
2105 2757 2457 2854 frequenti

365 2869 799 2942 humanitate
856 2870 928 2941 in
985 2870 1249 2943 honore
1309 2872 1651 2970 posuisses
1674 2927 1693 2959 ,
1746 2898 1875 2971 ego
1932 2872 2451 2944 ministrassem.

366 2983 550 3055 Hinc
580 3012 859 3083 quoque
889 3011 1186 3074 remove,
1218 2985 1407 3084 quod
1438 3006 1511 3056 tu
1537 2987 1831 3058 fecisti2:
1857 3013 2000 3058 non
2028 3008 2126 3059 est
2150 2988 2457 3059 circum-

368 3095 666 3194 scriptio,
683 3099 873 3198 quod
894 3099 1345 3199 interrogatus
1359 3102 1749 3174 verecunde
1773 3103 2122 3198 respondi:
2148 3124 2213 3173 et
2233 3129 2457 3200 quum

366 3209 540 3282 mihi
588 3234 815 3285 tecum
862 3214 1171 3313 coepisset
1224 3241 1443 3285 novus
1487 3215 1697 3302 usus,
1753 3215 2004 3287 erubui
2043 3214 2264 3287 videri
2307 3217 2455 3291 sine

363 3325 637 3398 ancilla.
678 3329 827 3399 Hoc
859 3329 1030 3400 mali
1070 3327 1283 3401 habet
1316 3329 1657 3400 ambitus:
1701 3355 2009 3427 peccasse
2048 3356 2159 3402 me
2200 3333 2448 3405 fateor:

363 3441 748 3518 dicendum
778 3446 913 3518 fuit
940 3474 1183 3519 verum
1214 3474 1228 3517 :
1258 3445 1379 3517 sed
1409 3445 1539 3518 hac
1568 3474 1769 3545 poena
1793 3467 1985 3544 potes
2011 3474 2150 3520 esse
2176 3472 2455 3522 conten-

358 3580 469 3633 tus
502 3589 517 3604 ·
565 3589 710 3635 non
749 3564 1045 3663 impune
1084 3564 1241 3636 feci.
1286 3566 1377 3634 Et
1418 3589 1568 3660 quae
1613 3590 1652 3634 a
1695 3590 1809 3634 me
1851 3565 2026 3636 facta
2067 3586 2263 3654 sunt,
2308 3564 2454 3635 haec

361 3698 559 3767 sunt3
592 3677 705 3750 hic
734 3706 848 3751 me
872 3678 1522 3778 circumscriptionis
1546 3705 1794 3750 accusa
1811 3734 1830 3766 ,
1857 3678 2033 3774 nihil
2059 3679 2250 3778 ipse3
2281 3681 2457 3749 fece-

364 3792 474 3864 ris.
505 3795 696 3866 Num
729 3797 919 3869 enim
941 3855 960 3889 ,
993 3797 1047 3870 si
1086 3818 1163 3869 tu
1192 3796 1367 3868 nihil
1394 3796 1871 3896 concupisseS,
1901 3809 2043 3867 non'
2082 3796 2456 3894 rapuisses,

406 3975 421 3992 ⁴·
438 3971 483 4005 1.
511 3954 778 4024 Quantum
798 3970 965 4032 potest
986 3961 1113 4031 quis·
1143 3961 1252 4018 An,
1272 3976 1372 4028 po-
1448 3976 1556 4009 non
1580 3943 2060 4027 deceptus'fuisoes.
2077 3952 2458 4006 Sca—Novus

359 4042 456 4086 test
466 4033 700 4106 quidem,
710 4051 769 4088 nt
786 4056 922 4109 saepe
937 4036 1083 4109 apud
1098 4034 1371 4088 Plautum?
1450 4039 1655 4089 usus.Ut
1669 4053 1784 4105 sup.
1799 4033 1977 4086 AErod.
1993 4049 2152 4084 novus
2165 4030 2348 4084 cultus.
2362 4031 2453 4084 En.

358 4133 428 4168 an
450 4117 707 4188 quisque?
724 4119 945 4173 Senum.
1451 4144 1523 4156 --
1543 4115 1764 4165 Erubui.
1795 4112 1946 4184 Quod
1967 4111 2170 4179 erubui,
2193 4109 2370 4165 AErod.

416 4196 887 4269 2.Quodtufectrt1
900 4201 1131 4252 Remove
1143 4210 1373 4269 raptum,
1526 4197 1575 4248 3.
1602 4195 1760 4250 Nihil
1787 4197 1907 4268 ipse.
1936 4196 1996 4248 Si
2023 4193 2161 4246 nihil
2191 4195 2295 4268 ipse
2315 4193 2457 4265 fece—

361 4294 521 4348 quern
534 4290 595 4331 tu
613 4280 813 4345 fecistig
828 4283 875 4336 si
888 4295 949 4335 tu
962 4299 1073 4335 non
1088 4281 1374 4352 rapuisses,
1453 4278 1522 4329 rt's
1536 4312 1553 4338 ³
1580 4273 1759 4328 AEmd·

568 4366 620 4420 6.
2111 4363 2170 4429 ¹4
