3200 5117
775 603 900 667 310
1272 603 1363 708 M..
1411 602 1658 666 FABII
1705 591 2333 685 QUINTILIANI

770 722 890 820 qui
926 719 1169 812 armiS,
1201 722 1324 821 qui
1351 745 1762 796 commeatu.
1796 724 1955 795 Non
1989 723 2134 795 siue
2168 737 2404 795 causa¹
2441 717 2585 794 haec
2626 721 2839 821 ipsius

768 837 959 912 verbi
1007 838 1381 936 proprietas
1433 839 1741 911 continet
1784 838 2012 938 legem
2040 847 2072 910 't
2127 838 2337 939 quaeri
2385 838 2601 910 voluit
2646 864 2735 908 an
2789 837 2840 909 is

770 981 978 1053 opem
1022 954 1314 1045 tulisset,
1357 955 1665 1054 quodam
1709 956 1860 1028 loco
1907 981 2201 1027 manum
2248 952 2735 1054 deprehendit,
2778 974 2843 1024 et

767 1068 1104 1140 ferentem
1150 1068 1482 1166 coarguit.
1520 1070 1824 1141 Causam
1868 1088 2104 1140 autem
2140 1067 2430 1168 hujusce
2468 1067 2645 1168 juris
2691 1067 2842 1165 quis

772 1182 1084 1280 ignoret?
1128 1183 1446 1271 animuS,
1493 1204 1576 1253 ut
1619 1184 1888 1282 opinor,
1939 1183 2087 1285 ejus
2133 1183 2452 1282 punitur,
2502 1183 2623 1282 qui
2670 1181 2842 1253 hosti

768 1296 1088 1400 prodesse
1109 1295 1367 1368 voluit:
1398 1295 1720 1369 adversus
1744 1298 2166 1396 proditorem
2187 1354 2206 1387 ‚
2234 1297 2553 1369 adversus
2579 1296 2841 1368 hostem

771 1410 1170 1508 reipublicae
1216 1410 1603 1509 conscripta
1642 1410 1750 1483 lex
1789 1432 1909 1484 est.
1950 1412 2126 1502 Quae
2162 1412 2218 1482 si
2250 1412 2411 1483 talia
2443 1433 2642 1501 sunt,
2677 1410 2846 1509 quid

771 1523 995 1596 simile
1036 1523 1143 1600 his
1183 1524 1545 1597 commisi?
1580 1524 1926 1624 templum
1959 1525 2267 1597 dedicavi
2298 1552 2312 1596 :
2344 1525 2717 1597 viderimus
2754 1550 2843 1594 an

771 1637 907 1710 hoc
948 1638 1123 1710 hosti
1169 1638 1502 1738 profuerit
1537 1667 1552 1710 :
1598 1640 1687 1712 ad
1729 1667 2004 1712 causam
2047 1666 2283 1712 meam
2325 1638 2617 1738 pertinet
2656 1637 2841 1726 sciri,

775 1751 949 1849 quid
979 1778 1106 1851 ego
1134 1751 1454 1843 fecerim,
1485 1779 1629 1827 non
1662 1751 1830 1852 quid
1871 1780 1948 1825 ex
1984 1780 2064 1825 eo
2100 1754 2364 1825 factum
2395 1752 2500 1825 sit.
2535 1754 2626 1824 At
2657 1751 2844 1823 enim

773 1864 910 1937 hoc
930 1865 1108 1937 hosti
1130 1865 1437 1964 profuit:
1466 1867 1521 1938 si
1549 1866 1703 1940 ideo
1730 1867 1859 1939 feci
1876 1925 1896 1958 ,
1922 1889 1997 1939 ut
2023 1868 2197 1941 hosti
2226 1867 2654 1966 prodessem3
2690 1892 2846 1938 sane

777 1979 947 2052 sim’
967 1978 1122 2078 'legi
1156 1980 1264 2056 isti
1299 1980 1682 2080 obligatus:
1719 1981 1806 2073 si,
1847 2009 2070 2079 quum
2101 1981 2366 2081 aliquid
2397 1982 2697 2054 facerem
2729 2005 2850 2077 pro

780 2094 1099 2168 universa
1127 2095 1521 2195 republica,
1551 2095 1717 2170 utile
1746 2096 1949 2169 etiam
1983 2097 2156 2170 hosu‘
2182 2096 2349 2187 fuit,
2382 2124 2526 2170 non
2546 2154 2566 2187 ,
2601 2118 2678 2168 ut
2707 2095 2854 2194 opi-

779 2237 932 2301 nor,
958 2211 1234 2288 damnis
1260 2212 1828 2286 contendendum
1846 2213 1997 2286 fuit.
2015 2203 2403 2285 Videamus
2427 2240 2592 2312 ergo
2615 2238 2705 2283 an
2724 2210 2853 2281 hoc

781 2351 911 2422 pro
944 2324 1298 2427 republica
1327 2327 1533 2400 fuerit
1561 2356 1575 2399 :
1612 2327 1931 2401 nondum
1966 2327 2158 2418 dico,
2186 2354 2342 2425 quae
2372 2348 2689 2399 secutura
2715 2326 2853 2395 fue·

781 2440 956 2533 rint,
1003 2442 1060 2514 si
1103 2470 1250 2516 non
1294 2443 1714 2517 dedicassem
1747 2472 1762 2515 :
1807 2444 2085 2517 interim
2118 2472 2280 2516 cum
2316 2444 2563 2543 pietate
2596 2463 2853 2531 vestra,

779 2557 1268 2650 Athenienses,
1314 2557 1606 2658 loquor:
1655 2559 2000 2660 templum
2041 2587 2184 2634 non
2230 2561 2404 2632 illud
2438 2580 2655 2646 vetus,
2706 2583 2853 2629 non

783 2673 961 2745 illud
992 2674 1534 2771 praesentissimae
1563 2674 1954 2774 religionis,
1990 2703 2134 2749 uon
2170 2676 2377 2765 illud,
2411 2701 2450 2745 a
2477 2698 2616 2771 quo
2642 2669 2851 2741 totius

784 2789 1069 2861 civitatis
1103 2810 1351 2861 nostroe
1388 2790 1644 2888 petitur
1678 2793 2078 2881 auctoritas;
2122 2793 2244 2865 sed
2280 2814 2534 2864 novum
2560 2783 2854 2882 aliquod

787 2924 855 2974 et
875 2901 1101 2976 adhuc
1127 2901 1600 3001 inexpertum³
1621 2903 1820 2977 video
1843 2932 1859 2975 ε
1883 2905 1958 2982 in
1984 2905 2243 2978 finibus
2268 2902 2507 2978 nostris
2528 2921 2634 2973 est
2650 2897 2856 2972 dedi-

793 3135 816 3160 ·
835 3113 1025 3186 populi
1042 3116 1248 3167 romani
1262 3119 1516 3187 juventur
1536 3115 1785 3170 adversus
1860 3118 2145 3192 prehendit.
2166 3120 2386 3174 Senum.
2402 3147 2473 3162 --
2491 3117 2662 3187 Quaert'
2681 3112 2859 3166 volun.

794 3217 816 3239 α
835 3192 1233 3265 rempublicam,
1250 3197 1466 3264 cujusve
1485 3214 1648 3267 opera
1660 3194 1785 3247 dolo
1867 3199 2038 3271 Quoen‘
2060 3199 2229 3252 noluit
2250 3220 2299 3251 a.
2328 3203 2362 3252 ί.
2389 3216 2436 3250 ο.
2463 3209 2500 3250 t.
2525 3199 2619 3270 qui
2636 3194 2858 3269 quodam

795 3296 818 3321 ιι
838 3274 977 3328 malo
1001 3273 1181 3328 hostes
1203 3275 1391 3348 populi
1415 3277 1621 3328 romani
1642 3295 1789 3328 com-
1866 3279 2018 3330 modo
2044 3278 2277 3350 prof-it,
2312 3279 2549 3330 animum
2583 3274 2780 3346 repr-eh.
2814 3282 2863 3324 et

797 3371 820 3396 οι
839 3367 1043 3416 meatu,
1064 3356 1246 3422 armis,
1263 3353 1407 3419 telis,
1427 3355 1603 3426 equis,
1626 3373 1790 3425 pecu·
1853 3358 2112 3432 ,βπ-επακ
2132 3378 2285 3430 opem
2307 3377 2479 3430 coarq.
2501 3358 2604 3422 AEs.
2630 3355 2861 3426 Quodam

795 3431 822 3477 ἰι
842 3433 960 3497 nia,
992 3432 1156 3485 aliave
1185 3452 1289 3505 qua
1316 3454 1374 3487 re
1401 3434 1570 3506 adjuti
1602 3449 1787 3503 erunt,
1867 3438 1980 3490 loco
2002 3455 2219 3489 manum
2242 3434 2603 3507 deprehendit,
2622 3451 2791 3502 marg.

797 3521 942 3561 sete.
965 3533 990 3557 ο
1011 3512 1176 3582 Igitur
1191 3513 1458 3584 profuisse
1473 3531 1584 3565 non
1598 3527 1787 3579 nocet,
1937 3533 1987 3568 2.
2020 3515 2156 3567 Sane
2186 3515 2299 3566 st'm.
2334 3513 2473 3565 Sane
2503 3530 2614 3563 sum
2633 3550 2652 3576 ‚
2686 3508 2859 3562 AErod.

793 3589 888 3644 sed
903 3590 1033 3641 dolo
1053 3592 1194 3642 malo
1210 3594 1490 3663 profuisse,
1512 3606 1572 3646 ut
1590 3594 1789 3665 sitquis
1864 3594 1998 3646 Sunt
2021 3592 2132 3666 leqe
2143 3631 2162 3657 ‚
2181 3610 2342 3662 marg.
2368 3579 2471 3642 Alfi
2485 3627 2499 3655 ,
2526 3589 2638 3662 leqe
2659 3590 2771 3641 ista.
2796 3615 2862 3626 —-

793 3670 918 3723 huic
941 3669 1042 3741 legi
1066 3670 1343 3741 obligatus.
1371 3675 1550 3726 AEaon.
1690 3667 1693 3668 ⁷
1864 3675 2086 3727 Damnis
2110 3672 2516 3732 contendendum
2534 3668 2664 3740 finit.
2691 3671 2762 3721 Ut
2785 3685 2867 3720 sa-

839 3754 1048 3806 .r.Non
1069 3753 1343 3806 ἀηεοαωα
1359 3754 1789 3825 Ιιωσίρεαιε.Νοη
1867 3754 1971 3806 tius
2004 3750 2163 3806 fuerit
2196 3752 2275 3805 vel
2307 3769 2499 3803 nocere
2534 3747 2869 3819 reipublicae,

792 3835 902 3888 sine
913 3849 1099 3884 causa.-
1123 3832 1231 3885 hoec
1249 3833 1400 3905 ipsius
1416 3834 1554 3885 verbi
1566 3833 1792 3905 pmpn'e-
1871 3852 1977 3907 quo
2007 3832 2149 3888 hosti
2184 3845 2463 3897 noceatur,
2498 3848 2657 3901 quam
2688 3830 2870 3898 reipu-

795 3924 872 3965 tas
903 3912 1161 3965 oontinet=
1201 3913 1307 3964 Lex
1337 3914 1479 3965 enim
1510 3914 1673 3984 quaen'
1703 3929 1794 3963 υο-
1869 3912 2017 3966 blica
2036 3912 2312 3985 prodesse,
2335 3929 2401 3964 ne
2422 3928 2518 3981 per
2538 3923 2866 3977 consequen·

797 3989 924 4055 luit,
946 3993 1147 4062 anquis
1165 4008 1313 4062 opem
1338 3990 1558 4043 tulisset·-
1579 4008 1684 4061 quo
1704 3989 1793 4041 do·
1870 3997 1969 4048 tias
1987 3994 2043 4046 id
2060 3994 2201 4047 hosti
2221 3993 2418 4065 prosit:
2441 3989 2585 4063 quod
2606 4001 2741 4042 certe
2755 3986 2866 4036 fue·

799 4074 907 4121 lum
937 4068 1134 4122 malum
1159 4063 1508 4142 reprehendit,
1534 4083 1634 4123 ete.
1658 4068 1791 4122 Obr.
1870 4077 1937 4126 rit
1956 4072 2509 4145 imprudentissimum.
2526 4069 2700 4121 AEnon.
2721 4066 2868 4117 Com-

798 4152 920 4202 Non
939 4153 1047 4203 sine
1062 4170 1212 4204 causa
1231 4155 1335 4205 lnoec
1354 4153 1387 4203 ι’.
1414 4171 1461 4203 v.
1484 4170 1538 4222 p.
1563 4151 1792 4202 oentine-
1866 4153 2176 4226 parandum.
2203 4153 2421 4205 Senum.

799 4239 883 4280 tur
903 4230 1027 4303 leqe.
1057 4233 1231 4301 Quart·
1248 4231 1414 4284 voluit
1427 4251 1497 4284 an
1515 4234 1629 4304 quis
1645 4249 1794 4304 opem
1942 4232 1991 4285 3.
2008 4230 2109 4284 Sed
2126 4249 2317 4284 novum
2337 4224 2550 4301 aliquod
2567 4235 2617 4275 et
2635 4222 2869 4292 inexper-

803 4310 1017 4379 flulisset,
1054 4313 1435 4384 quodammodo
1464 4331 1680 4365 manum
1714 4329 1794 4364 re-
1874 4322 1998 4363 tum.
2032 4308 2325 4380 Corruptus
2358 4309 2457 4360 fuit
2488 4304 2572 4357 hic
2600 4301 2757 4358 loeus
2772 4335 2791 4364 ‚
2826 4299 2871 4351 si
