3200 5117
715 531 841 614 344
1214 530 1307 596 M.
1356 528 1612 594 mnu
1655 527 2292 611 QUINTILIANI
2348 481 2361 490 ’

623 635 646 654 ’
713 678 902 725 cuso.
941 654 1166 724 Nemo
1201 651 1615 723 dubitaverit
1651 651 1833 723 hanc
1867 651 2093 749 legem
2131 678 2273 723 esse
2296 649 2802 753 justissimam:

714 765 834 837 sed
866 791 1036 863 quas
1064 790 1301 836 causas
1331 763 1615 855 habeat,
1642 785 1879 863 postea
1905 764 2159 836 dicam.
2184 767 2343 836 Non
2368 767 2675 838 accusavi
2705 787 2804 857 te,

713 883 983 980 inquit,
1029 883 1312 982 capitis,
1360 883 1480 956 sed
1525 883 1943 981 injuriarum
1987 911 2001 955 :
2054 883 2366 981 primum
2413 884 2628 982 igitur
2673 886 2807 958 hoc

711 996 969 1068 intueri
996 1023 1112 1068 vos
1136 1017 1432 1095 oportet,
1458 996 1514 1067 si
1545 995 1720 1094 quid
1745 995 2228 1086 damnatione,
2254 997 2311 1067 si
2342 997 2512 1096 quid
2540 998 2806 1071 ultione

717 1111 1034 1209 dignum¹
1058 1139 1201 1184 non
1232 1111 1475 1198 habet,
1505 1111 1778 1210 justum
1800 1126 1817 1155 ¹
1853 1107 2057 1182 debet
2078 1109 2296 1210 judex
2331 1113 2567 1209 sequi,
2604 1113 2809 1186 debet

718 1228 914 1325 sequi
964 1228 1387 1326 proximum.
1435 1227 1647 1297 Nulla
1690 1245 1875 1298 tanta
1916 1225 2345 1324 providentia
2390 1228 2619 1325 potuit
2662 1255 2807 1301 esse

719 1369 962 1414 eorum
984 1401 1004 1433 ,
1043 1342 1166 1440 qui
1202 1342 1386 1440 leges
1423 1340 1975 1439 componebant,
2010 1360 2091 1410 ut
2126 1340 2385 1438 species
2423 1341 2806 1414 criminum

718 1454 1384 1553 complecterentur:
1418 1481 1586 1526 nam
1621 1474 1689 1524 et
1719 1479 1994 1551 semper
2023 1476 2335 1527 caventes
2364 1456 2673 1555 nequitia
2699 1457 2819 1529 vi-

722 1568 952 1654 cisset3
991 1568 1187 1666 etjus
1212 1568 1305 1640 ita
1332 1567 1693 1666 multiplex
1725 1587 1933 1664 atque
1969 1567 2309 1640 diffusum
2336 1590 2543 1659 esset,
2582 1593 2659 1641 ut
2683 1599 2806 1669 pro

721 1683 981 1755 incerto
1027 1682 1402 1755 haberetur
1441 1682 1763 1780 ignotum
1798 1710 1812 1752 :
1859 1683 2173 1756 fecerunt
2214 1710 2412 1783 ergo,
2455 1707 2535 1760 ut
2576 1712 2806 1758 rerum

722 1824 978 1896 genera
991 1796 1649 1897 complecterentur,
1667 1817 1733 1870 et
1750 1817 2134 1895 spectarent
2153 1798 2371 1898 ipsam
2393 1799 2804 1901 aequitatem.

721 1914 948 1989 Multa
988 1941 1151 2013 ergo
1188 1915 1627 1987 invenientur
1664 1916 2090 2011 frequenter,
2124 1942 2275 2014 quae
2318 1916 2559 2014 legum
2592 1917 2811 1989 verbis

724 2058 870 2105 non
894 2052 1283 2121 teneantur,
1307 2030 1429 2103 sed
1456 2031 1606 2130 ipsa
1629 2031 1695 2101 vi
1726 2053 1794 2104 et
1826 2051 2152 2130 potestate
2176 2053 2578 2107 teneantur:
2609 2035 2810 2131 quale

725 2150 859 2224 hoc
902 2169 1020 2221 est.
1071 2151 1249 2220 Sane
1298 2149 1490 2222 enim
1536 2149 1912 2221 concedam
1957 2150 2027 2221 in
2070 2151 2436 2251 praesentia
2467 2151 2632 2242 tibi,
2668 2178 2812 2224 non

722 2264 936 2335 fuisse
984 2263 1157 2335 illud
1191 2263 1540 2364 judicium
1588 2263 1826 2363 capitis
1866 2294 1880 2336 :
1929 2265 1988 2336 si
2031 2285 2268 2338 tamen
2312 2266 2634 2338 eamdem
2666 2268 2811 2339 vim

727 2378 1017 2468 habuit,
1053 2405 1267 2477 quam
1300 2379 1654 2479 judicium
1697 2379 1978 2477 capitis,
2015 2381 2335 2453 eamdem
2374 2408 2647 2479 poenarn
2683 2381 2812 2453 ha-

725 2491 890 2564 bere
934 2492 1157 2564 debet.
1194 2492 1573 2593 Fingamus
1617 2492 1804 2564 enim
1848 2493 2050 2592 plura
2092 2521 2236 2567 esse
2277 2496 2563 2584 scelera,
2607 2495 2806 2566 sicuti

730 2627 928 2697 sunt,
960 2633 1115 2704 quae
1146 2630 1366 2681 morte
1392 2607 1753 2706 punienda
1775 2608 1950 2680 sint:
1982 2636 2146 2681 nam
2176 2637 2393 2708 quum
2425 2610 2527 2680 lex
2547 2622 2569 2652 ²
2596 2607 2802 2679 etiam

729 2747 931 2809 eum,
978 2721 1099 2820 qui
1141 2722 1314 2794 falso
1362 2724 1809 2814 accusaverit,
1853 2723 2068 2795 occidi
2111 2724 2309 2795 velit:
2352 2722 2801 2794 manifestum

729 2855 827 2907 est
855 2833 1321 2907 occidendum
1346 2862 1487 2908 esse
1513 2864 1676 2908 eum
1695 2894 1713 2927 ,
1752 2836 1869 2933 qui
1899 2836 2160 2936 templa
2185 2836 2599 2925 incenderit;
2631 2835 2808 2907 occi-

734 2949 1047 3021 dendum
1075 2977 1217 3022 esse
1248 2977 1447 3041 eum,
1481 2951 1604 3051 qui
1636 2951 1930 3051 patriam
1967 2953 2366 3052 prodiderit.
2394 2937 2561 3042 Quo
2594 2950 2809 3023 modo

809 3134 852 3169 1.
876 3111 1100 3171 Iustum,
1123 3121 1238 3187 An,
1266 3123 1408 3175 debet
1428 3123 1574 3195 sequi
1596 3123 1730 3193 opti·
1815 3145 1839 3170 κ
1857 3141 2075 3194 genere,
2113 3123 2315 3196 inquit,
2352 3122 2462 3175 haec
2489 3135 2813 3193 queruntur,

730 3219 902 3265 mum,
930 3201 1199 3271 quomodo
1227 3223 1428 3276 oequum
1457 3215 1510 3256 et
1537 3204 1729 3257 bonum
1816 3227 1839 3252 σι
1860 3206 1943 3257 An
1971 3207 2177 3276 quoties
2207 3200 2426 3275 propria
2446 3203 2536 3257 lex
2562 3222 2671 3256 non
2701 3215 2812 3269 est,

727 3280 1057 3348 junguntur}
1096 3280 1178 3331 vel
1196 3319 1213 3342 ‚
1246 3285 1380 3351 justo
1413 3283 1728 3354 proximum.
1816 3306 1840 3331 κ
1859 3282 2014 3335 simili
2036 3284 2102 3334 sit
2126 3281 2410 3334 utendum:
2443 3279 2592 3334 auid
2614 3279 2684 3332 de
2706 3298 2815 3352 qno

732 3354 951 3407 Senot-r.
972 3358 1217 3412 ——Debet
1219 3361 1389 3431 judex
1405 3362 1546 3433 sequi
1561 3362 1734 3433 proxi-
1817 3383 1840 3407 ι
1861 3363 2058 3432 agitur,
2092 3362 2140 3412 ei
2170 3360 2238 3412 de
2273 3376 2381 3432 quo
2418 3362 2670 3431 scriptum
2706 3371 2816 3424 est,

732 3451 895 3483 mum.
919 3434 1189 3501 Julianus,
1211 3437 1302 3490 lib.
1326 3438 1736 3509 LXXIV-Diges-
1820 3460 1843 3486 ι
1862 3438 2027 3492 simile
2050 3439 2131 3491 sit.
2162 3438 2338 3491 Simile
2366 3451 2543 3492 autem
2571 3450 2624 3489 et
2651 3439 2819 3508 majus

731 3522 935 3562 torum:
969 3535 991 3559 οι
1010 3515 1089 3577 De
1114 3515 1304 3586 quibus
1328 3517 1499 3569 causis
1527 3518 1734 3586 scriptis
1821 3540 1845 3564 οι
1864 3530 1974 3583 est,
2009 3531 2060 3570 et
2090 3536 2217 3589 par,
2251 3529 2302 3568 et
2335 3517 2542 3581 minus,
2578 3518 2821 3568 etc.·1u

738 3587 986 3660 «legibus
1010 3609 1121 3643 non
1147 3596 1370 3659 utimur,
1399 3594 1454 3646 id
1479 3593 1737 3646 custodiri
1817 3597 2053 3650 eamdem
2081 3599 2193 3654 fere
2220 3597 2531 3650 sententiam
2558 3610 2611 3649 et
2636 3595 2825 3647 iisdem

738 3690 763 3716 n
784 3683 1029 3742 oportet,
1063 3672 1207 3744 quod
1242 3674 1479 3727 moribus
1515 3686 1569 3727 et
1605 3693 1738 3727 con·
1816 3677 1925 3729 fere
1955 3678 2128 3730 verbis
2158 3678 2331 3743 infra,
2363 3674 2599 3727 Declam.
2634 3674 2825 3763 CPCL.

739 3771 764 3795 κ
782 3748 1062 3802 suetudine
1079 3750 1354 3805 inductum
1368 3766 1448 3805 est
1464 3772 1477 3805 :
1495 3766 1548 3806 et
1567 3754 1738 3825 siqua
1817 3756 1995 3807 AEaon.
2020 3785 2092 3795 ——
2117 3756 2383 3828 Ignotum.
2408 3753 2738 3828 Ῑφιοναηεια.
2764 3750 2828 3802 Id

739 3855 762 3879 ι
782 3834 834 3884 in
873 3851 928 3885 re
963 3832 1069 3885 hoc
1106 3832 1394 3899 defecerit,
1429 3847 1555 3887 tunc
1588 3832 1738 3906 quod
1799 3847 1923 3898 est,
1952 3847 2170 3906 propter
2195 3834 2572 3904 ignorantiam.
2594 3829 2727 3882 vide
2754 3828 2824 3881 ad

740 3936 763 3960 α
783 3916 1079 3985 proximum
1106 3927 1160 3967 et
1186 3934 1519 3988 consequeus
1548 3918 1596 3969 ei
1625 3929 1735 3982 est,
1815 3912 2104 3968 Declamm.
2130 3917 2180 3981 1,
2206 3933 2254 3966 a.
2281 3915 2499 3966 Senum.

743 4013 768 4036 ι
787 4006 885 4044 etc.
908 4017 931 4041 ιο
965 3995 1084 4046 Haec
1113 3996 1305 4047 nostris
1333 3994 1566 4066 vulgaria
1593 4008 1735 4047 sunt.
1892 4016 1938 4049 2.
1955 3998 2096 4054 Nam
2115 4015 2277 4070 quum
2300 3995 2400 4047 lex.
2418 3992 2696 4065 Numquid
2707 3989 2817 4051 lex,-

735 4074 831 4124 Hic
847 4093 969 4126 vero
984 4074 1134 4127 locus
1152 4076 1536 4129 ratiocinativus
1554 4074 1740 4148 appel·
1817 4074 1929 4140 vel,
1952 4093 2236 4147 numquam
2260 4073 2371 4140 lex,
2395 4085 2489 4125 etc.
2517 4071 2655 4125 volet
2669 4090 2684 4119 .-
2706 4087 2819 4119 ma-

736 4149 891 4215 latur,
902 4151 969 4204 de
982 4171 1087 4222 quo
1101 4152 1220 4205 vide
1235 4154 1377 4206 hunc
1397 4156 1569 4226 ipsum
1579 4155 1742 4224 Quin·
1820 4154 2063 4225 nifestum
2075 4193 2094 4221 ,
2118 4168 2218 4207 etc.
2245 4154 2363 4207 Seu.
2380 4182 2452 4194 --
2474 4149 2818 4206 occidendum

733 4228 810 4282 til.
836 4228 925 4282 lib.
945 4232 1037 4284 vlt
1050 4270 1067 4299 ,
1095 4252 1211 4307 cap.
1239 4233 1301 4300 8,
1326 4233 1372 4305 ς.
1398 4253 1427 4304 7
1452 4258 1465 4287 ι
1496 4257 1519 4281 ι
1539 4237 1599 4288 ln
1622 4233 1728 4286 hoe
1820 4251 1919 4286 esse
1933 4234 2375 4307 eum,q.t.}i.Haec
2388 4233 2583 4285 omittit
2595 4229 2818 4302 Ripa».
