3200 5117
695 522 1543 594 DECLAMATIONES.
1590 524 2037 593 CCCXXIX.
2124 563 2131 571 ·
2291 527 2418 595 335

325 653 727 754 exemplum
749 649 1152 752 posteritatis
1176 648 1573 722 ostendatur
1595 648 1670 720 in
1695 649 1845 722 foro
1870 641 2302 750 sepulcrum,
2331 677 2422 723 ne

327 771 486 871 quis
524 769 772 843 audeat
813 790 1150 869 tyrannus
1193 793 1376 840 esse:
1424 786 1501 837 ut
1532 791 1777 837 omnes
1810 765 2131 841 homines
2166 794 2424 841 monu-

330 888 582 962 mentis
606 888 816 989 hujus
843 886 1061 958 sciant
1077 942 1095 976 ,
1127 885 1384 984 quibus
1411 883 1719 983 praemiis
1740 882 2064 956 adversus
2089 906 2420 984 tyrannos

328 1001 778 1103 tyrannicida!
819 1014 1235 1073 armentur¹.
1272 1002 1376 1073 Ita
1409 1025 1599 1071 nunc
1637 998 1752 1070 hic
1786 1019 2154 1098 tamquam
2195 1000 2423 1073 bonus

330 1120 523 1209 civis,
547 1119 641 1190 ita
659 1139 1018 1217 tamquam
1038 1116 1369 1189 liberator
1384 1115 1597 1216 hujus
1617 1114 1905 1187 civitatis
1927 1113 2424 1187 honorabitur?

332 1236 430 1311 sic
472 1255 571 1308 est
611 1233 963 1323 hercule²‚
997 1233 1308 1335 judiceS,
1351 1231 1449 1305 sic
1491 1252 1635 1304 est:
1680 1232 1736 1302 si
1776 1231 1970 1304 hunc
2012 1231 2242 1306 civitas
2284 1256 2431 1303 non

327 1349 727 1440 habuisset,
766 1347 1176 1421 serviremus
1222 1345 1431 1418 etiam
1471 1371 1704 1435 nunc,
1754 1366 1820 1416 et
1866 1345 2266 1444 gravissima
2313 1342 2437 1415 illa

335 1488 678 1566 tempora,
701 1492 855 1565 quae
881 1465 1002 1537 diu
1029 1462 1209 1562 passi
1237 1489 1513 1553 sumus,
1544 1461 2067 1537 sustineremus.
2102 1465 2437 1562 Exspecto

337 1582 737 1656 mehercule
759 1638 779 1670 ,
819 1601 897 1652 ut
931 1579 1304 1681 cujuslibet
1331 1577 1800 1678 ,impudentiae
1838 1599 2301 1667 accusatores,
2346 1575 2441 1648 sic

339 1725 620 1796 quoque
667 1723 841 1797 opus
889 1697 1039 1798 ejus
1081 1721 1331 1795 augere
1375 1716 1582 1796 atque
1625 1722 2032 1796 exaggerare
2075 1715 2435 1770 conentur.

341 1810 618 1885 Occidit
662 1832 1045 1909 tyrannum
1091 1837 1234 1882 non
1276 1810 1467 1884 hunc
1512 1810 1913 1909 vulgarem,
1968 1831 2034 1882 et
2080 1837 2302 1909 usque
2351 1808 2439 1881 ad

343 1952 610 2000 nomen
641 1945 915 1998 tantum
948 1946 1357 1999 nocentem:
1397 1927 1552 2026 plus
1587 1926 1850 2026 aliquid
1871 1983 1890 2017 ,
1934 1951 2148 2025 quam
2192 1925 2441 1997 caeteris

346 2038 867 2112 constituamus.
896 2039 1180 2112 Occidit
1203 2061 1582 2138 tyrannum
1606 2040 2167 2113 crudelissimum
2182 2094 2202 2130 ‚
2227 2038 2444 2112 saevis-

346 2153 610 2226 simum
629 2211 648 2245 ,
679 2174 1219 2253 expugnatorem
1245 2181 1388 2226 non
1415 2155 1762 2252 pudicitiae
1788 2152 2002 2227 modo
2027 2174 2095 2226 et
2120 2153 2445 2252 patrimo·
2508 2185 2519 2202 ⁸

348 2268 629 2342 niomm
672 2289 1101 2358 nostrorum,
1148 2288 1218 2340 et
1255 2268 1660 2368 principum
1708 2268 1919 2368 hujus
1962 2267 2285 2357 civitatis,
2329 2266 2451 2339 sed

350 2381 778 2480 templorum
807 2382 1134 2455 omnium
1165 2403 1237 2455 et
1268 2382 1852 2474 cerimoniarum,
1882 2409 2013 2455 nec
2039 2381 2449 2455 hominibus

353 2497 576 2596 magis
591 2555 611 2588 ,
638 2524 855 2596 quam
881 2497 1009 2570 diis
1032 2497 1546 2571 immortalibus
1569 2498 1896 2571 invisum.
1922 2501 2104 2571 Vera
2122 2518 2285 2571 sunt
2304 2498 2451 2595 qui-

353 2610 518 2683 dem
543 2611 706 2700 ista,
723 2610 995 2713 judices
1019 2639 1034 2683 ε
1062 2612 1182 2685 sed
1209 2613 1262 2684 si
1291 2613 1584 2685 velimus
1612 2639 1824 2684 suum
1854 2612 2137 2685 titulum
2170 2611 2453 2683 reddere

353 2701 836 2800 listratoribus
859 2748 1104 2801 nostrae
1129 2728 1450 2818 civitatis,
1484 2728 1690 2801 illum
1714 2729 1815 2801 dii
1845 2729 2272 2801 occiderunt.
2296 2730 2456 2799 Non

359 2845 551 2917 enim
584 2846 890 2919 contenti
916 2844 1226 2924 advocati
1261 2844 1474 2943 partis
1508 2845 1807 2917 adversae
1839 2845 1968 2919 hac
2000 2845 2173 2944 legis
2202 2842 2461 2914 calum·

362 2959 517 3048 nia,
552 2961 763 3033 etiam
793 2960 972 3034 bene
1002 2961 1333 3033 meruisse
1367 2988 1531 3033 eum
1568 2961 1654 3034 de
1687 2961 2048 3061 republica
2075 2981 2309 3034 nostra
2345 2959 2458 3030 di-

364 3092 568 3144 cunt:
597 3073 785 3171 quod
811 3073 1051 3146 audito
1077 3099 1405 3171 responso
1430 3074 1579 3173 ipse
1603 3101 1674 3147 se
1698 3075 2055 3173 percussit.
2083 3076 2232 3172 Ego
2255 3098 2459 3172 porro

366 3185 634 3259 etiamsi
655 3188 1041 3278 confiterer,
1068 3187 1454 3285 plurimum
1477 3212 1641 3259 eum
1664 3187 2059 3286 reipublicae
2087 3207 2309 3261 morte
2334 3213 2461 3258 sua

365 3304 752 3403 praestitisse
770 3362 790 3396 ,
825 3331 969 3376 non
999 3325 1234 3375 tamen
1265 3302 1444 3375 inter
1465 3302 1808 3375 beneficia
1830 3303 2163 3376 ducerem
2191 3302 2459 3404 injuriae

367 3419 609 3494 finem.
644 3425 854 3496 Nunc
882 3448 1042 3494 vero
1073 3420 1227 3520 quis
1267 3420 1574 3519 ignorat,
1609 3447 1823 3521 quam
1858 3422 2097 3494 multae
2130 3448 2294 3495 eum
2330 3449 2461 3494 ne-

371 3534 712 3607 cessitates
751 3534 841 3607 ad
889 3535 1260 3634 exigendas
1298 3562 1339 3607 a
1373 3536 1598 3636 seipso
1638 3561 1874 3635 poenas
1907 3535 2361 3636 impulerint?
2393 3535 2465 3607 Si

372 3667 645 3721 tantum
678 3648 810 3721 hoc
844 3649 1185 3742 dicerem,
1217 3649 1466 3741 Quum
1493 3649 1679 3723 salus
1704 3671 1883 3725 essct
1911 3652 2260 3752 proposita
2292 3649 2465 3721 civi-

374 3760 498 3832 tati
523 3759 657 3834 hoc
685 3763 953 3837 silentio
966 3763 1019 3856 3,
1042 3785 1119 3837 ut
1141 3785 1474 3863 tyrannus
1499 3765 1953 3857 occideretur,
1976 3766 2131 3865 quis
2150 3789 2296 3836 non
2317 3785 2468 3833 nos·

451 3946 497 3981 1.
534 3931 834 3987 Armentur.
869 3936 1159 4001 Onomar,
1196 3930 1393 3988 AErod.'
1531 3937 1580 3989 3.
1614 3939 1786 4008 Quum
1809 3935 1948 3989 salus
1969 3945 2092 3988 esset
2111 3931 2375 4005 proposita
2399 3929 2468 3981 σι’-

448 4027 497 4064 2.
527 4010 615 4064 Sic
639 4024 715 4066 est
745 4014 965 4070 hercule.
1000 4015 1202 4069 Siccine
1229 4025 1302 4066 est
1329 4014 1379 4066 h.
1461 4017 1614 4069 vitati
1637 4015 1734 4067 hoc
1754 4014 1978 4070 silentio.
2006 4016 2195 4080 Forte,
2224 4011 2321 4063 hac
2342 4027 2471 4062 con-

362 4094 414 4165 1'·
438 4090 511 4144 sic
528 4103 616 4146 est.
640 4094 727 4148 St‘c
743 4097 1137 4169 interrogative.
1160 4095 1378 4148 Senum.
1461 4095 1678 4147 ditione.
1715 4094 1819 4146 Alii
1855 4091 2000 4166 apud
2032 4089 2338 4157 AErudiurn,
2373 4088 2472 4142 hac

378 4197 450 4217 -··-·
470 4174 864 4233 Sustinet-emus.
884 4177 1018 4235 Vide
1042 4175 1112 4232 ad
1127 4174 1380 4252 Calpurn.
1464 4175 1885 4232 consideratione.
1921 4175 2087 4228 Gaort.
2128 4172 2245 4224 Boc
2281 4168 2474 4223 scilicet

383 4255 675 4314 Declamat.
695 4260 810 4314 XV.
1461 4257 1630 4328 pretio
1644 4293 1662 4320 ,
1692 4254 1824 4309 Obr.
1857 4253 1977 4308 Hac
2004 4249 2315 4326 pestilentia.
2350 4250 2468 4302 scu.
