3200 5117
801 550 925 638 590
1369 546 1906 611 GALPURNII
1952 546 2293 611 FLAcm

1680 983 1758 1059 X
1776 983 1988 1060 LVI.

1523 1193 1818 1268 Adulter
1834 1207 1850 1237 ¹
1891 1200 2143 1267 uxoris.

796 1400 884 1458 Ex
908 1397 1152 1458 duobus
1173 1396 1316 1457 finis
1339 1395 1515 1457 alteri
1544 1415 1803 1456 uxorem
1828 1394 2025 1470 dedit,
2050 1395 2204 1455 alter
2229 1394 2452 1455 incidit
2474 1395 2913 1457 itt-adversam

875 1495 1328 1570 valetudinem3
1354 1494 1573 1555 medici
1606 1494 1893 1554 dixerunt
1921 1494 2114 1553 animi
2144 1514 2269 1552 esse
2291 1493 2685 1574 languorem.
2714 1497 2915 1572 Qua—

873 1596 1030 1654 renti
1076 1594 1276 1675 patri,
1321 1591 1524 1652 fratris
1568 1612 1821 1652 uxorem
1863 1613 1925 1651 se
1965 1612 2173 1650 amare
2214 1590 2525 1651 confessus
2570 1607 2685 1651 est.
2738 1594 2907 1652 Petit

874 1702 1049 1773 pater
1076 1710 1113 1748 a
1135 1688 1303 1764 filio,
1332 1702 1402 1749 ut
1434 1690 1841 1751 matrimonio
1866 1688 2141 1749 eederet:
2180 1688 2569 1770 impetravit:
2600 1691 2907 1749 inventos

875 1788 940 1846 in
972 1785 1316 1847 adulterio²
1348 1802 1591 1869 postea,
1622 1786 1877 1846 fratrem
1913 1800 1973 1846 et
2006 1806 2262 1847 uxorem
2292 1786 2594 1847 secundus
2626 1789 2905 1846 maritus

876 1882 1130 1944 occidit:
1157 1881 1481 1944 abdicatur
1506 1903 1540 1942 a
1565 1893 1757 1965 patre.

1482 2088 1815 2134 CONTRA
1866 2086 2191 2131 FILIUM.

904 2211 1066 2283 Sero
1115 2237 1227 2281 me
1250 2268 1269 2302 ,
1320 2210 1728 2287 sanctissimi
1774 2211 2047 2312 judices
2069 2268 2089 2302 ,
2132 2208 2452 2281 abdicare
2501 2229 2728 2309 patet:
2772 2209 2898 2309 jus

801 2328 992 2401 enim
1019 2327 1116 2399 ad
1165 2327 1296 2399 hoc
1345 2328 1555 2417 redit,
1603 2349 1680 2399 ut
1720 2354 2036 2399 excusare
2079 2325 2478 2426 compellar,
2512 2353 2655 2397 non
2698 2325 2897 2423 quod

801 2463 1099 2514 extrema
1129 2470 1271 2515 non
1306 2442 1580 2514 tulerim
1600 2500 1619 2533 ,
1651 2443 1768 2513 sed
1801 2443 1990 2541 quod
2026 2442 2141 2513 illa
2175 2442 2400 2542 priora
2429 2440 2893 2514 toleraverim.

800 2557 945 2647 Qui
980 2556 1216 2655 capitis
1249 2585 1480 2657 poenas
1509 2586 1551 2629 a
1582 2586 1707 2631 suo
1740 2559 1944 2629 fratre
1973 2586 2097 2658 pro
2128 2583 2332 2628 uxore
2368 2557 2615 2627 dilecta
2646 2554 2894 2654 ³petit,

802 2671 972 2769 quid
999 2672 1141 2769 ipse
1167 2672 1526 2762 meruerit,
1557 2673 1875 2744 ostendit.
1908 2673 2188 2743 Crimen
2220 2671 2537 2770 superius
2562 2672 2719 2741 huic
2746 2671 2890 2740 im-

801 2806 1040 2884 putare
1073 2812 1215 2856 non
1251 2812 1571 2884 possum:
1608 2813 1775 2859 nam
1805 2788 2014 2858 frater
2040 2785 2324 2883 ignovit.
2357 2786 2713 2876 Quantum
2744 2784 2887 2857 tibi

802 2900 1204 3000 nuptiarum
1229 2900 1529 2971 cessione
1555 2900 1932 3000 praestiterit
1942 2899 1999 2988 ¹⁴,
2020 2898 2359 2971 adulterio
2388 2901 2892 2999 probaverunt:
2924 2976 2935 2984 ,

803 3014 927 3087 tibi
955 3014 1202 3086 liberas
1236 3035 1302 3087 et
1332 3037 1645 3115 perpetes
1680 3036 1948 3105 noctes,
1987 3012 2118 3086 sibi
2152 3013 2401 3085 furtiva
2434 3013 2896 3101 commercia,

803 3158 869 3208 et
893 3160 1214 3207 amorum
1248 3133 1554 3233 pericula
1581 3135 2044 3233 reliquerunt:
2068 3132 2344 3231 ignosce
2372 3129 2767 3202 amantibus
2785 3187 2807 3220 ‚
2836 3129 2892 3201 si

803 3278 958 3324 vere
991 3272 1263 3323 amasn.

883 3446 927 3479 1.
957 3427 1194 3481 Adulter.
1226 3426 1375 3480 Adde
1402 3426 1623 3493 Quintil.
1656 3425 1801 3479 Decl.
1957 3425 2007 3491 4.
2057 3424 2323 3494 Quantum
2366 3424 2514 3476 tibi...
2559 3424 2857 3496 praestiterit
2876 3464 2893 3490 ‚

804 3510 1020 3564 CCXCU.
1048 3510 1265 3562 Senum.
1887 3518 1986 3556 etc.
2013 3505 2210 3557 Similia
2237 3504 2363 3556 dixit
2385 3503 2576 3554 Fabius
2601 3502 2893 3555 Declamat.

880 3607 928 3640 2.
961 3589 1201 3639 Inventus
1234 3588 1289 3639 ἰη
1320 3587 1591 3640 adulterio.
1632 3588 1803 3656 Lege,
1887 3590 1975 3639 eit.
1994 3589 2182 3638 *Nunc
2198 3585 2463 3652 intelligo,
2472 3586 2899 3655 juvenis‚quan·

807 3672 1035 3723 inventos
1054 3668 1107 3719 in
1128 3666 1379 3720 adulterio
1393 3678 1569 3739 postea
1580 3667 1806 3738 fratrem
1892 3689 1915 3712 ι
1937 3679 2049 3717 tum
2092 3664 2219 3718 mibi
2260 3665 2558 3737 praestiteris
2578 3701 2596 3728 ,
2632 3661 2855 3715 amabas
2882 3687 2895 3714 ι

806 3763 858 3803 et
877 3766 1115 3804 sororem.
1141 3750 1287 3799 Pirn.
1892 3768 1913 3792 α
1936 3765 2060 3816 ergo
2086 3746 2301 3797 coibant
2330 3747 2509 3797 furtim
2529 3758 2577 3796 et
2600 3744 2818 3807 flentes,
2838 3759 2897 3795 nt

877 3830 928 3881 3.
956 3830 1059 3879 Pro
1087 3845 1244 3879 uxore
1265 3825 1454 3878 dilecta
1472 3828 1620 3898 petit.
1641 3828 1806 3897 Lege,
1892 3847 1914 3871 α
1934 3825 2296 3877 satisfacerent
2310 3825 2551 3875 invicem.
2569 3847 2591 3869 a
2612 3823 2677 3874 Et
2692 3824 2747 3873 in
2762 3822 2890 3874 fine:

805 3920 1017 3979 propter
1051 3924 1259 3961 uxorem
1293 3903 1554 3957 dilectam.
1584 3905 1801 3957 Senum.
1892 3905 2044 3957 “Non
2061 3905 2289 3973 amabat,
2302 3907 2395 3976 qui
2408 3906 2585 3976 potuit
2597 3904 2884 3957 occidere.-

1710 4176 1985 4189 m
