3200 5117
749 551 1582 620 DECLAMATIONES.
1630 554 2070 621 cccxxvl.
2317 555 2441 622 325

374 677 682 752 trimemi
715 677 1284 775 eivffimsaecepit:
1335 676 1390 748 si
1429 677 1560 749 hoc
1597 676 2049 751 defenderem·
2072 651 2452 754 infirmit&

369 793 775 867 tem-animi
823 793 964 866 mei
985 849 1018 881 ,.
1046 793 1205 865 satis
1246 792 1664 865 defensionis
1707 811 1914 883 esset,
1955 821 2098 866 non
2139 795 2295 867 odio
2330 824 2444 869 me

373 909 652 981 civitatis
682 907 946 980 fecisse.
983 907 1240 979 Filium
1269 934 1509 980 meum
1538 906 2057 979 immolandum
2089 936 2229 982 esse
2263 911 2452 984 dixe-

371 1044 473 1095 rat
518 1024 725 1095 deus:
771 1043 1009 1121 putate
1055 1021 1272 1120 egisse
1315 1049 1468 1113 me,
1516 1049 1606 1093 ne
1648 1021 2158 1094 immolaretur:
2201 1025 2449 1099 hostias

375 1138 579 1211 caedi¹
628 1136 1116 1210 mirabamini?
1158 1136 1370 1233 quid?
1407 1163 1523 1208 vos
1565 1163 1709 1207 non
1747 1135 2129 1209 maluistis?
2158 1141 2453 1212 Exorare

375 1280 564 1353 posse
591 1251 1247 1326 solemnibussacris
1280 1250 1841 1323 existimabamus
1865 1249 2068 1323 deos:
2104 1252 2314 1350 quid?
2337 1280 2455 1326 vos

374 1369 518 1443 haec
568 1366 877 1440 remedia
923 1392 1065 1438 non
1119 1362 1475 1438 tentastis?
1522 1366 1776 1436 Secum
1827 1365 2122 1463 quisque
2169 1368 2453 1466 cogitet,

377 1504 721 1583 quantum
750 1480 926 1553 mihi
956 1479 1360 1578 impositum
1390 1503 1591 1569 onus»,
1621 1479 1849 1577 qualis
1881 1500 2109 1553 exacta
2132 1508 2299 1554 vox:
2336 1482 2457 1554 sed

372 1625 464 1671 ne
493 1597 823 1670 mentitus
853 1594 1138 1694 quidem
1168 1620 1363 1682 sum3
1392 1618 1580 1664 sacra
1609 1593 1786 1692 exigi
1820 1619 1862 1665 a
1886 1594 2019 1665 diis
2048 1594 2459 1668 immortali-

374 1713 506 1785 bus
556 1711 739 1783 dixi:
794 1735 937 1781 non
989 1734 1178 1781 sacra
1228 1706 1725 1805 exigebantur?
1768 1735 1913 1779 non
1956 1708 2160 1780 sacris
2204 1709 2455 1809 placati

377 1826 575 1900 sunt?
601 1826 866 1924 alioqui
886 1824 1064 1897 nihil
1085 1851 1199 1896 me
1224 1824 1460 1896 fecisse
1484 1823 1932 1924 surripiendae
1953 1824 2185 1896 hostiae
2211 1826 2464 1923 gratia,

380 1942 490 2013 cui
520 1967 662 2013 non
692 1938 1142 2011 manifestum
1171 1937 1317 2010 est?
1349 1937 1647 2015 indicavi
1690 1938 1836 2011 filio
1876 1938 2166 2010 maximi
2211 1940 2456 2012 animi.

379 2061 559 2156 Ergo
585 2084 674 2129 ne
702 2055 834 2128 hac
861 2055 1151 2155 quidem
1177 2053 1381 2128 venia
1408 2054 1662 2152 dignus
1692 2075 1791 2127 est
1813 2074 2034 2154 pater,
2069 2053 2127 2125 si
2151 2053 2283 2126 hoc
2317 2054 2461 2126 filio

380 2171 597 2243 voluit
635 2169 907 2260 deberi,
943 2169 1132 2268 quod
1174 2168 1643 2242 moriebatur?
1671 2170 1859 2268 quod
1896 2168 2185 2269 quidem
2232 2195 2461 2267 neque

383 2285 651 2360 consilii
693 2285 876 2374 mei,
924 2310 1152 2384 neque
1199 2282 1584 2356 voluntatis
1626 2284 1933 2384 primum
1982 2283 2133 2354 fuit.
2192 2283 2464 2360 Credite

383 2429 543 2474 eum
559 2458 577 2491 ,
599 2402 719 2501 qui
736 2401 997 2500 legatus
1018 2399 1262 2472 missus
1283 2399 1400 2491 sit,
1421 2400 1670 2473 credite
1691 2426 1852 2473 eum
1867 2455 1888 2489 ,
1910 2399 2030 2503 qui
2057 2426 2463 2502 responsum

385 2515 757 2614 acceperit,
801 2514 1343 2605 renunciaverit,
1387 2514 1565 2586 nihil
1608 2514 1845 2586 animo
1886 2541 2053 2603 suo,·
2088 2512 2262 2585 nihil
2305 2541 2470 2615 pro-

381 2631 530 2730 pria
552 2652 782 2702 mente
807 2630 1074 2703 fecisse:
1100 2630 1232 2702 hoc
1253 2631 1553 2728 profecto
1574 2629 2010 2730 quaerebatur
2032 2628 2428 2729 exemplum
2443 2686 2462 2721 ,

386 2768 461 2818 ut
495 2767 879 2818 narraretur
913 2745 1226 2847 juveni²‚
1262 2747 1382 2845 qui
1419 2774 1544 2846 pro
1585 2746 1943 2846 republica
1985 2765 2279 2818 mortem
2322 2771 2466 2817 non

386 2861 746 2949 recusavit,
781 2861 903 2959 qui
933 2860 1007 2930 in
1034 2881 1408 2958 conspectu
1429 2861 1698 2934 civium
1734 2859 2109 2933 visceribus
2148 2859 2287 2932 suis
2324 2860 2467 2930 fer-

391 3001 544 3045 rum
573 2975 932 3055 im'mersit.
966 2977 1124 3047 Non
1164 2976 1465 3075 potuisse
1503 2977 1705 3050 aliter
1741 2977 1924 3048 finiri
1963 2975 2464 3076 pestilentiam,

390 3089 738 3185 quomodo
757 3089 961 3161 vultis
979 3089 1401 3188 approbem?
1421 3090 1515 3162 sic
1537 3092 1740 3162 finita
1763 3111 1894 3161 est:
1922 3116 2066 3161 non
2092 3090 2282 3161 enim
2307 3117 2471 3187 pro-

386 3204 564 3275 fecto
606 3203 703 3275 dii
743 3202 1165 3275 immortales
1201 3230 1474 3302 poenam
1509 3204 1878 3302 petebant,
1917 3228 2046 3273 nec
2083 3202 2155 3272 in
2197 3203 2468 3301 suppli-

393 3405 415 3429 ·
434 3381 578 3434 dant.
596 3407 619 3430 ι
633 3383 780 3442 Alios
796 3382 970 3453 legere
983 3419 1000 3447 ‚
1012 3380 1097 3434 lex
1110 3381 1241 3436 loesoe
1257 3383 1380 3456 reip.
1462 3382 1620 3436 coedes
1630 3379 2048 3453 indignabimini.
2067 3378 2228 3448 Quid?
2236 3397 2331 3431 vos.
2343 3380 2460 3432 Son.

388 3461 508 3514 huic
520 3465 729 3515 crimini
736 3464 1030 3533 conjuncta,
1043 3475 1191 3514 notat
1203 3461 1380 3514 AErod.
1460 3459 1633 3511 —Alii
1646 3481 1660 3522 ;
1674 3461 1819 3512 Num
1834 3456 2169 3509 verberamini
2177 3458 2466 3509 ?—Existi·

385 3541 555 3592 Bunu.
578 3572 651 3582 —
676 3542 734 3593 Si
760 3541 856 3594 hoc
882 3540 1207 3613 defenderem
1239 3538 1385 3612 infir·
1462 3542 1745 3593 mabamus.
1763 3538 2466 3591 Existimabam.Scnm:r.—-

389 3620 641 3672 mitatem.
678 3620 954 3685 AErodins,
994 3622 1093 3674 hic.
1132 3624 1270 3694 Lege
1293 3646 1304 3675 :
1342 3625 1387 3675 si
1463 3626 1588 3677 Non
1606 3639 1765 3675 sacra.
1785 3623 1979 3674 Nonne
1994 3638 2165 3685 sacra,
2190 3618 2372 3671 AErod.
2393 3646 2467 3656 —-

394 3700 490 3752 hoc
518 3702 841 3772 defenderem
878 3699 1182 3775 infirmitate
1218 3702 1390 3754 animi
1466 3704 1590 3755 Non
1622 3701 1790 3755 saeris.
1827 3700 1901 3750 At
1928 3717 2034 3751 non
2059 3700 2179 3751 satis
2200 3696 2279 3768 pl.
2313 3714 2352 3746 s.
2379 3693 2470 3746 sed

391 3799 504 3845 me,
537 3799 642 3832 non
667 3783 785 3834 odio
805 3784 1028 3835 civitatis
1037 3783 1248 3853 fecisse.
1269 3784 1392 3835 satis

391 3857 702 3930 defensionis
727 3871 851 3912 erat.
876 3862 1042 3913 Gnou.
1075 3855 1392 3929 Infit-mittite

392 3936 559 3989 animi
594 3937 726 4000 mei,
758 3957 863 3989 non
895 3938 1016 3991 odio
1052 3956 1137 3989 me
1170 3936 1392 3988 civitatis

381 4016 594 4089 fecisse,
616 4019 735 4072 satis
756 4018 1069 4091 defensionis
1089 4027 1239 4080 esset,
1269 4015 1389 4068 Sch.

393 4097 461 4148 At
477 4096 608 4150 Obr.
625 4097 894 4168 vulgatam
914 4109 1107 4160 servat,
1127 4095 1227 4147 nisi
1247 4093 1392 4166 quod

394 4176 698 4250 infirmitate
717 4179 859 4249 legit.
1335 4167 1340 4172 ²

471 4277 515 4312 1.
549 4262 757 4316 Hostias
788 4260 928 4313 coedt.
962 4259 1077 4324 An,
1111 4257 1391 4310 hostiarum

1467 3778 1694 3852 alioqui,
1718 3774 1892 3830 AErod.

1540 3879 1587 3912 2.
1631 3862 1947 3913 Narrat-etur
1969 3857 2177 3929 juveni.
2219 3852 2467 3918 Juvenis,

1468 3937 1650 3991 AErod.
1680 3935 1878 3989 Schult.
1908 3933 1977 3987 ad
2004 3934 2187 3985 Senec.
2222 3932 2467 3984 Controv-

1470 4016 1562 4069 lib.
1587 4019 1675 4081 lv,
1700 4017 1952 4068 controv.
1985 4014 2084 4079 28,
2108 4028 2228 4082 pag.
2256 4011 2375 4062 283.
2398 4038 2471 4052 —-

1470 4098 1671 4168 Maqna
1697 4098 1891 4148 anima.
1929 4097 2111 4147 Horat.
2146 4091 2247 4145 Od.
2282 4093 2337 4154 l,
2374 4108 2468 4158 12,

1473 4176 1566 4245 37:
1593 4197 1617 4220 ι
1637 4176 1939 4246 Anima-que
1962 4190 2162 4243 magne
2184 4169 2470 4241 prodigum

1478 4277 1501 4300 ι
1523 4252 1781 4306 Paullum.
1807 4277 1829 4302 ι
