3200 5117
672 552 2130 635 DECLAMATioNEs.cccxxxvu.
2321 560 2452 649 379

355 681 725 754 voluntatis
753 707 950 753 meae.
985 678 1165 751 Odit
1197 705 1313 750 me
1344 677 1713 764 exercituS,
1752 705 1907 778 pars
1942 681 2181 780 populi
2214 685 2450 758 fortis-

358 796 526 868 sima
549 854 570 887 ,
599 823 753 895 pars
782 793 1025 896 populi
1060 793 1320 892 optime
1351 794 1436 866 de
1470 793 1828 893 republica
1858 796 2143 867 merita:
2178 798 2277 870 illi
2313 801 2454 873 mi-

359 912 511 983 lites
553 912 874 999 victores,
918 910 1023 981 illi
1072 910 1382 982 hostium
1426 909 1649 1009 spolia
1689 910 2099 1001 referentes,
2142 940 2283 986 non
2332 943 2449 990 me

359 1026 791 1116 oeciderunt,
830 1025 953 1097 sed
994 1025 1249 1098 liberos
1277 1051 1512 1113 meos»,
1545 1025 1924 1125 conjugem
1955 1043 2238 1097 meam¹.
2276 1032 2446 1103 Puta

357 1139 549 1212 illos²
584 1140 689 1212 his
724 1140 1032 1213 aetatibus
1068 1140 1373 1213 hostium
1414 1139 1795 1238 pepercisse
1831 1167 1846 1211 :
1882 1139 2001 1212 illa
2040 1140 2250 1213 modo
2281 1144 2452 1216 victa

357 1256 589 1327 civitas
616 1255 789 1327 nibil
809 1313 828 1345 ,
859 1255 1052 1352 quod
1079 1255 1166 1327 ad
1198 1256 1496 1327 feminas
1522 1255 1854 1353 pertinet,
1892 1281 2085 1354 passa
2115 1276 2248 1345 est,
2280 1283 2454 1355 prae-

355 1392 456 1443 ter
485 1371 955 1469 captivitatem
993 1397 1007 1440 :
1045 1370 1339 1442 domum
1384 1395 1617 1440 meam
1660 1370 1974 1441 incendit
2006 1398 2021 1441 :
2067 1391 2251 1444 stant
2284 1371 2451 1461 illae,

357 1511 526 1581 quas
544 1485 858 1558 vicimus.
881 1482 1064 1554 Illud
1090 1503 1325 1556 tamen
1351 1483 1532 1554 inter
1549 1482 1796 1554 omnia
1815 1484 2297 1582 gravissimum
2318 1507 2453 1576 est;

356 1627 576 1697 quum
617 1599 764 1670 baec
796 1597 1109 1685 fecerint,
1152 1596 1549 1668 existimant
1581 1623 1650 1668 se
1676 1598 1838 1700 jure
1868 1599 2127 1670 fecisse.
2162 1600 2452 1691 Omnia,

358 1714 623 1811 inquit,
652 1714 800 1785 haec
826 1733 894 1784 et
924 1738 1051 1810 ego
1084 1739 1328 1813 passus
1355 1740 1538 1785 sum.
1570 1714 1762 1805 Scio,
1798 1742 1939 1812 quo
1969 1717 2338 1814 pertineat,
2375 1740 2453 1790 ut

353 1827 587 1899 videar
629 1853 756 1925 ego
791 1826 1041 1898 merito
1074 1853 1314 1926 passus
1348 1854 1362 1899 ε
1404 1848 1506 1899 est
1537 1847 1607 1899 et
1642 1828 1786 1900 baec
1827 1856 2032 1902 causa
2066 1831 2451 1922 moriendi,

357 1941 413 2013 si
457 1962 733 2014 tantum
788 1941 1104 2039 peccavi,
1152 1942 1210 2013 si
1264 1969 1345 2013 eo
1391 1969 1505 2014 me
1549 1942 1836 2016 deduxit
1878 1969 2096 2033 error,
2150 1965 2229 2016 ut
2272 1944 2455 2020 filios

357 2056 594 2132 meos3
622 2058 1034 2130 occiderem.
1067 2059 1578 2131 Confitendum
1618 2081 1721 2132 est
1762 2061 1848 2133 de
1888 2059 2018 2133 hac
2051 2061 2454 2160 gravissima

357 2173 778 2246 calamitate:
816 2174 1110 2245 domum
1142 2200 1376 2245 meam
1407 2174 1720 2246 incendit
1748 2176 2118 2267 exercitus,
2151 2176 2453 2276 populus

358 2315 498 2359 non
532 2287 863 2360 defendit.
898 2289 1166 2360 Omnia
1199 2309 1436 2360 tamen
1471 2290 1720 2362 eadem
1748 2311 1818 2362 et
1848 2317 1980 2389 ego
2000 2317 2241 2390 passus
2268 2319 2447 2368 sum.

356 2405 645 2476 Possum
671 2403 900 2476 dicere
920 2403 1055 2475 hoc
1083 2425 1362 2477 tantum
1384 2460 1403 2494 ,
1432 2405 1611 2477 ferre
1634 2405 1868 2503 potius
1892 2426 2117 2505 poteS,
2142 2407 2451 2505 gratulor

356 2520 590 2591 animo
625 2541 749 2592 tuo
784 2548 798 2591 :
829 2520 961 2592 ‘sed
996 2548 1087 2592 ne
1126 2521 1386 2594 mimm
1423 2522 1718 2621 quidem
1754 2543 1891 2610 est,
1931 2524 2119 2620 quod
2158 2543 2238 2595 tu
2272 2517 2481 2596 ferre‘

352 2637 583 2736 potius
605 2658 801 2737 potes
823 2668 840 2726 ;
869 2638 1179 2738 locuples
1205 2665 1296 2711 est
1319 2639 1516 2730 Quid
1548 2638 1804 2712 horum
1822 2696 1844 2730 ,
1869 2665 2026 2739 quae
2052 2639 2449 2739 perdidisti,

353 2779 776 2851 magnopere
806 2751 1193 2842 desideras?
1221 2752 1512 2825 domum
1532 2810 1551 2841 ‚
1581 2755 1833 2852 opinor
1865 2754 2070 2850 (hinc
2098 2754 2295 2827 enim
2331 2753 2451 2825 in·-

355 2866 679 2965 cipiam),
712 2869 1068 2968 perdidisti
1101 2897 1114 2940 ε
1147 2869 1387 2941 infelix
1421 2895 1566 2940 non
1602 2868 1895 2942 habebis
1929 2892 2223 2959 tectum,
2259 2868 2450 2967 quod

356 2980 651 3052 subeas?
695 2983 772 3053 in
812 2984 1098 3083 publico
1138 2984 1266 3056 tibi
1309 2983 1744 3056 manendum
1786 3005 1889 3056 est
1914 3043 1933 3075 ,
1984 3006 2051 3058 et
2087 2984 2221 3057 sub
2263 2983 2446 3055 oaelo.

354 3098 661 3171 Fortasse
690 3099 908 3172 etiam
934 3100 1356 3173 contulerint
1381 3101 1512 3172 ista
1541 3101 1954 3173 detrimenta
1980 3100 2243 3173 deliciis
2268 3100 2441 3175 tuis:

355 3213 679 3288 novimus
706 3215 976 3288 animos
1003 3236 1253 3288 vestros
1272 3272 1291 3306 ,
1322 3214 1646 3286 novimus
1672 3215 1955 3287 faaidia
1978 3241 1993 3285 ε
2013 3214 2078 3285 ἐἰ
2109 3238 2252 3286 non
2279 3236 2447 3287 esset

355 3328 637 3405 incensa
676 3334 927 3405 domus
946 3389 967 3422 ,
1010 3332 1307 3405 subinde
1341 3331 1654 3421 diruere,
1686 3331 1990 3403 subinde
2022 3352 2293 3403 mutare
2325 3357 2443 3407 vos

432 3492 474 3530 ι.
502 3478 777 3552 Conjuqem
814 3496 1002 3529 meam.
1041 3477 1145 3530 Sed
1173 3480 1361 3550 conju»
1438 3503 1511 3516 ·-
1550 3473 1743 3527 Omnia
1780 3487 1971 3526 tumen.
2008 3473 2202 3526 Omnia
2234 3484 2441 3539 tamen,

349 3573 467 3626 ιιῘσηι
496 3573 682 3608 meam.
715 3556 897 3609 AErod.
1440 3553 1639 3624 inquit,
1658 3554 1861 3605 eadem.
1886 3554 2104 3606 Senum.
2124 3581 2200 3593 -·
2227 3553 2440 3606 Pomm

426 3653 474 3688 2.
501 3638 638 3688 Puta
663 3637 796 3690 illos.
823 3640 961 3689 Puto
985 3638 1127 3705 illos,
1152 3636 1350 3691 Schult.
1437 3635 1620 3686 dicere.
1648 3636 1863 3686 Possum
1895 3634 2090 3699 dicere,
2118 3633 2236 3685 Hoc
2268 3644 2437 3694 tamen

354 3726 406 3765 et
432 3712 607 3765 AErod.
631 3745 702 3754 —
723 3716 879 3767 Stant
904 3716 1025 3770 illoe.
1053 3718 1208 3769 Stant
1228 3734 1356 3788 quas
1422 3715 1570 3785 ferre
1587 3716 1764 3787 potius
1780 3726 1957 3786 potes.-
1979 3713 2238 3788 ψωμῶν,
2263 3710 2438 3765 AErod.

353 3791 592 3858 vicimus,
612 3793 791 3847 AErod.
810 3825 882 3836 —
901 3796 1071 3864 Quum
1093 3794 1200 3846 hoec
1211 3793 1354 3863 sece—
1432 3796 1678 3864 Legerem
1691 3832 1708 3860 ,
1723 3794 1869 3865 ferre
1875 3793 2073 3865 fortius
2086 3803 2258 3865 potes,
2279 3804 2331 3843 et
2353 3789 2440 3842 bic

354 3873 472 3924 n'nr.
499 3873 647 3942 Quod
667 3892 824 3946 quum
847 3876 898 3928 1⁸.
916 3877 968 3948 f.
994 3878 1263 3928 Francius,
1434 3888 1486 3928 et
1507 3893 1633 3927 mox
1655 3876 1879 3928 iterum:
1904 3888 1959 3927 et
1983 3875 2055 3926 iu
2078 3872 2263 3944 paullo
2286 3885 2439 3943 post,

419 3953 472 4005 3.
491 3953 654 4005 Error
669 3952 888 4026 &filios
905 3972 1062 4007 meos.
1081 3955 1258 4007 Error.
1288 3954 1357 4006 Ut
1422 3951 1625 4023 fortius
1652 3953 1978 4006 mebant.
2022 3950 2179 4004 Ovid.
2224 3950 2436 4003 named.

333 4032 485 4106 filios
514 4053 652 4089 meos
675 4053 782 4088 non
807 4037 1098 4090 occiderent
1115 4035 1138 4104 (
1152 4047 1242 4087 aut
1266 4053 1355 4088 oo·
1432 4034 1549 4085 Am.
1575 4033 1711 4099 463:
1743 4056 1767 4080 ι
1787 4035 1997 4085 Fortius
2018 4051 2050 4083 e
2074 4031 2249 4083 multis
2276 4045 2440 4084 mater

347 4114 617 4186 uidissem)
652 4113 1002 4189 confitendum
1039 4127 1112 4168 est
1148 4114 1245 4166 hac
1270 4133 1350 4187 qr.
1438 4133 1461 4158 ιι
1481 4110 1745 4164 desiderat
1761 4131 1976 4165 unum.-
1997 4110 2102 4164 Ubi
2118 4108 2239 4162 vide
2258 4111 2435 4164 Heius.

348 4210 425 4242 ca.
445 4196 609 4265 quod,
623 4209 730 4247 etc.
749 4208 839 4247 aut
853 4195 1161 4260 occiderem,
1176 4193 1230 4245 id
1245 4207 1351 4262 est,
1432 4207 1486 4247 et
1505 4192 1573 4245 ad
1596 4194 1709 4246 Art.
1726 4195 1845 4248 Am.
1861 4197 1902 4259 1,
1931 4194 2049 4247 281.
2066 4195 2236 4246 Buta.
2255 4193 2441 4245 -Sod

351 4287 508 4324 cansa
537 4291 708 4326 essem
735 4287 793 4325 ut
821 4271 1206 4326 oeciderentnr.
1230 4273 1348 4325 Sca.
1431 4274 1699 4326 nimirum.
1724 4275 1826 4328 Sed
1848 4275 1988 4328 nihil
2009 4277 2219 4328 mis-um.
2245 4276 2364 4328 Set.
