3200 5117
722 626 850 714 296
1222 626 1315 687 M.
1364 623 1619 686 FABu.
1661 622 2304 706 QUINTILJANI.

718 747 979 820 obstitit
1000 747 1201 819 tacita
1225 745 1514 819 natura?
1537 773 1681 817 non
1704 747 2059 843 sanguinis
2075 747 2234 847 jus?
2258 773 2402 820 non
2430 749 2799 821 sceleribus

716 889 967 934 manus
991 890 1145 934 suas
1168 862 1452 964 objecit,
1484 887 1917 960 quaecunque
1945 883 2044 932 est
2067 861 2225 952 illa,
2254 889 2406 961 quae
2434 885 2612 936 certe
2645 891 2799 936 cre·
2835 891 2842 896 ·

716 975 901 1049 ditur
923 1005 1101 1066 esse,
1133 973 1387 1077 pietas?
1411 977 1695 1048 fratrem
1724 975 2029 1047 occisuro
2065 1004 2207 1049 non
2235 976 2568 1049 succurrit
2599 1005 2795 1049 com-

716 1093 954 1164 munis
979 1091 1253 1163 uterus?
1275 1118 1419 1162 non
1449 1090 1692 1162 eadem
1722 1116 1924 1162 causa
1949 1089 2139 1161 vitae?
2162 1117 2314 1162 non.
2337 1117 2476 1163 una
2500 1092 2798 1190 primor-

715 1208 867 1279 dia?
891 1235 1034 1279 non
1056 1208 1211 1296 illa,
1238 1234 1390 1304 quae
1407 1207 1702 1279 alienos¹
1735 1207 1942 1278 etiam
1967 1234 2046 1278 ac
2073 1207 2268 1279 nulla
2295 1207 2795 1279 necessitudine

712 1322 889 1395 inter
919 1350 990 1394 se
1019 1324 1425 1424 conjunctos
1456 1348 1874 1421 componere
1899 1342 1966 1393 et
1991 1322 2405 1421 adstringere
2433 1322 2794 1394 affectibus

709 1460 961 1539 potest,
994 1440 1423 1512 consuetudo
1453 1438 1901 1536 actae'pariter
1932 1438 2280 1540 infantiae,
2316 1439 2624 1537 pueritiae
2659 1460 2797 1511 stu-

709 1552 860 1640 dia,
884 1552 1106 1643 lusuS,
1134 1553 1424 1641 tristitia,
1445 1552 1628 1654 joci?
1655 1552 1976 1622 Membra
2000 1552 2277 1624 hercule
2301 1554 2479 1624 inter
2501 1581 2569 1624 se
2599 1553 2792 1625 citius

711 1668 1204 1766 pugnaverint,
1249 1689 1314 1739 et
1340 1668 1397 1738 si
1429 1693 1569 1764 qua
1603 1667 1676 1736 in
1717 1666 1914 1737 nobis
1949 1689 2198 1738 natura
2232 1667 2650 1764 geminavit,
2684 1667 2789 1738 di·-

709 1807 934 1851 versos
959 1781 1272 1878 ceperint
1294 1780 1616 1851 affectus:
1650 1805 1814 1849 nam
1844 1779 2010 1875 quid
2033 1801 2132 1851 est
2154 1781 2352 1851 aliud
2373 1782 2788 1870 fraternitam,

712 1920 928 1991 quam
969 1895 1226 1965 divisus
1268 1891 1587 1991 spiritus?
1629 1914 1697 1963 et
1728 1918 1882 1989 quae
1918 1893 2006 1964 ad
2043 1893 2337 1966 tuendos
2378 1921 2506 1965 nos
2547 1916 2794 1966 natura

673 2083 680 2092 ,
710 2034 1031 2081 concessa
1054 2028 1251 2098 sunt,
1288 2007 1782 2104 multiplicata;
1822 2034 1903 2078 eo
1937 2008 2226 2105 quidem
2264 2009 2533 2080 felicius
2554 2067 2580 2099 ,
2603 2008 2792 2107 quod

712 2125 986 2197 diversis
1022 2126 1230 2197 etiam
1256 2123 1730 2196 assistentibus
1757 2123 1930 2194 locis
1946 2137 1997 2210 ²,
2031 2124 2413 2202 essejidem
2435 2182 2454 2215 ,
2486 2153 2562 2197 ac
2595 2125 2795 2223 plura

712 2240 925 2311 simul
959 2240 1152 2311 obire
1180 2241 1548 2339 possimus.
1581 2240 1767 2310 Huic
1800 2242 2293 2313 necessitudini
2329 2242 2449 2338 qui
2478 2242 2639 2338 dare
2673 2269 2793 2313 ve-

712 2380 980 2425 nenum
1014 2376 1265 2453 potest,
1295 2382 1439 2425 non
1470 2354 1706 2426 oculos
1736 2355 2018 2426 effodiet
2045 2354 2245 2427 suos?
2276 2382 2420 2428 non
2448 2382 2697 2429 manus
2719 2357 2795 2428 in

710 2467 964 2539 viscera
982 2495 1106 2540 sua
1129 2469 1457 2540 armabit?
1485 2469 1699 2541 habet
1723 2496 1886 2567 ergo
1911 2469 2042 2542 hoc
2068 2470 2419 2569 primum,
2440 2493 2521 2543 ut
2547 2471 2799 2570 parcis-

714 2582 886 2655 sime
920 2583 1211 2655 dixerim
1231 2642 1250 2673 ,
1283 2583 1835 2655 admirationem.
1871 2588 2114 2682 Neque
2149 2612 2276 2684 ego
2304 2586 2576 2685 ignoro,
2597 2585 2793 2683 judi-

714 2709 826 2769 ces
845 2755 863 2787 ,
908 2719 1167 2797 quanto
1212 2725 1324 2771 me
1367 2725 1576 2771 onere
1621 2726 1932 2798 premam
1959 2725 1973 2770 :
2021 2700 2165 2799 ipse
2211 2700 2532 2771 confiteor
2574 2697 2789 2769 nullis

714 2812 1105 2914 suppliciis,
1135 2812 1347 2885 nullis
1379 2814 1633 2911 poeniS,
1673 2814 1868 2886 nulla
1906 2840 2018 2885 me
2054 2816 2372 2888 omnium
2411 2812 2788 2884 hominum

716 2928 817 2999 ira
844 2954 1037 3025 posse
1062 2928 1366 3026 pensari,
1400 2929 1457 2999 si
1485 2928 1639 3000 feci.
1667 2930 1842 3001 Vult
1869 2928 2222 3001 detrahere
2244 2927 2640 3002 fraternitati
2665 2953 2792 2998 au-

795 3149 813 3183 ι
827 3171 839 3182 .
860 3133 985 3186 Non
1005 3131 1101 3183 illa
1117 3132 1443 3200 consuetude,
1460 3151 1578 3206 quoe
1593 3132 1718 3200 alie-

718 3231 823 3264 nos.
847 3211 1068 3264 Videtur
1090 3233 1190 3265 vox
1214 3217 1522 3266 consuetudo
1550 3215 1720 3267 abun-

716 3293 871 3358 dare,
891 3309 943 3346 et
968 3294 1301 3346 scribendum
1321 3318 1332 3346 :
1362 3316 1467 3348 non
1490 3317 1597 3349 una
1615 3299 1724 3370 pn*-

718 3374 915 3425 mordia
927 3377 951 3424 Ρ
966 3395 1069 3429 non
1086 3375 1181 3427 illa
1196 3377 1340 3450 (quoe
1352 3376 1549 3432 alienos
1560 3378 1718 3431 etiam

715 3471 779 3501 ac
826 3451 978 3501 nulla
1020 3454 1386 3506 necessitudine
1427 3459 1722 3528 conjunctos

717 3548 1023 3600 componere
1043 3545 1098 3584 et
1116 3536 1425 3608 adstrinqere
1447 3537 1722 3608 affectibus

713 3611 912 3684 potest)
934 3617 1241 3668 consuetudo
1264 3629 1392 3668 actoe
1414 3618 1611 3686 pariter
1635 3620 1721 3669 in·

705 3689 902 3760 fantiae
919 3728 937 3756 ,
979 3693 1212 3761 pueritia·
1229 3695 1254 3743 P
1287 3694 1472 3746 Studia
1487 3734 1505 3760 ‚
1546 3695 1684 3747 lusus
1699 3733 1717 3760 ,

717 3772 923 3823 tristitia
938 3810 955 3836 ,
966 3775 1082 3844 joci
1093 3776 1120 3823 ?
1135 3774 1295 3840 Quod
1314 3789 1488 3828 autem
1507 3777 1721 3848 irrepsit

717 3854 771 3903 in
808 3852 1104 3907 Pithoeanas
1141 3854 1294 3906 nulla
1328 3859 1717 3926 consuetudine,

716 3929 992 3983 sciendum
1034 3946 1083 3985 et
1124 3931 1269 4006 apud
1308 3933 1631 3987 Thaddaeum
1667 3950 1720 3988 et

717 4007 863 4077 apud
885 4009 1156 4063 AErodium
1182 4011 1288 4081 legi
1320 4014 1716 4079 necessitudine,

717 4103 778 4139 ut
809 4089 941 4142 illud
975 4111 1255 4162 operarum
1282 4094 1465 4145 vitium
1496 4112 1609 4146 esse
1640 4095 1720 4145 vi-

719 4164 924 4218 deatur.
955 4170 1124 4221 Giton.
1159 4170 1379 4223 Sustulit
1409 4173 1717 4223 consuetudo

718 4245 851 4298 Obr.
889 4277 960 4287 —
998 4250 1228 4304 Tristitia
1247 4291 1265 4317 ‚
1293 4255 1425 4323 J'oci.
1467 4254 1719 4304 Francius

720 4326 978 4394 malebat,
1002 4330 1186 4384 loetitia
1201 4370 1217 4400 ,
1228 4334 1360 4403 joci.
1384 4361 1455 4374 -—
1478 4333 1720 4385 Gemina.-

1799 3137 1886 3189 υἷι.
1914 3139 1982 3190 Ut
2005 3137 2218 3189 brachia
2237 3176 2252 3203 ,
2277 3135 2475 3208 pedes,
2504 3149 2603 3189 ete.
2630 3153 2794 3206 quare

1797 3215 1932 3267 male
1969 3218 2283 3289 qerminavit
2330 3216 2435 3267 alii.
2481 3245 2552 3254 —-
2596 3213 2798 3266 Divisus

1797 3299 2015 3367 spiritus.
2067 3297 2268 3349 Divisus
2312 3296 2525 3369 quidam
2574 3296 2796 3367 spiritus.

1802 3376 2017 3426 Senum.
2050 3375 2256 3428 Divisa-s
2283 3394 2379 3446 per
2406 3376 2530 3428 duos
2557 3375 2761 3444 spiritus
2776 3411 2795 3439 ‚

1799 3456 2065 3506 Francius.

1875 3549 1921 3582 τι.
1946 3531 2167 3584 Diversis
2188 3531 2343 3583 etiam
2367 3530 2706 3584 assistentibus
2728 3527 2801 3580 lo-

1798 3612 1885 3662 cis.
1906 3612 2133 3662 Forsan:
2159 3609 2363 3663 diversis
2388 3610 2544 3660 etiam
2571 3628 2633 3661 ac
2657 3608 2798 3660 dissi-

1799 3691 2031 3743 dentibus
2041 3689 2505 3745 locis.Gnou.-Al.
2518 3691 2795 3742 existentes.

1800 3771 1945 3821 Prru.
1971 3771 2085 3835 An,
2110 3771 2264 3822 etiarn
2292 3787 2396 3820 non
2426 3768 2800 3821 assistentibus?

1799 3848 1913 3915 vel,
1937 3850 2138 3904 diversis
2160 3852 2319 3903 etiam
2342 3848 2659 3908 absistentes,
2684 3846 2769 3899 vel
2783 3885 2802 3912 ‚

1802 3930 2095 3985 insistentes.
2136 3934 2353 3985 Scnmr.
2389 3930 2611 3982 Diversis
2641 3929 2800 3980 etiam

1796 4012 2098 4064 exsistentes.
2127 4011 2305 4075 Locis,
2333 4007 2464 4061 Obr.
2497 4008 2688 4072 Forte,
2716 4005 2799 4056 di-

1797 4091 1929 4142 versi
1966 4094 2123 4144 etiam
2163 4109 2227 4141 ac
2267 4089 2507 4142 distantes
2542 4087 2682 4140 Iocis.
2720 4087 2798 4136 De

1797 4187 1929 4221 voce
1943 4171 2181 4234 diversus,
2196 4166 2298 4221 vid.
2317 4164 2388 4219 ad
2400 4166 2555 4220 Ovid.
2571 4169 2666 4236 Ep.
2683 4164 2795 4229 ΧΠ,

1803 4249 1902 4315 145
1915 4270 1929 4312 ;
1954 4250 2036 4302 vel
2059 4250 2202 4321 lege,
2224 4248 2442 4302 diversis
2452 4248 2611 4299 etiam
2631 4262 2692 4297 ac
2712 4244 2798 4295 di-

1795 4333 2043 4385 stantibus
2058 4332 2278 4386 locis.-
2288 4330 2473 4384 Iidem.
2489 4328 2575 4382 Al.
2592 4327 2797 4380 ibidem.
