3200 5117
721 570 1559 642 DECLAMArloNES.
1603 573 1986 638 comm.
2317 568 2397 655 59

318 731 468 776 mus
502 703 628 776 iste
668 702 757 776 ad
797 700 1397 776 contemnendum
1441 699 1748 799 pericula
1779 721 2085 800 paratus,
2122 723 2205 770 ex
2237 721 2397 767 meo

315 817 550 890 fluxit:
592 844 719 917 ego
740 839 805 890 te
828 817 952 889 diu
975 815 1327 916 praeceptis
1356 815 1487 887 feci
1511 813 1741 885 virum
1767 816 2047 906 fortem,
2083 811 2400 914 proxime

312 915 602 1030 quidem
619 934 829 1008 etiam
846 932 1186 1034 exemplo.
1201 935 1853 1029 Quantumcunque
1868 933 1954 1004 sit
1967 931 2150 1004 istud
2166 987 2185 1019 ‚
2209 927 2396 1027 quod

310 1071 502 1148 peto,
556 1078 697 1123 non
727 1050 1033 1123 indicare
1067 1050 1225 1124 satis
1249 1071 1382 1139 est,
1417 1075 1562 1122 non
1595 1047 2016 1120 desiderium
2044 1045 2400 1147 pervenire

312 1165 379 1236 in
417 1166 738 1238 notitiam
782 1188 978 1240 tuam
1027 1165 1312 1255 sufficit,
1356 1164 1493 1236 nisi
1536 1188 1772 1262 preces
1807 1159 2227 1233 adhibuero?
2268 1158 2401 1231 nisi

309 1281 782 1354 auctoritatem
797 1301 1153 1381 paternam
1172 1278 1622 1352 summisero?
1647 1276 1952 1350 multum
1973 1300 2369 1376 peccaveras
2383 1330 2401 1358 ‚

307 1396 579 1468 etiamsi
627 1398 1064 1497 praestitisses.
1112 1399 1318 1469 Nunc
1362 1421 1523 1466 vero
1579 1393 1754 1491 quid
1809 1420 1850 1464 a
1904 1413 1972 1465 te
2025 1388 2406 1493 petieram?

307 1531 382 1582 ut
416 1513 597 1584 mihi
633 1515 920 1612 praemio
954 1512 1270 1588 cederes:
1309 1538 1453 1583 non
1490 1509 1642 1581 dico
1684 1508 1856 1609 quid
1899 1509 2109 1580 fuerit
2141 1526 2406 1580 secutu-

308 1652 491 1699 rum.
539 1630 718 1703 Sane
753 1630 849 1702 ita
878 1630 965 1701 sit
1007 1629 1376 1701 constituta
1403 1626 1542 1716 lex,
1574 1648 1652 1699 ut
1692 1627 1765 1698 in
1803 1625 2075 1727 judicio
2113 1643 2405 1696 conten-

308 1740 592 1833 damus,
624 1768 702 1818 ut
723 1745 889 1817 citra
912 1743 1306 1844 periculum
1332 1744 1589 1816 feratur
1625 1742 1712 1815 de
1742 1763 1969 1815 nostra
1990 1741 2234 1812 virtute
2256 1765 2405 1811 sen-

304 1857 565 1945 tentia;
600 1884 742 1928 non
773 1879 917 1929 erat
941 1884 1223 1953 aequum
1248 1854 1488 1928 cedere
1516 1878 1618 1948 te,
1649 1878 1728 1929 ut
1759 1884 1905 1930 non
1932 1857 2159 1928 dicam
2192 1854 2401 1954 patri,

304 1970 503 2044 seni?
549 1971 681 2043 tibi
733 1971 1206 2068 approbandoe
1237 1970 1500 2045 virtutis
1547 1976 1772 2046 multa
1803 1995 2115 2071 tempora
2159 1996 2403 2070 super-

302 2108 511 2160 sunt:
550 2107 628 2158 tu
672 2111 949 2184 sperare
983 2085 1054 2157 id
1076 2144 1096 2176 ‚
1145 2088 1334 2183 quod
1368 2086 1577 2160 hodie
1617 2090 1928 2180 cesseris,
1963 2109 2188 2189 potes:
2225 2088 2401 2159 mihi

302 2201 613 2275 indulsit
639 2202 917 2275 fortuna
940 2203 1127 2274 hunc
1152 2230 1563 2303 supremum
1589 2207 1950 2298 honorem.
1979 2209 2168 2278 Inter
2191 2226 2407 2278 extra·

300 2345 481 2392 neos
511 2344 793 2416 quoque
827 2338 893 2390 et
922 2317 1186 2392 alienos
1220 2340 1319 2392 est
1349 2322 1638 2421 aliquod
1672 2322 2110 2423 privilegium
2149 2321 2356 2393 aetatis
2384 2347 2399 2390 :

306 2434 610 2506 honores
637 2433 827 2534 prior
851 2443 1194 2533 peterem:
1223 2435 1311 2507 ad
1333 2437 1760 2537 signandum
1787 2437 2186 2526 advocatuS,
2220 2437 2408 2534 prior

309 2575 629 2647 rogarer:
677 2547 751 2620 in
781 2548 890 2621 his
919 2549 1129 2622 etiam
1163 2550 1480 2625 minimis
1513 2551 2150 2642 observationibus,
2189 2549 2407 2622 inhu-

309 2690 518 2736 mane
575 2690 718 2736 non
772 2664 1047 2738 cederes
1095 2664 1436 2739 honorem
1478 2659 1726 2742 leteris.
1797 2672 1944 2767 Age
1995 2694 2155 2739 vero
2185 2724 2203 2755 ‚
2261 2692 2404 2736 non

309 2802 556 2877 praeter
588 2777 721 2850 hoc
753 2780 964 2852 etiam
997 2780 1276 2879 dignior
1304 2782 1588 2881 praemio
1618 2784 1752 2856 fuit
1784 2784 1993 2855 virtus
2024 2775 2232 2853 mea?
2258 2806 2400 2851 non

309 2916 408 2967 est
428 2916 577 2968 tam
597 2893 1035 2986 admirabile,
1060 2922 1283 2996 quum
1304 2897 1569 2970 fortiter
1589 2899 1761 2972 facit
1763 2896 2044 3000 juvenis
2064 2924 2079 2968 t
2098 2895 2230 2969 hoc
2247 2917 2403 2969 aetas

310 3010 645 3107 postulat,
691 3010 824 3083 hoc
865 3011 1078 3086 robur
1116 3012 1416 3113 juventae
1464 3015 1729 3114 poscit:
1780 3041 1979 3115 paene
2021 3035 2223 3113 turpe
2264 3032 2402 3098 est,

315 3149 453 3194 non
490 3124 760 3198 fecisse:
806 3126 938 3198 hoc
986 3148 1085 3199 est
1118 3127 1385 3201 honore
1430 3128 1710 3228 dignius
1756 3129 1995 3202 vicisse
2033 3154 2287 3218 annos,
2342 3147 2407 3198 et

321 3233 501 3307 ultra
535 3260 797 3312 aetatem
834 3240 1159 3314 durantes
1200 3268 1402 3341 agere
1434 3244 1737 3317 virtutes.
1775 3246 1878 3315 Eo
1912 3263 2225 3340 tempore
2256 3241 2404 3312 for-

323 3344 478 3417 titer
506 3351 633 3422 feci
654 3409 673 3439 ‚
719 3381 857 3452 quo
887 3356 1042 3454 cogi
1075 3382 1220 3428 non
1256 3383 1567 3456 possem,
1603 3378 1680 3431 ut
1713 3358 2102 3430 militarem.
2147 3359 2402 3430 Utrum

322 3461 605 3535 tandem
622 3466 723 3537 vis
744 3495 1085 3569 magnum
1105 3499 1248 3546 esse
1265 3528 1284 3563 ,
1309 3471 1498 3569 quod
1521 3501 1649 3573 ego
1674 3473 1833 3560 feci,
1856 3500 1944 3546 an
1967 3473 2210 3545 minus
2223 3497 2404 3558 esse,

321 3577 508 3673 quod
537 3598 611 3652 tu
636 3579 889 3655 fecisti?
913 3585 1275 3658 videamus
1300 3614 1493 3661 nunc
1518 3588 1700 3660 haec:
1730 3585 1886 3688 quis
1912 3588 2123 3659 fuerit
2145 3606 2409 3658 secutu-

320 3719 431 3763 ms
469 3694 726 3769 exitus:
766 3699 821 3769 si
858 3698 932 3771 in
968 3699 1099 3774 ista
1135 3704 1581 3777 contentione
1622 3704 1927 3802 praemii,
1957 3703 2146 3776 idem
2181 3698 2407 3774 animi

322 3834 447 3906 ego
482 3840 763 3912 quoque
795 3816 1236 3911 habuissem,
1272 3822 1482 3893 armis
1512 3819 2083 3892 contendendum
2115 3833 2298 3889 erat:
2342 3834 2408 3887 et

307 3967 483 4038 fecisti
504 3973 676 4028 robore
694 3989 744 4029 et
761 3995 975 4050 corpore
996 3990 1120 4044 ruo,
1143 3998 1319 4032 meum
1408 4004 1430 4028 α
1450 3982 1576 4045 iste,
1599 3995 1777 4033 meum
1800 3991 1895 4030 est.
1918 4000 1941 4023 ι
1969 3978 2039 4028 Ut
2068 3989 2119 4027 et
2141 3992 2276 4027 vere.
2308 3973 2406 4044 ¹73

316 4058 402 4100 est.
446 4049 663 4105 Senum.
704 4055 866 4108 Color
906 4056 1100 4109 ductus
1141 4072 1219 4110 ert
1256 4077 1319 4111 ex
1399 4061 1603 4114 dixerat
1628 4082 1641 4111 :
1683 4083 1705 4106 a
1726 4058 1888 4129 Quod
1922 4056 2114 4110 Thebe
2136 4055 2373 4110 cecidere
2386 4094 2404 4122 ‚

314 4127 415 4184 illi·
446 4130 606 4187 Ulixi·
640 4137 785 4208 apud
815 4138 973 4192 Ovid.
1008 4138 1136 4191 Met.
1166 4141 1320 4208 XIII,
1404 4164 1427 4188 ιι
1447 4159 1624 4193 meum
1640 4152 1736 4193 est.
1753 4163 1776 4186 a·
1795 4140 1976 4207 Quare
1989 4137 2240 4207 legerem:
2257 4136 2410 4207 Quod

317 4209 447 4264 235:
473 4233 496 4257 «ι
516 4213 784 4286 Tempore
802 4216 870 4270 ab
889 4216 1024 4285 hoc,
1044 4217 1320 4290 quodcun-
1389 4222 1611 4294 fortiter
1618 4221 1799 4296 fecisti
1808 4262 1826 4289 ‚
1845 4238 2022 4272 meum
2040 4230 2140 4287 est,
2160 4220 2303 4295 quod
2323 4237 2405 4270 ro-

323 4311 344 4334 ·
361 4310 465 4363 qne
484 4309 666 4366 potest
690 4294 880 4353 fecisse
901 4300 1067 4353 videri
1093 4301 1321 4353 Fortiter
1402 4302 1533 4356 boris
1559 4313 1614 4355 et
1635 4301 1853 4374 pectoris
1875 4299 1967 4354 tibi
1986 4311 2086 4368 est,
2116 4319 2290 4353 meum
2314 4307 2404 4351 est·
