3200 5117
816 559 945 643 474
1319 550 1416 616 u.
1462 548 1720 616 mm
1761 504 2404 631 Qoimthm

814 671 1178 773 Saguntini
1216 671 1529 743 fecerunt
1570 670 2043 769 parricidium.
2074 669 2146 742 Si
2174 696 2336 768 ergo
2375 696 2575 743 mens
2603 670 2678 742 in
2711 672 2911 745 factis

814 810 1179 889 spectatur,
1212 812 1445 857 meam
1477 785 1797 883 inspicite
1826 811 1842 854 :
1878 809 2091 882 quare
2117 783 2345 856 violo?
2372 784 2647 857 inimici
2673 787 2916 885 sepul-

816 932 1012 979 crum
1061 925 1194 990 est;
1235 903 1456 974 immo
1498 902 1705 974 etiam
1753 900 2244 974 commilitonis
2280 901 2526 973 amici:
2578 902 2913 975 credibile

764 1067 769 1076 ·
817 1021 1006 1093 enim
1051 1040 1149 1091 est
1189 1018 1452 1089 similes
1489 1017 1850 1116 propositis
1895 1018 2158 1089 amicos
2201 1018 2434 1090 fuisse.
2475 1017 2793 1108 Deinde,
2837 1041 2915 1091 nt

819 1137 1026 1207 etiam
1050 1137 1204 1206 vivo
1234 1160 1476 1205 nocere
1504 1133 1840 1204 voluerim
1859 1188 1878 1222 ,
1910 1153 2183 1204 mortuo
2213 1153 2446 1205 tamen
2479 1133 2912 1232 parcendum

819 1272 918 1323 est
952 1277 967 1323 ε
1015 1250 1303 1337 deinde,
1347 1274 1486 1346 quo
1530 1245 1892 1346 tempore?
1939 1246 2146 1319 bello·
2175 1246 2352 1319 inter
2390 1246 2698 1346 pericula
2736 1248 2912 1320 odiis

818 1393 1054 1441 vacua.
1105 1367 1237 1438 Sed
1283 1365 1453 1464 quid
1493 1363 1788 1436 sustuli?
1827 1391 2078 1436 aurum
2122 1361 2361 1453 credo,
2404 1384 2523 1435 aut
2565 1363 2912 1436 defossam

819 1480 1230 1584 pecuniam?
1252 1507 1480 1552 arma:
1509 1482 1636 1553 ista
1659 1479 1921 1552 virtutis
1948 1479 2444 1570 instrumenta,
2469 1506 2612 1551 non
2639 1479 2910 1551 sceleris

822 1619 984 1671 sunt
1015 1598 1265 1698 pretia,
1311 1596 1567 1694 quibus
1610 1595 1896 1695 praemia
1933 1595 2159 1668 merui
2195 1623 2209 1666 :
2255 1595 2391 1668 nisi
2433 1595 2553 1668 illa
2593 1594 2913 1668 sustulis-

821 1740 969 1786 sem
989 1768 1008 1800 ‚
1035 1740 1177 1785 non
1204 1739 1622 1800 accusasses3
1657 1738 1802 1784 non
1830 1712 2114 1784 haberes
2145 1710 2328 1809 leges
2350 1725 2396 1782 ¹.
2424 1711 2686 1784 Sustuli
2708 1769 2729 1802 ‚
2755 1738 2910 1783 con·

825 1827 1060 1915 fiteor;
1095 1827 1214 1898 sed
1244 1825 1533 1926 publicae
1562 1825 1803 1898 salutis
1834 1851 2035 1898 causa
2062 1851 2080 1896 t
2125 1824 2436 1897 miraris?
2466 1825 2784 1923 ipsorum
2812 1852 2914 1898 se-

824 1941 1226 2043 pulcrorum
1266 1944 1498 2028 ruina,
1526 1943 1583 2013 si
1609 1941 2225 2042 possem‚.hostem
2263 1940 2708 2042 repellerem:
2745 1961 2914 2015 tecta

825 2059 899 2131 in
923 2059 1332 2146 subeuntes,
1362 2080 1432 2133 et
1452 2085 1675 2147 sacra,
1710 2059 1884 2158 quin
1914 2059 2122 2134 etiam
2147 2058 2576 2158 templorum
2602 2058 2912 2160 fastigia,

828 2173 1345 2272 desperantium
1387 2175 1519 2246 tela
1561 2195 1724 2246 sunt
1762 2200 1775 2244 :
1819 2196 2094 2247 certum
2128 2194 2232 2248 est
2263 2172 2507 2248 omnia
2540 2172 2751 2246 licere
2793 2199 2912 2273 pro

812 2287 1070 2387 patria.
1124 2288 1447 2387 Denique
1493 2315 1611 2362 vos
1661 2287 2042 2386 interroga,
2088 2286 2260 2386 quid
2307 2285 2607 2360 faciam?
2658 2313 2916 2385 magna

830 2429 982 2502 pars
1011 2402 1338 2475 exercitus
1376 2401 1447 2473 in
1480 2427 1592 2474 me
1625 2423 1880 2474 cessat:
1920 2401 2165 2474 armati
2192 2420 2355 2474 sunt
2385 2400 2671 2474 interim
2705 2401 2915 2475 etiam

832 2518 1082 2590 inertes
1101 2573 1120 2605 ‚
1151 2519 1359 2591 etiam
1387 2518 1685 2590 mortui:
1725 2518 1910 2590 solus
1945 2517 2174 2591 nudus
2200 2518 2355 2592 steti
2374 2532 2430 2624 ²·.
2456 2520 2918 2617 Quamquam

832 2632 1021 2730 quod
1070 2658 1333 2730 quaero,
1377 2632 1655 2705 habeo:
1707 2632 2065 2705 sententiis
2105 2632 2340 2706 vestris
2387 2630 2795 2719 honorastis,
2842 2651 2918 2702 et

832 2746 1149 2821 sciebatis
1176 2746 1284 2817 his
1310 2772 1425 2818 me
1455 2747 1667 2819 armis
1697 2747 1968 2838 vicisse;
1999 2773 2126 2820 nec
2155 2774 2319 2822 sane
2348 2746 2528 2820 aliud
2556 2743 2912 2818 dedissetis

834 2860 1201 2938 consilium
1221 2919 1240 2952 ‚
1269 2889 1483 2961 quam
1514 2864 1708 2936 locus
1735 2884 1802 2937 et
1823 2885 2121 2963 tempus.
2143 2865 2354 2942 Visus
2379 2883 2476 2938 est
2495 2860 2667 2934 mihi
2685 2887 2918 2934 emer-

836 3002 993 3076 gere
1025 2977 1300 3052 tumulo
1322 2976 1423 3047 vir
1453 2977 1673 3049 fortis,

843 3186 866 3209 α
884 3162 1112 3235 praebeat
1137 3180 1280 3214 sacra
1306 3182 1447 3215 arma
1466 3201 1483 3230 ‚
1506 3181 1606 3235 pro
1631 3165 1796 3234 patria
1814 3201 1832 3227 ‚
1918 3186 1940 3210 ι
1960 3166 2012 3216 in
2055 3183 2212 3218 usum
2253 3163 2503 3235 stipendii
2538 3162 2683 3216 donn
2720 3160 2915 3215 confla-

841 3266 865 3291 «
884 3263 982 3315 pro
1006 3243 1162 3298 deum
1185 3243 1444 3306 delubris,
1472 3263 1568 3316 pro
1592 3244 1835 3297 libertate
1916 3265 1940 3290 ι
1959 3261 2096 3296 mus.
2119 3269 2141 3293 ιι
2169 3246 2265 3296 En.

845 3342 867 3366 ι
888 3339 942 3373 se
975 3322 1313 3374 armantibus.
1337 3347 1359 3367 n
1390 3325 1468 3373 An
1498 3341 1624 3393 ergo
1659 3322 1836 3394 legen-
1988 3340 2034 3375 ι.
2052 3325 2174 3378 Νοη
2203 3323 2405 3376 haberes
2429 3322 2580 3396 ques.
2599 3322 2914 3374 Libertatem

838 3396 968 3449 dum
1000 3401 1346 3472 Syracusani?
1378 3399 1510 3452 Vide
1546 3414 1596 3451 et
1633 3399 1698 3452 de
1731 3401 1834 3451 hoc
1914 3403 2246 3473 perdidisses.
2270 3401 2385 3453 Vid.
2418 3421 2564 3474 supr.
2594 3401 2662 3454 ad
2689 3400 2910 3452 Declam.

839 3495 983 3531 more
1020 3481 1214 3533 Lucan.
1255 3483 1304 3546 1,
1344 3482 1461 3549 240.
1500 3484 1668 3534 Bunu.
1704 3483 1835 3535 Sunt
1914 3481 2215 3548 cclxvii,
2250 3495 2302 3534 et
2336 3480 2477 3534 alibi.
2511 3510 2586 3522 —-
2609 3483 2818 3533 Certum
2852 3490 2914 3547 ege

838 3555 944 3610 loci
985 3573 1322 3626 communes,
1365 3578 1431 3613 ex
1468 3562 1583 3633 ipsa
1620 3565 1835 3613 materia
1916 3563 2092 3612 omnia
2109 3561 2261 3613 licere
2269 3577 2365 3632 pro
2378 3560 2569 3632 patria.
2589 3557 2910 3611 Seuer-‚Lm

837 3638 985 3693 velut
1018 3655 1206 3711 sponte
1236 3656 1585 3715 emergentes,
1616 3659 1748 3714 quos
1785 3656 1836 3694 et
1921 3659 1943 3684 ¹
1963 3638 2270 3711 Quidquam
2305 3657 2415 3692 non
2458 3637 2516 3691 fit
2555 3639 2790 3710 legitime
2825 3655 2913 3709 pro

839 3719 1039 3775 Seneca
1070 3724 1123 3773 in
1158 3739 1407 3794 promptu
1444 3722 1629 3775 habuit
1661 3735 1714 3774 et
1744 3740 1836 3774 ex·
1921 3742 1945 3765 ι
1966 3720 2272 3791 legibusb.
2297 3722 2388 3772 En.

838 3803 1057 3874 pressit,
1088 3800 1189 3853 loc.
1226 3803 1348 3854 cit.:
1395 3804 1534 3852 «Pru
1566 3799 1838 3872 republica
1990 3815 2036 3848 2.
2085 3799 2268 3851 Nudus·
2307 3801 2433 3851 steti.
2480 3799 2560 3849 An
2582 3835 2599 3863 ‚
2641 3796 2916 3849 stelinem?

846 3899 871 3924 α
890 3879 1202 3954 plerumque
1228 3879 1422 3953 templs
1451 3879 1750 3947 nudantur,
1784 3893 1837 3932 et
1915 3879 2132 3931 Senum.
2156 3876 2397 3929 AErodius
2423 3875 2616 3948 abjecit
2637 3878 2774 3930 steti.
