3200 5117
703 572 1541 645 DECLAMATIONES.
1586 572 2120 639 CCCXXVIII.

371 711 591 780 mune
619 704 1079 777 maledictum
1106 721 1205 773 est
1227 725 1390 772 cum
1416 725 1528 790 eo,
1559 697 1683 796 qui
1707 697 2115 789 vindicatur,
2151 716 2221 769 et
2247 723 2460 796 penes

378 850 592 923 quem
626 821 828 920 culpa
858 818 1099 908 fuerit,
1133 816 1355 913 magis
1386 833 1608 913 potest
1632 835 1827 913 pater
1855 813 2062 902 scire,
2099 839 2312 910 quam
2349 840 2463 885 ac-

373 958 662 1010 cusator.
693 935 1128 1035 Asperiorem
1162 957 1304 1004 esse
1336 951 1576 1002 autem
1605 928 1928 1000 adversus
1954 955 2113 999 suos
2133 984 2152 1016 ,
2182 928 2463 1000 interim

375 1076 442 1127 et
478 1053 741 1126 fiduciae
784 1070 1278 1150 argumentum
1313 1068 1450 1120 est:
1496 1067 1567 1118 et
1606 1046 1742 1117 hoc
1779 1045 1953 1117 adeo
1986 1071 2131 1116 non
2167 1044 2346 1117 valet
2375 1044 2463 1117 ad

372 1170 853 1269 probationem
898 1166 1068 1240 tanti
1111 1164 1459 1254 criminis,
1508 1184 1590 1235 ut
1636 1183 1873 1235 contra
1915 1161 2040 1252 sit;
2079 1162 2228 1262 jam
2272 1161 2463 1235 enim

373 1285 751 1356 transimus
797 1283 885 1354 ad
930 1298 1182 1353 causas.
1227 1280 1496 1351 Dicitur
1536 1277 1870 1350 occidisse
1909 1277 2191 1349 fratrem
2231 1276 2468 1348 inimi-

373 1426 537 1471 cum
554 1456 573 1489 ,
600 1425 744 1470 non
771 1398 925 1470 dico
951 1396 1104 1485 illa,
1124 1396 1282 1466 Non
1303 1393 1659 1492 protinus»,
1677 1392 1736 1463 si
1762 1417 1977 1463 causae
2002 1391 2270 1463 sceleris
2292 1392 2465 1482 sint,

369 1513 591 1585 ‘scelus
617 1537 896 1612 quoque
928 1527 1222 1582 constat:
1252 1508 1526 1579 utinam
1556 1506 1747 1577 enim
1780 1506 1875 1578 ita
1897 1506 2276 1605 composita
2299 1527 2470 1604 esset
2549 1577 2561 1593 ,

372 1647 620 1701 natura
648 1653 882 1697 rerum
901 1677 921 1713 ,
937 1633 1043 1696 ut?
1053 1621 1294 1694 omnia
1316 1619 1496 1693 facta
1519 1648 1753 1694 causas
1766 1627 2198 1721 superarent.
2225 1622 2466 1694 Plures

375 1761 603 1827 erant,
629 1758 911 1837 propter
938 1757 1108 1835 quas
1121 1762 1275 1808 -non
1295 1735 1668 1827 occideret3
1703 1764 1872 1810 nam
1900 1758 2043 1810 erat
2064 1735 2464 1826 occidendi,

375 1851 569 1951 quod
599 1851 926 1921 inimicus
951 1865 1083 1921 es‘t:
1117 1876 1258 1921 non
1290 1849 1689 1942 occidendi,
1717 1851 1905 1951 quod
1927 1853 2136 1924 frater
2158 1871 2288 1923 est:
2322 1878 2467 1923 non

376 1964 777 2053 occidendi,
823 1963 1010 2063 quod
1051 1963 1597 2063 periclitaturus:
1646 1994 1791 2037 non
1834 1966 2239 2056 occidendi,
2279 1965 2467 2064 quod

379 2079 527 2176 ipsa
555 2104 679 2176 per
704 2104 773 2149 se
805 2077 1204 2148 innocentia
1230 2079 1387 2149 satis
1412 2079 1632 2180 justas
1657 2081 1954 2154 rationes
1987 2081 2255 2154 habeat.
2287 2083 2468 2179 Ergo

378 2218 525 2264 non
554 2192 888 2264 continuo
913 2193 1258 2291 sequitur,
1283 2213 1361 2264 ut
1382 2194 1440 2264 si
1464 2195 1618 2291 quis
1642 2194 1803 2267 odio
1828 2197 2065 2295 aliquo
2094 2196 2469 2268 concitatus

381 2326 481 2376 est
505 2305 825 2389 adversus
857 2305 1117 2393 alium,
1152 2304 1342 2377 hunc
1384 2306 1600 2378 etiam
1638 2309 1818 2381 ferro
1856 2310 2307 2382 exstincturus
2339 2309 2464 2381 sit:

380 2447 472 2492 an
511 2448 669 2493 vero
713 2421 1121 2493 innocenter
1165 2420 1565 2493 inimicitias
1610 2424 1755 2521 geri
1796 2425 1903 2498 vel
1942 2426 2126 2497 inter
2166 2425 2467 2516 alienos,

377 2536 487 2609 vel
521 2537 698 2608 inter
728 2536 1047 2608 extrarios
1071 2537 1173 2608 fas
1196 2563 1343 2608 non
1364 2537 1500 2609 est?
1523 2539 1946 2637 quotidianis
1960 2540 2214 2643 jurgiis
2236 2541 2471 2613 forum

376 2671 707 2751 strepere,
732 2650 1040 2723 assiduas
1065 2650 1214 2722 lites
1236 2651 1591 2724 videmus:
1625 2653 1780 2751 quis
1798 2682 1944 2725 non
1970 2654 2115 2725 dies
2137 2653 2470 2744 convicia,

379 2770 536 2867 quis
585 2796 728 2841 non
776 2767 1148 2841 maledicta
1187 2769 1445 2841 affert?
1490 2770 1711 2842 scelus
1759 2796 1841 2844 ex
1885 2792 2130 2843 natura
2182 2769 2473 2841 ¹mentis

380 2883 620 2954 oritur.
652 2883 840 2954 Huic
863 2908 1023 2954 vero
1054 2882 1263 2954 etiam
1287 2882 1376 2954 ad
1398 2909 1638 2956 causas
1664 2885 2028 2958 metuendi
2060 2884 2330 2957 sceleris
2364 2909 2477 2955 ac-

383 2999 620 3090 cessit,
655 2998 843 3098 quod
862 2998 1180 3098 jurgium
1205 2999 1265 3069 ei
1291 3026 1455 3071 cum
1484 3002 1690 3073 fratre
1718 3002 1950 3100 palam
1977 3003 2222 3074 fuerat.
2250 3001 2472 3072 Cauta

381 3134 549 3186 sunt
583 3113 987 3215 hujusmodi
1030 3114 1285 3185 scelera
1328 3135 1394 3187 et
1433 3115 1958 3216 circumspecta:
2003 3144 2234 3216 neque
2282 3116 2470 3187 enim

383 3248 484 3299 est
525 3227 895 3326 quisquam
937 3247 1082 3299 tam
1120 3227 1464 3326 perditus,
1502 3249 1646 3302 tam
1693 3229 1959 3302 inutilis
1997 3231 2166 3321 sibi,
2209 3251 2287 3301 ut
2327 3256 2469 3301 non

382 3341 513 3413 ista
544 3342 930 3414 committat
963 3343 1309 3441 proposito
1341 3344 1671 3445 negandi.
1705 3347 1794 3418 Et
1826 3345 2222 3426 mehercule
2251 3370 2469 3444 quam

382 3484 579 3538 dicaam
600 3498 672 3538 est
688 3486 926 3540 omnibus
947 3487 1039 3559 qui
1060 3499 1379 3541 accusantur.

382 3564 487 3615 Sed
514 3582 684 3634 penes.
715 3565 830 3616 Hoc
858 3566 1090 3636 probare
1122 3585 1232 3618 non
1264 3584 1388 3638 pos-

2330 573 2458 661 329

1473 3512 1495 3536 a
1516 3488 1758 3543 ledieere.
1780 3513 1803 3537 n
1831 3489 1998 3543 Grion.
2023 3489 2360 3542 Admittimus
2377 3488 2471 3541 dis-

1468 3572 1728 3636 cordiam,
1764 3583 1864 3622 etc.
1899 3571 2017 3624 Sca.
2050 3571 2322 3625 Discordia
2353 3588 2469 3622 cum

384 3662 522 3694 sum.
553 3644 862 3711 Discordia,
894 3648 1099 3717 iuquit,
1131 3661 1210 3700 est
1241 3666 1388 3700 com-

384 3743 548 3777 mune
585 3725 955 3779 maledictum:
994 3727 1100 3779 hoe
1137 3743 1246 3792 est,
1280 3746 1388 3799 quo

385 3817 498 3857 tam
519 3803 724 3856 laedimr
747 3819 1017 3874 mortuus,
1039 3825 1198 3880 quam
1215 3810 1389 3876 vivus,

387 3880 606 3955 quando
631 3901 740 3936 non
761 3898 997 3952 constat,
1024 3902 1188 3956 penes
1211 3897 1388 3937 utrum

386 3965 550 4016 fuerit
582 3963 755 4036 culpa.
796 3966 879 4019 sic
908 3984 1070 4037 supra
1098 3964 1387 4018 Declamat.

386 4045 661 4098 CCCXXI:
684 4069 706 4092 α
721 4045 1005 4099 Discordes
1015 4086 1032 4115 ,
1046 4048 1219 4119 inquit
1229 4084 1247 4113 ,
1266 4047 1390 4101 fuis-

295 4123 314 4160 ?
351 4127 370 4140 ³
394 4146 415 4169 κ
436 4126 519 4177 tis.
550 4125 803 4181 Nondum
827 4129 1084 4180 rationem
1106 4125 1265 4198 hujus
1289 4129 1391 4180 cri-

396 4224 417 4247 ·
436 4205 590 4257 minis
605 4204 774 4259 reddo
793 4228 804 4257 ι
826 4204 960 4258 illud
977 4207 1186 4258 interim
1206 4219 1389 4274 testor,

397 4299 419 4324 e
436 4280 581 4336 hunc
598 4284 802 4339 bonum
824 4285 1049 4338 amicum
1067 4286 1274 4356 utrique
1289 4303 1390 4339 ma·

1459 3653 1666 3725 fratre?
1683 3650 1938 3706 Obrecht.
1960 3683 2034 3694 --
2062 3656 2236 3706 Causae
2256 3650 2467 3704 scetes-is.

1470 3727 1554 3783 Sic
1579 3729 1859 3782 maluimus
1881 3750 1945 3784 ex
1966 3732 2078 3803 Bip.
2106 3744 2158 3783 et
2180 3728 2344 3782 Hack.
2368 3745 2469 3798 pro

1470 3825 1621 3861 causa
1637 3806 1852 3862 sceleris.
1872 3812 1965 3862 En.

1547 3904 1590 3937 1.
1617 3887 1701 3937 Ex
1724 3896 1911 3939 namra
1933 3888 2135 3940 mentis.
2160 3887 2270 3950 An,
2291 3902 2354 3936 ex
2378 3904 2471 3936 na-

1473 3977 1583 4018 tura
1598 3965 1804 4016 meriti?
1816 3964 1871 4017 id
1885 3979 1991 4030 est,
2009 3964 2246 4029 admissi,
2261 3975 2321 4014 ut
2333 3966 2467 4015 Just.

1469 4045 1520 4110 1,
1540 4044 1599 4111 6,
1621 4046 1684 4098 8:
1716 4067 1737 4090 οι
1756 4043 1934 4097 Meriti
1966 4046 2046 4096 sni
2079 4045 2135 4095 in
2168 4045 2471 4114 Hau-pagum

1475 4144 1500 4169 ι
1516 4122 1729 4176 oblitus.
1741 4147 1764 4171 ιι
1779 4125 1876 4176 Hic
1893 4137 2004 4176 erat
2019 4124 2281 4188 meritum,
2290 4122 2369 4174 vel
2385 4120 2471 4174 ad-

1469 4204 1684 4257 missum
1699 4207 1753 4256 in
1768 4206 1980 4259 fratrem
1992 4244 2009 4270 ,
2025 4203 2172 4278 quod
2185 4223 2294 4256 non
2314 4202 2470 4257 facile

1469 4283 1766 4339 vindicatur
1787 4284 1943 4339 caede.
1973 4285 2187 4338 Senum.
