3200 5117
799 541 1635 612 DECLAMATIONES.
1681 543 2079 613 CCCXXV.

2352 550 2482 637 319

398 673 557 743 Non
589 667 800 758 dicis3
836 687 1184 765 superest,
1227 686 1306 738 ut
1334 665 1498 738 huic
1528 665 1878 738 debeatur.
1907 668 2100 741 Fidei
2133 690 2266 741 tuae
2295 694 2482 741 eom-

400 784 607 856 inissa
636 783 981 856 hereditas
1016 803 1157 855 est:
1205 807 1416 881 quam
1448 781 1931 854 committendi
1966 809 2242 856 causam
2280 805 2484 883 puta-

401 899 602 971 mus?
630 926 900 972 necesse
936 920 1038 971 est
1070 898 1424 971 infirmam
1460 924 1602 970 esse
1638 922 2043 996 personam,
2078 898 2190 971 cui
2218 899 2476 971 restitui

400 1034 710 1113 oportet:
748 1042 971 1114 quum
996 1015 1349 1087 infirmam
1381 1013 1568 1102 dico,
1600 1041 1744 1086 non
1768 1012 1994 1086 statim
2023 1013 2479 1088 infirmiorem

402 1131 556 1205 dico
577 1146 624 1222 ¹,
649 1157 863 1230 quam
895 1153 996 1204 te:
1029 1158 1172 1204 non
1204 1151 1333 1202 est:
1366 1129 1730 1201 vitavimus
1762 1155 1886 1229 per
1916 1143 2053 1219 ιε’,
2088 1129 2310 1229 ipsam
2340 1131 2483 1202 for·-

399 1267 583 1320 tunae
626 1246 1195 1319 imbecillitatem.
1244 1249 1637 1344 Pauperem
1681 1245 1845 1317 fecit
1888 1243 2215 1316 heredem
2255 1272 2270 1315 :
2325 1271 2483 1343 ergo

401 1382 666 1459 oportet
705 1360 1002 1432 inveniri
1049 1383 1458 1459 personam,
1499 1384 1650 1457 quae
1690 1357 1903 1458 possit
1938 1384 2081 1430 esse
2114 1358 2243 1429 sub
2272 1356 2487 1430 tutela

396 1497 547 1567 tua,
574 1477 688 1548 cui
716 1477 954 1547 minus
973 1496 1120 1546 tuto
1140 1473 1496 1547 relicturus
1518 1474 1727 1546 fuerit
1748 1473 2204 1547 hereditatem
2222 1530 2242 1564 ‚
2267 1497 2484 1572 quam

395 1589 524 1661 tibi
559 1618 572 1660 ε
618 1616 781 1687 ergo
816 1589 1167 1660 infirmam
1197 1613 1564 1686 personam
1594 1610 1862 1688 oportet
1890 1616 2035 1661 esse
2064 1590 2347 1661 feminae
2364 1618 2384 1678 ;
2420 1607 2487 1659 et

399 1704 455 1774 si
502 1705 672 1800 quid
718 1704 804 1775 ad
853 1704 1033 1775 hanc
1081 1702 1558 1776 infirmitatem
1605 1705 1808 1807 adjici
1856 1725 2078 1805 potest
2095 1686 2123 1794 ,’
2162 1703 2484 1804 pauperis

400 1854 702 1905 stituerem:
741 1871 867 1924 ergo
903 1852 998 1904 tibi
1029 1849 1403 1906 fideicommis-

399 1953 516 1987 sum
537 1953 647 1986 non
675 1934 915 1990 debetur.
946 1934 1088 2002 Quia
1116 1946 1289 1986 tamen
1320 1953 1402 1986 me

397 2015 674 2067 restituere
702 2016 896 2082 voluit,
927 2026 1194 2086 superest,
1219 2027 1278 2066 ut
1305 2014 1403 2066 ali-

400 2094 485 2146 cui
516 2097 638 2166 jure
678 2094 967 2148 debeatur:
1009 2094 1101 2147 sed
1138 2097 1182 2147 si
1217 2109 1403 2167 quem-

401 2190 611 2243 cunque
635 2173 797 2226 alium
812 2211 828 2239 ‚
855 2173 1098 2239 te‘multo
1121 2173 1289 2243 magis
1312 2172 1405 2224 de·

401 2249 539 2303 ficiet
585 2251 848 2324 probatio.
895 2252 1024 2320 Quae
1077 2264 1401 2322 sequnntur,

399 2341 523 2380 sunt
568 2331 745 2382 uxoris
766 2368 783 2395 ‚
829 2343 920 2382 aut
962 2330 1074 2400 ejus
1122 2323 1365 2381 advocati
1385 2368 1402 2396 ,

398 2423 766 2479 argumentum
788 2409 920 2463 illud
947 2412 1123 2462 mariti
1151 2409 1401 2463 refellen-

397 2491 492 2557 tis,
512 2504 564 2543 et
582 2490 934 2544 incumbentis
954 2493 1008 2543 in
1026 2491 1130 2543 hoc
1150 2493 1401 2559 maxime,

397 2583 458 2622 ut
487 2569 682 2642 probet
713 2571 927 2624 divitem
959 2575 1040 2624 sui
1072 2572 1403 2644 contempla-

397 2649 541 2701 tione
555 2687 572 2715 ‚
595 2669 888 2723 pauperem
912 2667 1126 2721 rogasse
1140 2689 1157 2716 ‚
1185 2669 1297 2703 non
1319 2651 1403 2703 ul·

398 2726 500 2780 lius
525 2728 738 2782 alterius
762 2748 940 2781 causa.
966 2731 1150 2782 AEnon.

473 2825 518 2860 1.
564 2811 689 2863 Non
742 2823 790 2864 te
838 2810 1014 2878 statim
1066 2807 1404 2882 infirmiorem

401 2889 530 2941 dieo.
571 2891 679 2959 Qui
719 2891 877 2943 tacite
920 2890 1074 2943 nobis
1110 2889 1269 2942 fidem
1311 2909 1405 2943 ac-

401 2969 740 3023 commodant
784 2970 962 3041 (unde
1007 2970 1301 3036 fiduciarii‚
1352 2985 1405 3023 et

401 3046 592 3100 fiducia
620 3048 903 3121 dicuntur)
932 3049 1003 3101 ob
1032 3049 1086 3101 id
1109 3052 1285 3101 facere
1310 3068 1404 3101 ne-

401 3139 547 3181 cesse
572 3141 675 3196 est,
701 3129 847 3203 quod
873 3130 1046 3181 minus
1074 3141 1191 3180 tuto
1221 3130 1283 3180 iis
1303 3147 1406 3180 nu-

401 3210 641 3264 minatim
688 3210 989 3281 relinquere
1008 3246 1025 3273 ‚
1070 3222 1161 3262 aut
1202 3210 1408 3274 restitui

394 3292 586 3363 jubere
613 3310 926 3365 possumus,
955 3289 1148 3362 quibus
1181 3291 1403 3341 maxime

401 3371 669 3441 volumus,
687 3387 899 3426 vetante
919 3384 1010 3424 aut
1027 3371 1171 3441 lege,
1189 3383 1246 3420 ut
1263 3368 1402 3422 Julia

399 3455 597 3526 Papia,
632 3455 872 3506 Voconia
893 3491 910 3519 ‚
953 3464 1044 3504 aut
1083 3448 1182 3502 alia
1221 3451 1403 3520 quavis

399 3529 623 3585 honesta
649 3533 882 3596 ratione,
907 3544 1065 3602 puta,
1090 3547 1157 3580 ne
1183 3527 1406 3580 liberali·

401 3626 483 3664 tas
515 3624 694 3664 nostra
730 3630 880 3676 eum,
914 3612 967 3662 in
991 3627 1147 3681 quem
1181 3607 1406 3661 benefici

404 3711 519 3744 esse
542 3694 782 3763 cupimus
799 3728 815 3757 ‚
844 3694 896 3742 in
927 3689 1174 3742 invidiam
1198 3688 1405 3755 trahat,

404 3783 495 3822 aut
519 3789 706 3841 parum
727 3770 1009 3823 honestam
1031 3768 1403 3838 suspicionem.

403 3848 477 3901 Sit
501 3849 657 3918 igitur
679 3849 881 3900 infirma
909 3859 1119 3919 oportet
1144 3864 1206 3898 ea
1230 3863 1408 3916 perso·

402 3946 506 3991 na,
531 3927 618 3979 cui
650 3926 888 3978 relictum
916 3924 1189 3976 volumus:
1223 3936 1276 3974 et
1306 3923 1408 3973 uti-

404 4021 509 4078 que
538 4003 850 4075 generaliter
883 4004 1137 4056 infirmior
1173 4019 1237 4052 eo
1258 4038 1276 4066 ,
1312 4018 1407 4071 per

404 4105 561 4159 quem
577 4085 888 4140 hereditatis
909 4098 1101 4136 nostre
1131 4084 1406 4135 transitum

287 4173 300 4182 '
405 4177 457 4218 et
479 4166 922 4219 wansmissionem
940 4160 1293 4214 destinamus:
1316 4158 1409 4212 sed

407 4261 531 4302 sane
568 4249 623 4301 in
658 4246 762 4299 hae
794 4263 956 4298 eausa
988 4260 1100 4296 non
1130 4242 1407 4295 infirmior.

1481 1855 1619 1908 Nam
1648 1858 1950 1929 quicunque
1976 1857 2018 1909 is
2044 1855 2134 1923 fit,
2168 1871 2276 1907 non
2307 1867 2485 1927 potest

1481 1938 1736 1989 infirmior
1753 1957 1866 1991 esse
1885 1956 2133 2009 paupere.
2156 1938 2333 1989 Restat
2357 1956 2482 2007 ergo

1483 2030 1541 2069 ut
1560 2016 1751 2089 aliquis
1771 2019 1839 2072 sit
1859 2036 2070 2082 eorum,
2086 2018 2177 2087 qui
2201 2015 2300 2066 sub
2322 2015 2484 2067 tutela

1484 2109 1534 2145 et
1559 2111 1720 2146 manu
1744 2097 1847 2148 sint
1868 2095 2146 2167 pauperis:
2168 2095 2317 2163 eujus
2333 2109 2486 2163 gene-

1482 2175 1552 2224 ris
1568 2187 1769 2225 certum
1782 2189 1860 2227 est
1880 2174 2108 2244 antiquis
2127 2173 2484 2224 Romanorum

1482 2254 1684 2327 legibus
1701 2294 1718 2322 ‚
1752 2268 1804 2308 et
1830 2254 1988 2306 hodie
2018 2254 2239 2318 nostris,
2266 2270 2483 2306 uxorem

1483 2334 1663 2386 fuisse.
1701 2336 1780 2386 De
1814 2334 2091 2406 personis,
2123 2350 2236 2402 quae
2271 2330 2483 2383 infirmae

1483 2412 1735 2464 dicuntur
1746 2412 1942 2486 Paulus
1958 2410 1992 2462 l.
2010 2409 2323 2463 civitatibus.
2339 2411 2402 2462 ff.
2415 2408 2482 2462 de
2544 2455 2549 2462 .

1482 2493 1582 2565 leg.
1611 2493 1701 2546 lib.
1730 2495 1782 2545 1:
1821 2516 1843 2540 ι
1862 2491 1976 2545 Hoc
2006 2491 2259 2563 amplius,
2282 2492 2483 2562 inquit,

1488 2596 1511 2620 ιι
1532 2572 1680 2644 quod
1713 2575 1766 2624 in
1798 2571 2045 2624 alimenta
2068 2570 2240 2643 :maiis
2269 2570 2484 2622 infirmae

1490 2675 1512 2701 ι
1529 2654 1691 2725 (puta
1707 2652 2003 2707 senioribus
2013 2690 2030 2718 ‚
2045 2651 2125 2705 vel
2141 2651 2321 2723 pueris
2333 2650 2487 2722 puel-

1489 2756 1510 2780 «
1532 2731 1738 2806 lisque)
1761 2732 2003 2785 relietum
2024 2731 2209 2783 fuerit:
2232 2729 2300 2781 ad
2318 2728 2486 2780 hono·

1490 2834 1512 2858 κ
1532 2830 1641 2863 rem
1663 2812 1883 2863 civitatis
1909 2812 2173 2883 pertinere
2196 2806 2484 2880 responde-

1489 2917 1512 2941 ·
1531 2906 1637 2945 tur.
1659 2916 1681 2940 ι
1713 2893 1777 2945 Et
1799 2891 1920 2964 Ulp.
1948 2891 1985 2944 l.
2012 2892 2077 2956 3,
2106 2893 2153 2958 §-
2181 2892 2306 2943 item
2336 2890 2382 2941 si
2407 2890 2483 2954 in,

1484 2974 1551 3027 de
1572 2975 1664 3027 lib.
1691 2974 1864 3026 exhib.
1890 2975 2155 3027 AEnonms.

1557 3070 1605 3103 a.
1648 3054 1773 3105 Non
1814 3062 1887 3103 est
1910 3073 1925 3101 .·
1969 3052 2247 3103 vitavimus
2284 3067 2381 3120 per
2420 3061 2480 3101 te.

1482 3128 1688 3181 Thadd.
1726 3147 1830 3181 non
1858 3130 2175 3181 evitavimus.
2205 3126 2481 3179 AErodius:

1485 3225 1592 3259 uon
1635 3220 1683 3260 te
1724 3210 1897 3259 statim
1945 3205 2281 3278 infimiorem
2327 3206 2441 3258 dieo
2462 3227 2480 3259 ε

1485 3288 1610 3357 quia
1635 3286 1689 3336 in
1714 3296 1763 3336 te
1786 3304 1893 3337 non
1921 3285 2221 3338 evitabimus
2244 3286 2377 3337 hanc
2399 3285 2481 3357 ip-

1483 3381 1613 3416 sam.
1649 3364 1814 3416 Immo
1850 3362 2143 3415 tollendum
2175 3363 2304 3416 illud
2336 3367 2482 3435 prius

1483 3460 1619 3507 non,
1660 3440 1806 3512 quod
1836 3453 2023 3494 contra
2055 3454 2366 3496 mentem-et
2397 3462 2482 3496 ar-

1485 3534 1589 3572 tem
1613 3520 1981 3572 deolamatoris
2008 3533 2101 3573 est.
2128 3522 2210 3574 Sic
2235 3524 2372 3574 enim
2395 3521 2483 3573 ille

1484 3598 1680 3652 voluit:
1719 3599 1891 3667 Quum
1917 3596 2178 3671 infirmam
2205 3600 2351 3666 dico,
2379 3611 2484 3652 sta-

1484 3682 1576 3734 tim
1593 3678 1928 3754 infimiorem
1942 3681 2084 3748 dico,
2101 3701 2259 3756 quam
2277 3695 2326 3734 te
2340 3703 2356 3732 .-
2379 3698 2486 3731 non

1485 3761 1623 3813 enim
1646 3760 1827 3812 vitavit
1848 3780 1946 3833 per
1967 3773 2045 3827 te,
2072 3763 2233 3833 ipsam
2250 3759 2486 3832 fortium

1486 3837 1907 3892 imbecillitatem.
1940 3842 2184 3892 Testatur
2222 3838 2484 3889 nimirum.

1485 3919 1650 3971 Gnou.
1677 3915 1839 3969 Tollit
1873 3931 1925 3969 et
1959 3937 2066 3970 non
2099 3914 2485 3988 Schultinssius‚

1484 3996 1575 4050 vel*
1582 3996 1706 4066 legit
1720 4014 1817 4068 per
1832 3995 2318 4067 interrogationem.
2334 3995 2488 4047 Dein·

1487 4075 1582 4142 de,
1615 4094 1722 4128 non
1753 4076 1893 4127 enim
1926 4074 2222 4139 vitavimus,
2247 4072 2364 4140 vel,
2396 4092 2487 4126 nos

1486 4155 1627 4207 enim
1662 4153 1951 4207 vitabimus.
1966 4182 2038 4194 —-
2055 4151 2305 4226 Pauperis
2319 4151 2485 4224 femi-

1488 4253 1586 4290 nae.
1609 4235 1843 4308 Pauperi
1847 4237 2094 4310 smine,
2121 4232 2299 4287 AErod.
