3200 5117
737 559 859 633 252
1241 565 1334 631 M.
1384 571 1631 635 FABII
1676 569 2302 653 QUINTILIANI

735 721 876 766 esse
917 695 1328 768 damnatus:
1369 714 1560 766 erant
1606 694 1907 792 alioqui,
1949 722 2103 794 quae
2140 719 2416 767 movere
2458 719 2600 765 non
2647 720 2811 793 pos-

733 830 906 881 sent.
948 812 1338 883 Damnatus
1381 831 1480 881 est
1519 809 1883 898 adulterii3
1927 811 2045 882 sed
2095 832 2325 909 postea
2364 811 2629 882 fortiter
2675 838 2813 909 pu-

733 927 1012 1025 gnando
1037 927 1450 1016 ostenderat,
1477 953 1622 999 non
1653 953 1769 999 eos
1799 953 1941 999 esse
1970 939 2195 1000 mores
2219 954 2409 1016 suos,
2440 954 2580 998 non
2610 952 2811 998 suam

731 1042 983 1130 vitam,
1029 1063 1105 1114 ut
1152 1043 1225 1114 in
1272 1040 1391 1113 illo
1425 1041 1785 1115 credibilia
1833 1041 1979 1114 haec
2025 1043 2319 1114 crimina
2361 1044 2589 1114 forent
2629 1069 2642 1111 ε
2692 1041 2812 1112 sed

733 1182 957 1254 quum
982 1176 1214 1254 optare
1244 1155 1348 1228 illi
1376 1156 1610 1228 liceret
1633 1155 2139 1228 restitutionem
2159 1213 2178 1246 ,
2209 1156 2383 1228 illud
2415 1176 2645 1254 optare
2672 1182 2815 1226 ma-

732 1269 895 1359 luit,
927 1291 1003 1341 ut
1034 1292 1491 1359 accusaretur,
1531 1291 1608 1342 ut
1645 1270 1731 1342 de
1758 1297 1917 1342 vero
1957 1271 2468 1370 quaeriaeposset:
2505 1270 2636 1340 hoc
2670 1296 2812 1341 non

729 1384 873 1456 sine
905 1385 1091 1457 bona
1117 1384 1529 1456 conscientia
1558 1384 1743 1456 fecit.
1773 1386 1918 1456 Cur
1950 1412 2111 1484 ergo
2149 1385 2517 1456 damnatus
2552 1405 2651 1455 est
2682 1384 2816 1455 ite-

698 1500 942 1598 ·rum?
987 1501 1151 1600 quia
1197 1501 1569 1574 damnatus
1612 1520 1797 1591 erat,
1850 1526 1993 1572 non
2042 1520 2460 1600 putaverunt
2503 1499 2643 1588 illi,
2693 1499 2816 1596 qui

732 1617 1238 1714 cognoscebant
1261 1615 1568 1714 priorum
1586 1615 1914 1715 judicum
1943 1615 2466 1687 rescindendam
2497 1638 2638 1685 esse
2668 1638 2817 1684 sen·

733 1730 1023 1802 tentiam
1052 1759 1066 1801 :
1100 1731 1193 1802 ita
1217 1730 1465 1821 homo,
1491 1729 1614 1829 qui
1648 1750 1802 1827 post
1828 1728 2196 1825 praemium
2224 1726 2691 1817 accusabatur,
2721 1728 2814 1798 sic

736 1846 1012 1919 auditus
1055 1867 1194 1935 est,
1245 1868 1607 1945 tamquam
1658 1842 1983 1914 nondum
2032 1843 2299 1915 fortiter
2346 1843 2636 1916 fecisset.
2672 1846 2816 1915 Vos

733 1987 926 2059 ergo,
952 1962 1073 2059 qui
1099 1962 1374 2033 duobus
1393 1959 1678 2061 judiciis
1709 1985 1852 2031 esse
1878 1959 2101 2031 dicitis
2126 1960 2534 2032 damnatum
2556 2018 2574 2051 ,
2602 1960 2819 2058 expli-

730 2095 914 2164 cate,
950 2076 1119 2174 quid
1165 2074 1353 2146 aliud
1387 2072 1744 2173 objectum
1786 2074 1872 2145 sit
1912 2074 2127 2146 altero
2151 2088 2197 2162 ¹,
2241 2102 2394 2173 quae
2429 2073 2816 2146 differentia

733 2188 1032 2261 duorum
1061 2188 1489 2289 judiciorum
1527 2188 1772 2260 fuerit:
1805 2188 2052 2259 eadem
2087 2188 2401 2260 adultera
2432 2187 2816 2276 dicebatur,

731 2303 943 2376 iidem
972 2326 1168 2377 testes
1198 2304 1788 2404 producebantur,
1820 2302 2070 2376 iisdem
2099 2304 2527 2403 argumentis
2550 2330 2817 2404 preme·

734 2419 953 2490 hatur.
987 2422 1138 2492 Hac
1163 2420 1421 2494 scilicet
1454 2419 1930 2519 improbitate,
1964 2446 2105 2518 qua
2132 2419 2340 2491 unius
2369 2445 2585 2492 causae
2614 2416 2815 2490 vultis

735 2533 874 2606 duo
903 2561 1043 2608 esse
1070 2534 1365 2634 judicia,
1415 2534 1691 2634 potestis
1732 2553 1799 2605 et
1840 2532 1956 2604 illo
2000 2533 2211 2605 modo
2256 2533 2582 2607 aestimare
2614 2531 2815 2631 judi-

731 2647 917 2720 cium
938 2707 955 2737 ‚
998 2676 1212 2748 quam
1242 2649 1476 2748 inique
1511 2648 1655 2749 ipsa
1688 2674 1888 2747 poena
1915 2667 2188 2747 petatur
2207 2674 2248 2718 a
2270 2646 2413 2719 viro
2441 2646 2637 2717 forte.
2665 2647 2814 2716 Sta-

732 2784 1010 2835 tuamus
1040 2764 1213 2836 duos
1237 2790 1402 2854 esse,
1434 2763 1890 2854 adulterum²,
1911 2762 2155 2861 quibis
2180 2760 2597 2834 adulterium
2628 2785 2812 2831 com-

736 2879 999 2952 miserit
1036 2906 1051 2951 :
1099 2879 1490 2952 adulterum
1516 2935 1535 2969 ,
1575 2879 1700 2978 qui
1737 2878 1841 2949 bis
1883 2878 2249 2950 damnatus
2294 2876 2402 2949 sit.
2439 2877 2543 2946 De
2578 2873 2696 2945 illo
2732 2900 2813 2946 ea

734 3095 823 3147 ge:
853 3077 1025 3147 Quare
1047 3079 1205 3152 igitur
1221 3078 1402 3148 soepius
1422 3087 1494 3130 est
1513 3076 1733 3130 damna-

735 3160 853 3211 tus?
871 3160 1104 3213 Gnouov.

813 3254 831 3288 ι
882 3239 1020 3309 Quid
1033 3239 1186 3292 aliud
1200 3241 1447 3313 obJectum
1471 3242 1535 3294 sit
1551 3239 1730 3296 altem·

735 3317 817 3369 Sic
840 3332 893 3369 et
913 3318 1224 3372 Tbaddaeus.
1248 3319 1516 3384 AErodius,
1537 3319 1735 3372 adulte·

738 3413 810 3447 ro.
831 3396 990 3449 Male.
1011 3396 1191 3451 Altero
1206 3437 1224 3464 ,
1250 3398 1485 3470 intelligo
1511 3398 1732 3470 judicio.

735 3476 968 3528 Gnonov.
997 3505 1067 3517 -—
1098 3477 1214 3529 Hac
1242 3478 1365 3532 sciet
1392 3479 1731 3551 improbitate.

740 3554 1010 3621 AErodius,
1030 3556 1325 3629 improbitas
1342 3569 1437 3621 est,
1465 3570 1517 3609 et
1536 3554 1736 3608 claudit

740 3633 1015 3709 periodum
1059 3650 1184 3705 post
1224 3635 1279 3689 eri
1299 3637 1520 3708 judicia.
1558 3638 1699 3707 Lege
1716 3674 1735 3703 ,

739 3718 821 3770 Ex
861 3714 959 3768 hae
999 3715 1189 3769 scilicet
1228 3719 1553 3790 improbitate
1570 3756 1588 3782 ,
1631 3737 1737 3791 qua

737 3798 893 3850 unius
907 3813 1073 3849 causoe
1085 3794 1270 3848 volunt
1281 3796 1386 3849 duo
1403 3797 1707 3869 essejudicia
1718 3834 1734 3861 ,

736 3878 967 3950 potestis,
1009 3887 1060 3927 et
1089 3875 1230 3927 illud
1262 3876 1414 3928 modo
1453 3876 1735 3942 oestimare,

732 3958 950 4028 judiees,
971 3975 1128 4030 quam
1154 3958 1332 4030 inique
1353 3959 1462 4030 ipsa
1478 3975 1634 4031 poena
1648 3976 1738 4028 pe-

740 4048 877 4089 tatur
895 4037 1058 4088 amit-o
1076 4035 1230 4107 forti.
1254 4038 1418 4091 Giton.
1447 4037 1575 4089 Hoee
1599 4034 1738 4090 scili-

739 4124 817 4166 eet
842 4115 1133 4186 improbitas
1149 4125 1245 4179 est,
1261 4116 1402 4188 quod
1418 4135 1470 4167 u.
1492 4133 1536 4167 c.
1557 4115 1609 4168 d.
1639 4134 1739 4169 esse

744 4194 1123 4267 vultisjudicia.
1150 4199 1364 4250 Potestis
1384 4207 1437 4247 et
1462 4196 1556 4250 illo
1584 4200 1738 4252 modo

738 4292 796 4326 ω.
808 4274 1040 4346 judices.-
1066 4275 1164 4326 nisi
1182 4274 1437 4344 judicium
1465 4275 1738 4331 collective

1812 3076 2044 3147 positum
2061 3076 2365 3145 accipimus.
2382 3073 2597 3125 Senum.
2608 3099 2680 3110 --
2693 3072 2817 3123 Cau·

1812 3172 1879 3209 soe
1909 3173 2006 3227 pro
2033 3173 2187 3208 eausa
2217 3153 2541 3227 praetulimus
2575 3171 2638 3204 ex
2670 3151 2811 3204 editt.

1813 3233 1976 3286 nack.
2011 3245 2063 3285 et
2097 3235 2210 3305 Rip.
2241 3229 2489 3284 adversus
2517 3232 2727 3281 Burm.:
2758 3242 2815 3281 ut

1815 3331 1974 3383 supra
2006 3313 2248 3385 judicum
2297 3327 2396 3382 pro
2433 3308 2700 3382 judicium
2753 3325 2816 3359 ex

1814 3396 2020 3465 Bipont.
2048 3396 2139 3445 Eo.

1887 3499 1935 3533 α.
1960 3481 2289 3534 Adulterum.
2325 3482 2469 3534 Duos
2493 3497 2596 3532 esse
2616 3476 2817 3532 adulte·

1816 3583 1921 3628 ros,
1949 3582 2115 3614 unum
2142 3565 2236 3635 qui
2266 3563 2311 3613 b.
2344 3583 2395 3614 a.
2433 3581 2477 3613 c.
2510 3560 2733 3612 alterum
2760 3577 2811 3631 q.

1816 3640 1996 3694 AE'rod.
2021 3641 2179 3693 Hunc
2201 3662 2253 3694 a.
2268 3661 2320 3716 q.
2348 3641 2446 3707 bis,
2468 3640 2586 3692 Seu.
2606 3667 2677 3679 -—
2693 3639 2818 3690 Sen-

1817 3722 1988 3775 tentioe
1998 3720 2260 3793 judicum.
2287 3721 2367 3773 Eo
2389 3719 2714 3793 sententioej.
2742 3738 2820 3771 re·

1810 3800 2086 3875 puqnasti;
2106 3799 2409 3872 persuadere
2430 3809 2465 3848 t.
2493 3799 2531 3849 i.
2554 3817 2607 3849 n.
2629 3818 2685 3871 p.
2707 3817 2749 3849 e.
2774 3807 2821 3848 te

1817 3890 2101 3932 nocentem.
2137 3881 2205 3931 Ut
2240 3875 2423 3951 paullo
2456 3889 2614 3928 ante:
2655 3898 2678 3922 ι
2699 3878 2816 3929 Non

1823 3981 1845 4006 α
1865 3961 1977 4012 siue
1991 3957 2134 4011 bona
2151 3959 2477 4011 conscientia
2491 3959 2633 4009 fecit.
2656 3981 2679 4004 s·
2699 3957 2814 4009 Son.

1814 4042 2183 4107 innocentem,
2214 4038 2432 4092 edition.
2467 4038 2534 4090 al.
2568 4056 2697 4109 quas
2735 4054 2817 4087 se-

1818 4126 1996 4194 quitur
2028 4123 2141 4192 Bip.
2175 4120 2259 4173 ed.
2293 4119 2493 4172 meliori
2526 4136 2696 4172 sensu.
2730 4117 2815 4169 Sic

1816 4203 2160 4273 intelligerem
2172 4241 2188 4267 ,
2208 4200 2276 4253 de
2295 4200 2386 4254 illo
2407 4199 2596 4273 quibis
2615 4196 2819 4251 adulte-

1818 4282 1953 4333 rium
1988 4280 2326 4333 commiserit.
2366 4277 2513 4346 Quid
2544 4291 2600 4330 ιιι
2631 4275 2821 4346 objicis
