3200 5117
784 531 903 610 142
1284 527 1378 592 M.
1427 523 1678 594 FABn
1724 522 2359 606 QulNTILIANI

776 650 921 746 filio
946 667 1319 749 μετείω-εει
1349 646 1467 722 illa
1491 645 1700 743 igitur
1718 643 1904 744 prior
1920 642 2281 720 damnavit
2297 664 2610 718 venti-ern
2634 669 2864 718 suum.

773 766 1100 840 Victurus
1127 785 1363 836 autem
1390 762 1534 836 fuit
1555 760 1674 834 ille
1691 817 1710 856 ‚
1739 760 1795 833 si
1827 787 1958 860 ego
1981 759 2365 836 adulteram
2397 787 2540 834 non
2576 760 2869 834 occidis-

772 908 956 956 sem:
995 908 1138 954 nou
1175 879 1498 954 novimus
1536 877 1664 954 hos
1699 889 1928 954 mores
1964 877 2527 975 turpissimarum
2562 877 2869 950 femina-

774 1023 968 1087 rum,
997 1016 1073 1070 ut
1089 995 1362 1070 oderint
1393 992 1802 1094 puerperia?
1828 1013 1903 1068 ut
1933 992 2144 1081 filios,
2165 992 2351 1068 velut
2377 993 2639 1068 indices
2663 992 2868 1068 etatis

772 1137 951 1203 suoe,
983 1107 1523 1186 abominentur?

1697 1383 1791 1410 W
2281 1384 2862 1408 mmmmm

1466 1527 2162 1657 CCLxxvnl.

1138 1825 1513 1921 Expositor
1532 1835 1764 1918 petens
1795 1843 1955 1893 cum
1968 1822 2152 1918 forti
2179 1841 2229 1892 x
2256 1820 2499 1893 millia.

774 2037 923 2096 Vuu
937 2056 1148 2098 ronne
1164 2054 1356 2098 rum
1369 2053 1569 2094 nucu
1587 2053 1806 2094 niun
1817 2053 2115 2100 Accium.
2131 2036 2188 2096 Is
2201 2034 2313 2115 qui
2327 2034 2653 2100 videbatui-
2663 2033 2863 2096 filium

854 2129 1075 2194 habere
1093 2176 1110 2208 ,
1148 2132 1358 2194 decem
1396 2128 1589 2192 millia
1607 2174 1628 2204 ,
1654 2149 1848 2216 quum
1885 2128 1989 2192 ille
2019 2129 2262 2198 fortiter
2291 2129 2563 2203 fecisset,
2596 2133 2859 2216 accepit:

850 2242 1060 2312 postea
1088 2228 1377 2313 juvenem
1415 2241 1586 2311 pater
1627 2227 1926 2288 naturalis
1969 2230 2261 2312 agnovit:
2305 2227 2520 2289 solutis
2558 2229 2862 2292 alimentis

852 2328 1109 2409 recepit:
1141 2328 1293 2411 petit
1315 2322 1522 2388 decem
1550 2324 1768 2385 millia.

1464 2526 2166 2593 DECLAMA'PIO.

874 2695 1133 2766 Decem
1164 2692 1394 2766 millia
1423 2719 1463 2764 a
1493 2719 1607 2766 me
1636 2692 1851 2796 petis?
1884 2720 2024 2793 quo
2040 2694 2243 2797 jure?
2274 2722 2413 2794 qua
2444 2696 2686 2772 causa?
2715 2723 2863 2768 cre-

774 2808 1035 2897 didisti,
1065 2834 1156 2884 an
1182 2807 1604 2912 deposuisti?
1627 2836 1716 2882 an
1745 2836 1826 2886 ex
1854 2808 2144 2912 alicujus
2174 2810 2270 2886 rei
2289 2811 2682 2886 venditione
2710 2839 2861 2912 pre-

771 2925 949 3000 tium
996 2926 1083 3000 ad
1132 2945 1197 2998 te
1245 2923 1588 3025 pertinet?
1643 2925 1818 2998 nihil
1866 2925 2119 3001 horum
2162 2954 2176 2998 ε
2228 2927 2464 3002 nullus
2510 2928 2690 3006 inter
2731 2955 2859 3004 nos

773 3061 1157 3116 contractus
1184 3039 1350 3129 fuit;
1378 3039 1520 3140 'nisi
1552 3039 1744 3138 quod
1769 3040 1946 3112 mihi
1981 3067 2207 3140 nuper
2237 3040 2501 3141 aliquid
2536 3043 2857 3122 debuisti.

770 3157 1030 3258 Legem
1072 3155 1318 3244 affers,
1363 3180 1503 3254 qua
1546 3155 1724 3253 patri
1760 3153 1889 3227 viri
1934 3155 2127 3227 fortis
2171 3155 2411 3230 decem
2455 3157 2675 3234 millia
2716 3158 2860 3234 dari

771 3291 1038 3368 oportet
1066 3297 1080 3344 ε
1121 3271 1320 3372 cujus
1353 3268 1644 3374 quidem
1673 3297 1966 3344 summae
2001 3270 2059 3344 si
2092 3297 2233 3346 non
2267 3293 2620 3371 praestetur
2651 3272 2859 3363 fideS‚

772 3384 1046 3482 petitio,
1072 3406 1150 3456 ut
1177 3384 1446 3484 opinor,
1479 3411 1519 3455 a
1546 3385 1904 3483 republica
1935 3406 2052 3457 est.
2079 3388 2259 3458 Nam
2292 3408 2368 3458 ut
2378 3390 2532 3491 jam
2562 3410 2858 3478 constet,

776 3520 927 3574 uter
966 3499 1270 3598 accipere
1314 3500 1671 3588 debuerit,
1718 3500 1894 3572 illud
1939 3522 2177 3574 tamen
2220 3506 2634 3605 respondeas
2681 3503 2857 3574 mihi

770 3613 1016 3703 velim,
1049 3616 1200 3712 quis
1230 3616 1390 3690 dare
1429 3616 1782 3688 debuerit:
1823 3616 1879 3688 si
1909 3615 2088 3715 patri
2125 3617 2436 3710 debetur,
2473 3618 2682 3690 debet
2713 3645 2856 3689 res-

704 3775 715 3788 e
768 3729 1525 3831 publica.ViderimuS,
1560 3760 1652 3804 an
1683 3760 1809 3831 ego
1839 3761 1880 3805 a
1908 3733 2176 3806 civitate
2209 3755 2386 3807 recte
2419 3734 2805 3832 acceperim
2840 3761 2854 3806 ε

771 3867 846 3918 tu
875 3872 1020 3918 non
1049 3870 1239 3947 potes
1272 3849 1620 3949 accipere,
1657 3848 1786 3920 nisi
1821 3875 1861 3919 a
1891 3850 2187 3924 civitate.
2219 3854 2308 3921 At
2330 3875 2457 3948 ego
2483 3850 2717 3950 accepi
2749 3849 2818 3924 id
2837 3907 2856 3940 ,

742 3962 959 4060 ,quod
1000 3962 1127 4036 tihi
1161 3963 1546 4040 debebatur
1582 3991 1596 4035 :
1641 3985 1807 4063 puta
1841 3993 1953 4039 me
1993 3965 2066 4040 in
2105 3965 2464 4065 praesentia
2494 3964 2805 4039 confiteri
2839 3990 2854 4034 ε

707 4169 714 4182 .
772 4097 1028 4173 repetet
1048 4078 1326 4150 fortasse
1353 4080 1475 4176 qui
1504 4078 1697 4152 dedit
1720 4107 1733 4150 ε
1764 4079 2045 4152 interim
2066 4080 2194 4152 tibi
2215 4107 2357 4152 non
2378 4080 2555 4153 alius
2579 4078 2820 4152 debuit
2835 4135 2854 4167 ‚

773 4214 986 4288 quam
1018 4193 1137 4290 qui
1168 4185 1343 4266 mihi
1371 4193 1580 4266 dedit.
1616 4193 1750 4268 Sed
1776 4193 1930 4272 volo
1958 4224 2146 4271 nunc
2173 4223 2373 4298 agere
2401 4183 2607 4272 etiam
2631 4194 2857 4293 reipu-
