3200 5117
782 537 1619 605 DECLAMATIONES.
1665 541 1972 610 cccxl.

2299 544 2425 609 255

338 664 620 763 opinor,
666 664 1098 764 deprehendi
1157 665 1233 736 in
1275 687 1467 737 servo
1514 685 1755 764 potest.
1802 670 1892 739 At
1933 668 2306 740 intervenit
2348 694 2429 739 ea
2537 689 2546 702 ’

337 779 678 867 conditio,
714 801 793 852 ut
819 779 1073 852 servire
1098 778 1380 867 debeat,
1420 778 1645 851 donec
1682 779 1991 852 solverit:
2030 782 2163 853 hoc
2193 783 2428 881 ipsum

335 894 509 966 servi
542 920 685 966 non
716 914 817 966 est
836 951 855 983 ,
892 894 1146 967 habere
1181 894 1253 966 in
1283 921 1410 966 sua
1436 913 1772 993 potestate
1792 949 1811 982 ,
1845 895 2133 993 quando
2162 896 2432 969 desinat

337 1007 609 1080 servire.
636 1008 913 1107 Fingite
937 1010 1129 1080 enim
1149 1065 1168 1099 ,
1183 1008 1488 1109 judices,
1518 1029 1640 1081 ant
1667 1008 1976 1081 oblatam
2008 1036 2149 1082 esse
2184 1011 2271 1081 ab
2306 1010 2429 1084 illo

340 1121 714 1219 pecuniam
741 1149 756 1193 :
785 1142 906 1195 aut
927 1149 1007 1194 ex
1026 1121 1161 1194 hoc
1180 1142 1591 1195 testamento
1615 1122 2196 1221 pronunciatione
2216 1144 2432 1195 vestra

338 1235 641 1309 liberum
682 1237 869 1329 fieri,
914 1264 1092 1309 num
1133 1238 1312 1310 inter
1342 1238 1709 1310 libertinos
1747 1239 2023 1311 futurus
2055 1238 2197 1328 est?
2232 1242 2429 1329 Non,

341 1370 418 1422 ut
453 1351 719 1450 opinor.
764 1341 976 1449 Atqui
1021 1351 1079 1423 si
1120 1352 1294 1425 illud
1338 1351 1410 1422 in
1456 1352 1766 1425 confesso
1809 1373 1941 1442 est,
1986 1379 2189 1443 eum,
2234 1352 2356 1451 qui
2393 1379 2433 1423 a

340 1466 657 1538 servitute
716 1465 789 1537 in
840 1465 1229 1537 libertatem
1273 1464 1543 1555 veniat,
1597 1492 1742 1538 non
1795 1489 1936 1537 esse
1984 1467 2117 1538 alio
2140 1523 2159 1557 ,
2219 1492 2432 1563 quam

339 1579 646 1654 libertini
668 1581 853 1654 loco:
877 1581 995 1653 hic
1014 1581 1282 1654 solutus
1307 1581 1438 1654 hac
1464 1582 1891 1673 necessitate,
1913 1603 2056 1655 tam
2084 1584 2434 1683 ingenuus

338 1695 614 1769 futurus
656 1696 782 1786 sit,
827 1722 1045 1793 quam
1096 1695 1284 1766 fuit:
1334 1695 1708 1770 manifesto
1755 1725 1845 1770 ne
1890 1698 2096 1770 hodie
2139 1698 2432 1797 quidem

341 1833 574 1882 servus
620 1831 742 1882 est.
796 1809 951 1880 Alia
996 1834 1276 1907 quoque
1326 1809 1689 1907 complura
1733 1832 1935 1899 sunt,
1980 1838 2133 1909 quae
2178 1812 2432 1885 intueri

342 1924 542 2015 licet,
572 1926 627 1997 si
650 1924 871 1998 velitis
897 1951 914 1996 :
943 1951 1175 1997 servus
1204 1945 1327 1996 aut
1348 1924 1542 1997 domi
1567 1947 1768 2000 natus
1790 1942 1807 1972 ¹
1842 1948 1981 2016 est,
2016 1949 2135 1999 aut
2158 1927 2432 2001 relictus

340 2038 756 2128 hereditate,
789 2059 910 2111 aut
941 2058 1238 2137 emptus.
1270 2040 1483 2111 Hunc
1516 2066 1599 2112 ex
1623 2068 1768 2138 quo
1797 2069 2047 2141 genere
2079 2067 2433 2115 servorum

342 2152 641 2252 ponitis?
684 2153 879 2226 domi
925 2174 1170 2226 natum
1209 2179 1354 2226 esse
1396 2180 1468 2226 se
1509 2182 1653 2228 non
1697 2156 1900 2248 dicit,
1943 2183 2034 2229 ne
2078 2155 2433 2256 emptione

343 2268 666 2368 quidem,
698 2292 821 2342 aut
847 2269 1223 2343 hereditate
1266 2268 1603 2341 relictum.
1647 2271 1912 2345 Pendet
1952 2271 2163 2371 igitur
2202 2270 2432 2343 omnis

340 2384 486 2456 haec
519 2383 822 2457 conditio
854 2411 937 2458 ex
965 2386 1270 2458 foenore:
1306 2385 1474 2483 quid
1506 2385 1860 2485 sequitur?
1892 2407 1969 2459 ut
1999 2412 2262 2458 nomen
2283 2386 2430 2460 ἐὴ.

342 2586 430 2639 lib.
458 2589 522 2655 V,
550 2606 666 2661 cap.
702 2605 794 2656 ιο,
822 2587 866 2660 5.
897 2587 997 2652 6ος
1028 2601 1080 2641 et
1108 2586 1200 2640 lib.
1220 2590 1344 2656 vn,
1427 2603 1531 2644 tua.
1550 2591 1733 2645 AEaon.
1753 2595 2011 2665 Expunge
2028 2575 2082 2644 ‘ri
2103 2608 2286 2644 servus.
2308 2589 2431 2642 Non

343 2687 458 2740 cap.
486 2668 548 2736 3,
574 2667 618 2740 5.
651 2671 749 2724 26:
780 2667 977 2721 aAliud
1004 2683 1116 2732 est,
1143 2670 1345 2740 inquit,
1427 2672 1566 2722 enim
1590 2670 1838 2724 concedit
1861 2690 2068 2724 servum
2091 2688 2221 2722 esse.
2245 2669 2433 2720 Florus

348 2771 370 2796 ι
390 2767 594 2803 servum
614 2769 757 2818 0⁸⁸0,
777 2751 923 2804 aliud
940 2753 1158 2818 servire,
1175 2751 1345 2823 qualis
1424 2750 1524 2816 111,
1560 2749 1653 2802 16:
1693 2771 1717 2796 ι
1736 2750 1795 2803 C.
1830 2748 2130 2802 Gracchum
2161 2747 2434 2800 hominen

348 2852 371 2875 ιι
392 2847 505 2900 epse
523 2831 575 2882 in
596 2829 816 2883 addictis
833 2831 1052 2903 quaestio
1068 2829 1221 2883 solet.
1238 2830 1347 2898 Qui

325 2923 373 2951 ἰ
394 2925 568 2961 servus
601 2924 709 2974 est,
744 2910 788 2962 si
825 2910 1254 2974 manumittatur,
1286 2907 1346 2961 fit

350 3009 374 3033 ι
393 2986 682 3042 libertinus.
716 2989 904 3043 Servus
932 2991 1097 3042 invito
1124 2989 1345 3041 domino

352 3088 376 3112 ι
393 3064 687 3120 libertatem
710 3087 819 3122 non
846 3083 1230 3141 consequetur:
1256 3067 1344 3132 ad·

352 3168 376 3192 n
395 3144 593 3216 dictus,
609 3148 859 3202 solvendo
876 3152 1005 3202 citra
1018 3149 1348 3201 voluntatem

352 3246 376 3270 ι
395 3223 596 3278 domini
609 3265 623 3291 ,
645 3242 1012 3301 consequetur.
1035 3226 1116 3278 Ad
1136 3244 1347 3279 servum

352 3327 375 3350 α
395 3304 543 3358 nulla
561 3304 644 3359 la
661 3310 910 3379 pertinet.
931 3306 1147 3377 Propria
1166 3302 1346 3370 liberi,

353 3406 375 3430 ο
397 3403 513 3455 que
535 3404 689 3438 nemo
712 3384 902 3453 habet,
926 3386 1026 3437 nisi
1052 3383 1205 3450 liber,
1224 3402 1350 3456 pne-

352 3487 373 3509 ·
393 3480 587 3517 nomen
604 3503 622 3530 ,
650 3483 843 3516 nomen
859 3502 878 3531 ,
904 3480 1201 3534 cognomen
1216 3500 1232 3527 ‚
1256 3462 1349 3512 tri-

351 3565 374 3588 ι
393 3540 552 3596 bum:
583 3543 746 3595 habet
774 3541 885 3594 hoec
912 3540 1171 3594 addictus.
1194 3564 1216 3588 ιι
1246 3541 1351 3610 lgi-

1428 2851 1452 2876 ι
1471 2831 1587 2882 sino
1616 2829 1758 2882 tribu
1775 2867 1792 2897 ‚
1819 2830 1933 2883 sine
1963 2830 2193 2882 nomine.
2216 2851 2238 2875 ιι
2265 2828 2430 2882 cnon.

1423 2941 1495 2951 —
1516 2910 1627 2962 Aut
1658 2913 1714 2963 in
1744 2911 1891 2964 tribu.
1920 2911 2174 2962 Francius
2203 2906 2434 2960 malebat

1424 3002 1498 3043 est
1527 2991 1583 3042 t'n
1621 2991 1770 3043 tribu.
1804 3021 1878 3032 --
1903 2989 2014 3042 Aut
2043 2988 2333 3041 intervenit.
2365 2986 2438 3038 At

1427 3069 1703 3121 intervenit
1718 3105 1739 3134 ,
1782 3067 1962 3121 AErod.
2011 3066 2183 3119 I-atin.
2228 3063 2430 3120 Schult.

1425 3145 1555 3200 Obr.
1582 3146 1721 3212 Aut,
1747 3147 1857 3216 Bip.
1885 3156 1938 3196 et
1959 3142 2123 3195 Haek.
2151 3141 2271 3193 edd.

1503 3239 1521 3274 1
1535 3264 1548 3275 .
1559 3222 1668 3275 Aut
1676 3223 1821 3276 domi
1829 3234 1996 3274 natus.
2009 3222 2219 3271 Petron.
2231 3219 2430 3271 XLVII:

1431 3325 1455 3349 ι
1472 3301 1776 3373 Emptitius,
1797 3318 1888 3366 an,
1908 3299 2100 3370 inquit,
2114 3295 2260 3351 domi
2277 3309 2432 3351 natue

1435 3406 1457 3431 ιι
1476 3385 1572 3435 es?
1600 3396 1883 3448 neutrum,
1913 3380 2088 3451 inquit
2118 3397 2309 3444 coena,
2338 3377 2432 3432 sed

1436 3486 1458 3510 ι
1480 3474 1793 3514 testamento
1844 3463 2025 3512 Pansae
2077 3457 2174 3510 tibi
2217 3458 2432 3510 relictus

1435 3567 1457 3591 ι
1479 3563 1614 3596 snm.
1637 3566 1659 3590 ο
1685 3541 1807 3593 Vid.
1834 3541 2001 3593 Cicer.
2037 3540 2103 3593 de
2137 3541 2335 3593 Invent.
2374 3542 2398 3590 1
2414 3576 2431 3605 ,

344 3633 433 3671 tur
461 3619 603 3673 aliud
641 3635 753 3688 est,
787 3639 996 3673 servum
1030 3637 1175 3685 esse,
1202 3616 1352 3671 aliud

347 3703 539 3753 servire
580 3718 671 3754 aut
710 3704 766 3756 in
807 3704 1053 3754 servitute
1097 3719 1244 3754 esse:
1290 3712 1351 3752 nt

347 3777 493 3830 aliud
525 3782 577 3830 in
610 3780 850 3833 libertate
876 3800 1021 3844 esse,
1052 3779 1195 3831 aliud
1217 3779 1351 3831 libe-

346 3877 466 3911 mm
485 3875 619 3912 ease.
640 3861 785 3913 Dect.
804 3862 1030 3915 cccxl.
1044 3860 1196 3911 infr-a.
1213 3859 1351 3910 Hinc

346 3939 664 4010 Pupinianns
702 3940 737 3992 Ι.
774 3941 927 3992 uxori
958 3939 1253 3992 usufructu.
1289 3935 1347 3988 ff.

347 4017 415 4071 de
430 4038 530 4072 usu
546 4033 599 4073 et
612 4022 779 4073 usust.
798 4023 933 4093 lega.
957 4021 1231 4090 Scorpium
1246 4037 1353 4070 ser-

346 4115 469 4149 vum
494 4117 669 4151 meum
698 4099 1018 4172 Semproniae
1045 4095 1353 4150 concubina.-

349 4197 475 4231 meae
493 4183 683 4233 servire
704 4182 827 4234 volo
847 4203 858 4232 z
880 4199 989 4233 non
1007 4178 1214 4230 videtur
1230 4197 1353 4249 pro-

350 4261 541 4329 prietas
564 4263 701 4316 servi
726 4261 937 4327 relicta,
969 4258 1062 4313 sed
1085 4258 1357 4311 ususfruc-

1430 3625 1516 3693 45.
1550 3627 1716 3676 Bona«.

1503 3722 1548 3756 α.
1590 3703 1728 3773 Quid
1756 3700 2023 3775 sequitur?
2048 3713 2107 3753 ut
2134 3717 2324 3752 nomen
2353 3697 2432 3749 sit.

1429 3783 1503 3834 Et
1518 3781 1660 3855 quod
1676 3782 1918 3853 sequitur,
1937 3789 1998 3831 ut
2018 3797 2204 3832 nomen
2229 3794 2334 3826 non
2353 3775 2433 3826 sit.

1431 3863 1527 3915 vel
1540 3902 1556 3927 ,
1578 3874 1637 3914 ut
1659 3862 1874 3914 nomine
1891 3860 1968 3913 n't.
1987 3859 2109 3924 vel,
2129 3867 2180 3909 et
2200 3854 2343 3928 quod
2364 3871 2437 3907 se·

1430 3941 1607 4014 quitur
1627 3958 1693 3992 ne
1713 3955 1903 3990 nomen
1923 3937 2014 3996 sit,-
2035 3935 2089 3987 id
2110 3948 2187 3987 est
2209 3933 2433 3985 debitor.

1432 4019 1560 4083 Vel,
1589 4018 1720 4092 quid
1742 4017 2009 4089 sequitur?
2033 4012 2088 4066 id
2117 4027 2195 4065 cst
2223 4014 2404 4085 quaerit
2423 4049 2436 4076 ,

1432 4098 1576 4170 sequi
1617 4099 1728 4166 ejus
1771 4107 1881 4161 est,
1924 4111 2040 4164 quae
2080 4093 2286 4165 assequi
2327 4107 2436 4144 non

1433 4196 1733 4250 possumus.
1756 4176 1808 4228 Si
1826 4174 2097 4241 liberetur,
2119 4194 2216 4226 nec
2237 4173 2440 4226 solven-

1434 4257 1560 4309 dum
1590 4259 1638 4309 ei
1668 4258 1794 4309 erit:
1827 4257 1898 4308 ita
1927 4253 2058 4307 nihil
2092 4251 2399 4308 mutandum
2417 4291 2435 4320 2
