<?xml version="1.0" encoding="UTF-8"?>
<!DOCTYPE html PUBLIC "-//W3C//DTD XHTML 1.0 Transitional//EN"
    "http://www.w3.org/TR/xhtml1/DTD/xhtml1-transitional.dtd">
<html xmlns="http://www.w3.org/1999/xhtml" xml:lang="en" lang="en">
 <head>
  <title>
</title>
<meta http-equiv="Content-Type" content="text/html;charset=utf-8" />
  <meta name='ocr-system' content='tesseract 3.04.00' />
  <meta name='ocr-capabilities' content='ocr_page ocr_carea ocr_par ocr_line ocrx_word'/>
</head>
<body>
  <div class='ocr_page' id='page_1' title='image "./deinstitutioneo00flacgoog_0560.png"; bbox 0 0 3200 5117; ppageno 0'>
   <div class='ocr_carea' id='block_1_1' title="bbox 815 536 2319 1089">
    <p class='ocr_par' dir='ltr' id='par_1_1' title="bbox 815 536 2319 1089">
     <span class='ocr_line' id='line_1_1' title="bbox 815 536 2319 605; baseline -0.003 0"><span class='ocrx_word' id='word_1_1' title='bbox 815 538 941 605; x_wconf 82' lang='lat'><strong>556</strong></span> <span class='ocrx_word' id='word_1_2' title='bbox 1285 543 1292 549; x_wconf 83' lang='lat'>&#39;</span> <span class='ocrx_word' id='word_1_3' title='bbox 1391 538 1924 605; x_wconf 79' lang='lat' dir='ltr'>CALPURNH</span> <span class='ocrx_word' id='word_1_4' title='bbox 1972 536 2319 602; x_wconf 82' lang='lat' dir='ltr'>FLACCI</span> 
     </span>
     <span class='ocr_line' id='line_1_2' title="bbox 1679 1010 2028 1089; baseline -0.003 -4"><span class='ocrx_word' id='word_1_5' title='bbox 1679 1010 1757 1085; x_wconf 92' lang='lat' dir='ltr'>X</span> <span class='ocrx_word' id='word_1_6' title='bbox 1775 1011 2028 1089; x_wconf 91' lang='lat' dir='ltr'>VIII.</span> 
     </span>
    </p>
   </div>
   <div class='ocr_carea' id='block_1_2' title="bbox 1531 1190 2160 1298">
    <p class='ocr_par' dir='ltr' id='par_1_2' title="bbox 1531 1190 2160 1298">
     <span class='ocr_line' id='line_1_3' title="bbox 1531 1190 2160 1298; baseline 0 -2"><span class='ocrx_word' id='word_1_7' title='bbox 1531 1190 1809 1298; x_wconf 75' lang='grc' dir='ltr'><em>Ᾰνηιαεί</em></span> <span class='ocrx_word' id='word_1_8' title='bbox 1840 1223 2160 1298; x_wconf 76' lang='lat' dir='ltr'><strong>abdicati.</strong></span> 
     </span>
    </p>
   </div>
   <div class='ocr_carea' id='block_1_3' title="bbox 814 1437 2947 1717">
    <p class='ocr_par' dir='ltr' id='par_1_3' title="bbox 814 1437 2947 1717">
     <span class='ocr_line' id='line_1_4' title="bbox 814 1437 2947 1519; baseline -0.001 -19"><span class='ocrx_word' id='word_1_9' title='bbox 814 1437 1098 1500; x_wconf 82' lang='lat' dir='ltr'><strong>Abdicati</strong></span> <span class='ocrx_word' id='word_1_10' title='bbox 1133 1439 1210 1500; x_wconf 90' lang='lat' dir='ltr'><strong>ad</strong></span> <span class='ocrx_word' id='word_1_11' title='bbox 1251 1439 1489 1499; x_wconf 87' lang='lat' dir='ltr'><strong>curiam</strong></span> <span class='ocrx_word' id='word_1_12' title='bbox 1525 1450 1947 1499; x_wconf 81' lang='lat' dir='ltr'><strong>convenerunt</strong></span> <span class='ocrx_word' id='word_1_13' title='bbox 1987 1439 2242 1513; x_wconf 89' lang='lat' dir='ltr'><strong>armati,</strong></span> <span class='ocrx_word' id='word_1_14' title='bbox 2294 1450 2571 1519; x_wconf 84' lang='lat' dir='ltr'><strong>petentes</strong></span> <span class='ocrx_word' id='word_1_15' title='bbox 2619 1439 2947 1499; x_wconf 79' lang='lat' dir='ltr'><strong>revocari.</strong></span> 
     </span>
     <span class='ocr_line' id='line_1_5' title="bbox 891 1534 2946 1619; baseline -0.001 -21"><span class='ocrx_word' id='word_1_16' title='bbox 891 1541 1064 1599; x_wconf 83' lang='lat' dir='ltr'><strong>Unus</strong></span> <span class='ocrx_word' id='word_1_17' title='bbox 1092 1559 1160 1598; x_wconf 87' lang='lat' dir='ltr'><strong>ex</strong></span> <span class='ocrx_word' id='word_1_18' title='bbox 1190 1538 1472 1619; x_wconf 87' lang='lat' dir='ltr'><strong>patribus</strong></span> <span class='ocrx_word' id='word_1_19' title='bbox 1496 1537 1901 1598; x_wconf 81' lang='lat' dir='ltr'>contradixit:</span> <span class='ocrx_word' id='word_1_20' title='bbox 1936 1534 2104 1596; x_wconf 80' lang='lat' dir='ltr'><strong>filius</strong></span> <span class='ocrx_word' id='word_1_21' title='bbox 2132 1534 2261 1617; x_wconf 84' lang='lat' dir='ltr'><strong>ejus</strong></span> <span class='ocrx_word' id='word_1_22' title='bbox 2284 1556 2347 1596; x_wconf 81' lang='lat' dir='ltr'><strong>se</strong></span> <span class='ocrx_word' id='word_1_23' title='bbox 2370 1536 2722 1596; x_wconf 86' lang='lat' dir='ltr'><strong>interemit.</strong></span> <span class='ocrx_word' id='word_1_24' title='bbox 2762 1535 2946 1595; x_wconf 82' lang='lat' dir='ltr'>Idem</span> 
     </span>
     <span class='ocr_line' id='line_1_6' title="bbox 894 1634 1653 1717; baseline -0.003 -22"><span class='ocrx_word' id='word_1_25' title='bbox 894 1634 1136 1710; x_wconf 79' lang='lat' dir='ltr'><strong>suadet,</strong></span> <span class='ocrx_word' id='word_1_26' title='bbox 1165 1648 1232 1695; x_wconf 92' lang='lat' dir='ltr'><strong>ut</strong></span> <span class='ocrx_word' id='word_1_27' title='bbox 1254 1636 1653 1717; x_wconf 86' lang='lat' dir='ltr'><strong>recipiantur.</strong></span> 
     </span>
    </p>
   </div>
   <div class='ocr_carea' id='block_1_4' title="bbox 1529 1840 2201 1899">
    <p class='ocr_par' dir='ltr' id='par_1_4' title="bbox 1529 1840 2201 1899">
     <span class='ocr_line' id='line_1_7' title="bbox 1529 1840 2201 1899; baseline -0.001 -14"><span class='ocrx_word' id='word_1_28' title='bbox 1529 1840 1683 1886; x_wconf 75' lang='lat' dir='ltr'><strong>pao</strong></span> <span class='ocrx_word' id='word_1_29' title='bbox 1731 1840 2201 1899; x_wconf 66' lang='lat' dir='ltr'><strong>notem-ts.</strong></span> 
     </span>
    </p>
   </div>
   <div class='ocr_carea' id='block_1_5' title="bbox 806 1978 2937 2892">
    <p class='ocr_par' dir='ltr' id='par_1_5' title="bbox 806 1978 2937 2892">
     <span class='ocr_line' id='line_1_8' title="bbox 913 1978 2937 2080; baseline 0.001 -32"><span class='ocrx_word' id='word_1_30' title='bbox 913 1980 1111 2070; x_wconf 88' lang='lat' dir='ltr'><strong>Peto,</strong></span> <span class='ocrx_word' id='word_1_31' title='bbox 1139 2001 1215 2052; x_wconf 90' lang='lat' dir='ltr'><strong>ut</strong></span> <span class='ocrx_word' id='word_1_32' title='bbox 1237 1980 1649 2080; x_wconf 78' lang='lat' dir='ltr'><strong>indulgeatis</strong></span> <span class='ocrx_word' id='word_1_33' title='bbox 1675 1980 1790 2052; x_wconf 82' lang='lat' dir='ltr'><strong>irae</strong></span> <span class='ocrx_word' id='word_1_34' title='bbox 1815 1979 2201 2054; x_wconf 75' lang='lat' dir='ltr'><strong>domesticae</strong></span> <span class='ocrx_word' id='word_1_35' title='bbox 2224 1992 2272 2071; x_wconf 84' lang='lat'><strong>¹,</strong></span> <span class='ocrx_word' id='word_1_36' title='bbox 2305 2005 2530 2078; x_wconf 85' lang='lat' dir='ltr'><strong>quum</strong></span> <span class='ocrx_word' id='word_1_37' title='bbox 2556 2005 2681 2051; x_wconf 89' lang='lat' dir='ltr'><strong>me</strong></span> <span class='ocrx_word' id='word_1_38' title='bbox 2708 1978 2937 2051; x_wconf 83' lang='lat' dir='ltr'><strong>videa.</strong></span> 
     </span>
     <span class='ocr_line' id='line_1_9' title="bbox 815 2095 2937 2195; baseline -0 -29"><span class='ocrx_word' id='word_1_39' title='bbox 815 2095 897 2166; x_wconf 89' lang='lat' dir='ltr'><strong>tis</strong></span> <span class='ocrx_word' id='word_1_40' title='bbox 927 2095 1205 2195; x_wconf 88' lang='lat' dir='ltr'><strong>publice</strong></span> <span class='ocrx_word' id='word_1_41' title='bbox 1235 2096 1561 2195; x_wconf 83' lang='lat' dir='ltr'><strong>poeuitere</strong></span> <span class='ocrx_word' id='word_1_42' title='bbox 1600 2097 1957 2170; x_wconf 82' lang='lat' dir='ltr'><strong>sententiae</strong></span> <span class='ocrx_word' id='word_1_43' title='bbox 1986 2126 2001 2170; x_wconf 93' lang='lat'>:</span> <span class='ocrx_word' id='word_1_44' title='bbox 2047 2124 2212 2169; x_wconf 90' lang='lat' dir='ltr'><strong>nam</strong></span> <span class='ocrx_word' id='word_1_45' title='bbox 2244 2095 2426 2168; x_wconf 86' lang='lat' dir='ltr'><strong>sicut</strong></span> <span class='ocrx_word' id='word_1_46' title='bbox 2458 2096 2535 2166; x_wconf 88' lang='lat' dir='ltr'><strong>iu</strong></span> <span class='ocrx_word' id='word_1_47' title='bbox 2568 2096 2715 2166; x_wconf 83' lang='lat' dir='ltr'><strong>vita</strong></span> <span class='ocrx_word' id='word_1_48' title='bbox 2752 2122 2937 2165; x_wconf 85' lang='lat' dir='ltr'><strong>nuu-</strong></span> 
     </span>
     <span class='ocr_line' id='line_1_10' title="bbox 816 2212 2931 2312; baseline 0 -29"><span class='ocrx_word' id='word_1_49' title='bbox 816 2236 1031 2310; x_wconf 90' lang='lat' dir='ltr'><strong>quam</strong></span> <span class='ocrx_word' id='word_1_50' title='bbox 1085 2238 1306 2284; x_wconf 84' lang='lat' dir='ltr'><strong>errare</strong></span> <span class='ocrx_word' id='word_1_51' title='bbox 1328 2271 1348 2303; x_wconf 86' lang='lat'>‚</span> <span class='ocrx_word' id='word_1_52' title='bbox 1411 2212 1630 2285; x_wconf 86' lang='lat' dir='ltr'><strong>felicis</strong></span> <span class='ocrx_word' id='word_1_53' title='bbox 1681 2234 1819 2302; x_wconf 83' lang='lat' dir='ltr'><strong>est3</strong></span> <span class='ocrx_word' id='word_1_54' title='bbox 1877 2215 1971 2286; x_wconf 88' lang='lat' dir='ltr'><strong>ita</strong></span> <span class='ocrx_word' id='word_1_55' title='bbox 2021 2240 2325 2286; x_wconf 87' lang='lat' dir='ltr'><strong>errorem</strong></span> <span class='ocrx_word' id='word_1_56' title='bbox 2381 2212 2931 2312; x_wconf 85' lang='lat' dir='ltr'><strong>quamprimum</strong></span> 
     </span>
     <span class='ocr_line' id='line_1_11' title="bbox 816 2325 2931 2427; baseline 0.001 -31"><span class='ocrx_word' id='word_1_57' title='bbox 816 2325 1218 2415; x_wconf 84' lang='lat' dir='ltr'><strong>emendare,</strong></span> <span class='ocrx_word' id='word_1_58' title='bbox 1240 2326 1597 2426; x_wconf 85' lang='lat' dir='ltr'><strong>sapientis:</strong></span> <span class='ocrx_word' id='word_1_59' title='bbox 1632 2348 1999 2427; x_wconf 86' lang='lat' dir='ltr'><strong>parentum</strong></span> <span class='ocrx_word' id='word_1_60' title='bbox 2026 2327 2141 2399; x_wconf 88' lang='lat' dir='ltr'><strong>illa</strong></span> <span class='ocrx_word' id='word_1_61' title='bbox 2166 2325 2565 2399; x_wconf 81' lang='lat' dir='ltr'><strong>deliberatio</strong></span> <span class='ocrx_word' id='word_1_62' title='bbox 2588 2326 2753 2414; x_wconf 79' lang='lat' dir='ltr'><strong>fuit,</strong></span> <span class='ocrx_word' id='word_1_63' title='bbox 2780 2327 2931 2398; x_wconf 79' lang='lat' dir='ltr'><strong>haec</strong></span> 
     </span>
     <span class='ocr_line' id='line_1_12' title="bbox 806 2438 2930 2541; baseline 0 -30"><span class='ocrx_word' id='word_1_64' title='bbox 806 2438 956 2540; x_wconf 89' lang='lat' dir='ltr'><strong>jam</strong></span> <span class='ocrx_word' id='word_1_65' title='bbox 979 2442 1319 2512; x_wconf 85' lang='lat' dir='ltr'><strong>cunctatio</strong></span> <span class='ocrx_word' id='word_1_66' title='bbox 1345 2442 1844 2541; x_wconf 86' lang='lat' dir='ltr'><strong>parricidarum</strong></span> <span class='ocrx_word' id='word_1_67' title='bbox 1861 2457 1885 2487; x_wconf 82' lang='lat'>²</span> <span class='ocrx_word' id='word_1_68' title='bbox 1903 2463 2021 2516; x_wconf 87' lang='lat' dir='ltr'><strong>est.</strong></span> <span class='ocrx_word' id='word_1_69' title='bbox 2044 2446 2268 2515; x_wconf 87' lang='lat' dir='ltr'><strong>AEtate</strong></span> <span class='ocrx_word' id='word_1_70' title='bbox 2286 2441 2457 2540; x_wconf 83' lang='lat' dir='ltr'><strong>lapsi</strong></span> <span class='ocrx_word' id='word_1_71' title='bbox 2476 2468 2760 2531; x_wconf 69' lang='lat' dir='ltr'><strong>summ,</strong></span> <span class='ocrx_word' id='word_1_72' title='bbox 2778 2468 2930 2539; x_wconf 77' lang='lat' dir='ltr'><strong>ege·</strong></span> 
     </span>
     <span class='ocr_line' id='line_1_13' title="bbox 816 2556 2920 2656; baseline 0 -30"><span class='ocrx_word' id='word_1_73' title='bbox 816 2576 989 2628; x_wconf 87' lang='lat' dir='ltr'><strong>state</strong></span> <span class='ocrx_word' id='word_1_74' title='bbox 1028 2558 1343 2629; x_wconf 88' lang='lat' dir='ltr'><strong>correcti:</strong></span> <span class='ocrx_word' id='word_1_75' title='bbox 1377 2558 1448 2629; x_wconf 88' lang='lat' dir='ltr'><strong>in</strong></span> <span class='ocrx_word' id='word_1_76' title='bbox 1479 2559 1611 2632; x_wconf 92' lang='lat' dir='ltr'><strong>hoc</strong></span> <span class='ocrx_word' id='word_1_77' title='bbox 1644 2586 1760 2631; x_wconf 90' lang='lat' dir='ltr'><strong>vos</strong></span> <span class='ocrx_word' id='word_1_78' title='bbox 1789 2585 2154 2632; x_wconf 84' lang='lat' dir='ltr'><strong>exoramus</strong></span> <span class='ocrx_word' id='word_1_79' title='bbox 2190 2559 2340 2630; x_wconf 92' lang='lat' dir='ltr'><strong>loco</strong></span> <span class='ocrx_word' id='word_1_80' title='bbox 2360 2616 2378 2648; x_wconf 88' lang='lat'><strong>‚</strong></span> <span class='ocrx_word' id='word_1_81' title='bbox 2413 2557 2490 2628; x_wconf 89' lang='lat' dir='ltr'><strong>in</strong></span> <span class='ocrx_word' id='word_1_82' title='bbox 2523 2584 2663 2656; x_wconf 89' lang='lat' dir='ltr'><strong>quo</strong></span> <span class='ocrx_word' id='word_1_83' title='bbox 2697 2556 2920 2627; x_wconf 86' lang='lat' dir='ltr'><strong>etiam</strong></span> 
     </span>
     <span class='ocr_line' id='line_1_14' title="bbox 816 2671 2908 2777; baseline -0.001 -34"><span class='ocrx_word' id='word_1_84' title='bbox 816 2671 1043 2744; x_wconf 84' lang='lat' dir='ltr'><strong>hostes</strong></span> <span class='ocrx_word' id='word_1_85' title='bbox 1088 2675 1382 2773; x_wconf 87' lang='lat' dir='ltr'><strong>superati</strong></span> <span class='ocrx_word' id='word_1_86' title='bbox 1433 2703 1575 2748; x_wconf 89' lang='lat' dir='ltr'><strong>non</strong></span> <span class='ocrx_word' id='word_1_87' title='bbox 1625 2677 1872 2747; x_wconf 86' lang='lat' dir='ltr'><strong>frustra</strong></span> <span class='ocrx_word' id='word_1_88' title='bbox 1915 2677 2504 2777; x_wconf 86' lang='lat' dir='ltr'><strong>supplicaverunt.</strong></span> <span class='ocrx_word' id='word_1_89' title='bbox 2554 2675 2727 2769; x_wconf 78' lang='lat' dir='ltr'><strong>Ergo</strong></span> <span class='ocrx_word' id='word_1_90' title='bbox 2774 2671 2908 2742; x_wconf 83' lang='lat' dir='ltr'><strong>ille</strong></span> 
     </span>
     <span class='ocr_line' id='line_1_15' title="bbox 815 2788 2910 2892; baseline 0 -32"><span class='ocrx_word' id='word_1_91' title='bbox 815 2790 1026 2863; x_wconf 85' lang='lat' dir='ltr'><strong>tristis</strong></span> <span class='ocrx_word' id='word_1_92' title='bbox 1044 2788 1097 2881; x_wconf 84' lang='lat'><strong>3,</strong></span> <span class='ocrx_word' id='word_1_93' title='bbox 1123 2811 1190 2862; x_wconf 89' lang='lat' dir='ltr'><strong>et</strong></span> <span class='ocrx_word' id='word_1_94' title='bbox 1212 2817 1456 2882; x_wconf 73' lang='lat' dir='ltr'><strong>saevuS,</strong></span> <span class='ocrx_word' id='word_1_95' title='bbox 1484 2819 1707 2892; x_wconf 91' lang='lat' dir='ltr'><strong>quum</strong></span> <span class='ocrx_word' id='word_1_96' title='bbox 1738 2794 2167 2883; x_wconf 85' lang='lat' dir='ltr'><strong>abdicarem,</strong></span> <span class='ocrx_word' id='word_1_97' title='bbox 2198 2815 2435 2867; x_wconf 90' lang='lat' dir='ltr'><strong>tamen</strong></span> <span class='ocrx_word' id='word_1_98' title='bbox 2462 2790 2593 2881; x_wconf 84' lang='lat' dir='ltr'><strong>fui,</strong></span> <span class='ocrx_word' id='word_1_99' title='bbox 2623 2810 2690 2861; x_wconf 92' lang='lat' dir='ltr'><strong>et</strong></span> <span class='ocrx_word' id='word_1_100' title='bbox 2721 2816 2910 2861; x_wconf 82' lang='lat' dir='ltr'><strong>sem-</strong></span> 
     </span>
    </p>
   </div>
   <div class='ocr_carea' id='block_1_6' title="bbox 777 2984 3015 3538">
    <p class='ocr_par' dir='ltr' id='par_1_6' title="bbox 777 2984 2923 3142">
     <span class='ocr_line' id='line_1_16' title="bbox 777 2984 2923 3064; baseline -0.001 -26"><span class='ocrx_word' id='word_1_101' title='bbox 777 3036 784 3045; x_wconf 85' lang='lat'><em>,</em></span> <span class='ocrx_word' id='word_1_102' title='bbox 894 3004 937 3039; x_wconf 82' lang='lat'><strong>1.</strong></span> <span class='ocrx_word' id='word_1_103' title='bbox 973 2988 1141 3052; x_wconf 77' lang='lat' dir='ltr'><strong>Puto,</strong></span> <span class='ocrx_word' id='word_1_104' title='bbox 1175 3000 1233 3041; x_wconf 79' lang='lat' dir='ltr'><strong>ut</strong></span> <span class='ocrx_word' id='word_1_105' title='bbox 1265 2988 1575 3064; x_wconf 69' lang='lat' dir='ltr'><strong>indulqentis</strong></span> <span class='ocrx_word' id='word_1_106' title='bbox 1607 2990 1695 3041; x_wconf 67' lang='grc' dir='ltr'><strong>ἕνα</strong></span> <span class='ocrx_word' id='word_1_107' title='bbox 1724 2990 1823 3043; x_wconf 83' lang='lat' dir='ltr'><strong>do·</strong></span> <span class='ocrx_word' id='word_1_108' title='bbox 1892 2990 2176 3062; x_wconf 75' lang='lat' dir='ltr'><strong>adigimus.</strong></span> <span class='ocrx_word' id='word_1_109' title='bbox 2210 2992 2431 3044; x_wconf 71' lang='lat' dir='ltr'><strong>Senum.</strong></span> <span class='ocrx_word' id='word_1_110' title='bbox 2460 3020 2533 3032; x_wconf 90' lang='lat'><strong>--</strong></span> <span class='ocrx_word' id='word_1_111' title='bbox 2559 2989 2740 3040; x_wconf 77' lang='lat' dir='ltr'><strong>AE’tate</strong></span> <span class='ocrx_word' id='word_1_112' title='bbox 2780 2984 2923 3058; x_wconf 73' lang='lat' dir='ltr'><strong>lapsi</strong></span> 
     </span>
     <span class='ocr_line' id='line_1_17' title="bbox 815 3067 2686 3142; baseline -0.001 -25"><span class='ocrx_word' id='word_1_113' title='bbox 815 3068 1050 3119; x_wconf 77' lang='lat' dir='ltr'><strong>mesticoe.</strong></span> <span class='ocrx_word' id='word_1_114' title='bbox 1071 3067 1213 3119; x_wconf 79' lang='lat' dir='ltr'><strong>Serv,</strong></span> <span class='ocrx_word' id='word_1_115' title='bbox 1230 3068 1371 3138; x_wconf 73' lang='lat' dir='ltr'><strong>Vin-g.</strong></span> <span class='ocrx_word' id='word_1_116' title='bbox 1391 3069 1505 3119; x_wconf 83' lang='lat' dir='ltr'><strong>AEn.</strong></span> <span class='ocrx_word' id='word_1_117' title='bbox 1531 3069 1599 3118; x_wconf 80' lang='lat' dir='ltr'><strong>lv</strong></span> <span class='ocrx_word' id='word_1_118' title='bbox 1617 3068 1685 3120; x_wconf 86' lang='lat' dir='ltr'><strong>ad</strong></span> <span class='ocrx_word' id='word_1_119' title='bbox 1703 3069 1789 3122; x_wconf 81' lang='lat' dir='ltr'><strong>illa</strong></span> <span class='ocrx_word' id='word_1_120' title='bbox 1803 3106 1820 3134; x_wconf 86' lang='lat'>‚</span> <span class='ocrx_word' id='word_1_121' title='bbox 1899 3073 2434 3142; x_wconf 68' lang='lat' dir='ltr'><strong>sumu5.1,ege‚sunt.</strong></span> <span class='ocrx_word' id='word_1_122' title='bbox 2462 3070 2686 3122; x_wconf 72' lang='lat' dir='ltr'><strong>Scau-r.</strong></span> 
     </span>
    </p>

    <p class='ocr_par' dir='ltr' id='par_1_7' title="bbox 816 3145 3015 3538">
     <span class='ocr_line' id='line_1_18' title="bbox 816 3145 3015 3224; baseline 0.002 -29"><span class='ocrx_word' id='word_1_123' title='bbox 816 3145 1044 3218; x_wconf 76' lang='lat' dir='ltr'><strong>Indulqe</strong></span> <span class='ocrx_word' id='word_1_124' title='bbox 1059 3145 1297 3216; x_wconf 77' lang='lat' dir='ltr'><strong>hospitio.</strong></span> <span class='ocrx_word' id='word_1_125' title='bbox 1319 3170 1341 3193; x_wconf 80' lang='grc' dir='ltr'><strong>ιι</strong></span> <span class='ocrx_word' id='word_1_126' title='bbox 1359 3147 1821 3219; x_wconf 71' lang='lat' dir='ltr'><strong>Indulge,iuquit,</strong></span> <span class='ocrx_word' id='word_1_127' title='bbox 1970 3151 2023 3203; x_wconf 83' lang='lat'><strong>3.</strong></span> <span class='ocrx_word' id='word_1_128' title='bbox 2052 3151 2193 3224; x_wconf 75' lang='lat' dir='ltr'><strong>Erqo</strong></span> <span class='ocrx_word' id='word_1_129' title='bbox 2223 3147 2315 3201; x_wconf 77' lang='lat' dir='ltr'><strong>ille</strong></span> <span class='ocrx_word' id='word_1_130' title='bbox 2343 3148 2509 3201; x_wconf 64' lang='lat' dir='ltr'><strong>aistis.</strong></span> <span class='ocrx_word' id='word_1_131' title='bbox 2545 3145 2921 3220; x_wconf 68' lang='lat' dir='ltr'><strong>Scribe-1550</strong></span> <span class='ocrx_word' id='word_1_132' title='bbox 3010 3164 3015 3169; x_wconf 87' lang='lat'>·</span> 
     </span>
     <span class='ocr_line' id='line_1_19' title="bbox 823 3224 2918 3298; baseline 0 -23"><span class='ocrx_word' id='word_1_133' title='bbox 823 3249 844 3272; x_wconf 74' lang='grc' dir='ltr'>ι</span> <span class='ocrx_word' id='word_1_134' title='bbox 865 3226 932 3277; x_wconf 87' lang='lat' dir='ltr'><strong>da</strong></span> <span class='ocrx_word' id='word_1_135' title='bbox 956 3244 1203 3298; x_wconf 75' lang='lat' dir='ltr'><strong>operam:</strong></span> <span class='ocrx_word' id='word_1_136' title='bbox 1226 3249 1248 3274; x_wconf 76' lang='grc' dir='ltr'><strong>ιο</strong></span> <span class='ocrx_word' id='word_1_137' title='bbox 1282 3241 1373 3293; x_wconf 87' lang='lat' dir='ltr'><strong>ut,</strong></span> <span class='ocrx_word' id='word_1_138' title='bbox 1404 3228 1722 3298; x_wconf 73' lang='lat' dir='ltr'><strong>«indulgent</strong></span> <span class='ocrx_word' id='word_1_139' title='bbox 1744 3229 1823 3279; x_wconf 85' lang='lat' dir='ltr'><strong>vi-</strong></span> <span class='ocrx_word' id='word_1_140' title='bbox 1903 3227 1997 3280; x_wconf 67' lang='lat' dir='ltr'><strong>{ue</strong></span> <span class='ocrx_word' id='word_1_141' title='bbox 2030 3228 2180 3280; x_wconf 75' lang='lat' dir='ltr'><strong>tristis</strong></span> <span class='ocrx_word' id='word_1_142' title='bbox 2209 3240 2259 3280; x_wconf 80' lang='grc' dir='ltr'><strong>σε</strong></span> <span class='ocrx_word' id='word_1_143' title='bbox 2289 3245 2482 3292; x_wconf 78' lang='lat' dir='ltr'><strong>soevus,</strong></span> <span class='ocrx_word' id='word_1_144' title='bbox 2506 3244 2671 3298; x_wconf 78' lang='lat' dir='ltr'><strong>quum</strong></span> <span class='ocrx_word' id='word_1_145' title='bbox 2708 3224 2918 3276; x_wconf 69' lang='lat' dir='ltr'><strong>abdica-</strong></span> 
     </span>
     <span class='ocr_line' id='line_1_20' title="bbox 822 3303 2917 3372; baseline 0 -19"><span class='ocrx_word' id='word_1_146' title='bbox 822 3327 845 3348; x_wconf 81' lang='lat'><strong>«</strong></span> <span class='ocrx_word' id='word_1_147' title='bbox 868 3321 966 3367; x_wconf 83' lang='lat' dir='ltr'><strong>no,</strong></span> <span class='ocrx_word' id='word_1_148' title='bbox 991 3317 1042 3356; x_wconf 86' lang='lat' dir='ltr'><strong>et</strong></span> <span class='ocrx_word' id='word_1_149' title='bbox 1065 3316 1276 3356; x_wconf 77' lang='lat' dir='ltr'><strong>vertunt</strong></span> <span class='ocrx_word' id='word_1_150' title='bbox 1303 3318 1527 3358; x_wconf 83' lang='lat' dir='ltr'><strong>crateras</strong></span> <span class='ocrx_word' id='word_1_151' title='bbox 1552 3305 1815 3359; x_wconf 62' lang='lat' dir='ltr'><strong>ahenum·</strong></span> <span class='ocrx_word' id='word_1_152' title='bbox 1904 3326 2042 3372; x_wconf 71' lang='lat' dir='ltr'><strong>rem,</strong></span> <span class='ocrx_word' id='word_1_153' title='bbox 2081 3317 2255 3359; x_wconf 78' lang='lat' dir='ltr'><strong>tamen</strong></span> <span class='ocrx_word' id='word_1_154' title='bbox 2400 3306 2435 3356; x_wconf 78' lang='grc' dir='ltr'><strong>ι’.</strong></span> <span class='ocrx_word' id='word_1_155' title='bbox 2472 3305 2638 3359; x_wconf 71' lang='lat' dir='ltr'><strong>Gnou.</strong></span> <span class='ocrx_word' id='word_1_156' title='bbox 2679 3303 2917 3356; x_wconf 81' lang='lat' dir='ltr'><strong>Turbata</strong></span> 
     </span>
     <span class='ocr_line' id='line_1_21' title="bbox 816 3380 2919 3453; baseline 0 -20"><span class='ocrx_word' id='word_1_157' title='bbox 816 3384 977 3451; x_wconf 90' lang='lat' dir='ltr'><strong>Quod</strong></span> <span class='ocrx_word' id='word_1_158' title='bbox 1016 3398 1069 3436; x_wconf 87' lang='lat' dir='ltr'><strong>et</strong></span> <span class='ocrx_word' id='word_1_159' title='bbox 1107 3385 1196 3437; x_wconf 85' lang='lat' dir='ltr'><strong>hie</strong></span> <span class='ocrx_word' id='word_1_160' title='bbox 1240 3384 1416 3436; x_wconf 85' lang='lat' dir='ltr'><strong>locum</strong></span> <span class='ocrx_word' id='word_1_161' title='bbox 1463 3384 1640 3437; x_wconf 83' lang='lat' dir='ltr'><strong>habet.</strong></span> <span class='ocrx_word' id='word_1_162' title='bbox 1687 3388 1822 3437; x_wconf 88' lang='lat' dir='ltr'><strong>Nam</strong></span> <span class='ocrx_word' id='word_1_163' title='bbox 1901 3383 2012 3438; x_wconf 79' lang='lat' dir='ltr'><strong>haec</strong></span> <span class='ocrx_word' id='word_1_164' title='bbox 2037 3397 2187 3451; x_wconf 80' lang='lat' dir='ltr'><strong>sunt,</strong></span> <span class='ocrx_word' id='word_1_165' title='bbox 2212 3397 2264 3436; x_wconf 88' lang='lat' dir='ltr'><strong>et</strong></span> <span class='ocrx_word' id='word_1_166' title='bbox 2328 3403 2393 3435; x_wconf 85' lang='lat' dir='ltr'><strong>oe</strong></span> <span class='ocrx_word' id='word_1_167' title='bbox 2416 3381 2602 3434; x_wconf 87' lang='lat' dir='ltr'><strong>ordine</strong></span> <span class='ocrx_word' id='word_1_168' title='bbox 2626 3380 2919 3453; x_wconf 79' lang='lat' dir='ltr'><strong>ponenda,</strong></span> 
     </span>
     <span class='ocr_line' id='line_1_22' title="bbox 820 3460 2920 3538; baseline 0 -27"><span class='ocrx_word' id='word_1_169' title='bbox 820 3460 949 3532; x_wconf 87' lang='lat' dir='ltr'><strong>quid</strong></span> <span class='ocrx_word' id='word_1_170' title='bbox 965 3476 1044 3513; x_wconf 80' lang='lat' dir='ltr'><strong>est</strong></span> <span class='ocrx_word' id='word_1_171' title='bbox 1059 3463 1328 3533; x_wconf 72' lang='lat' dir='ltr'><strong>indulgere</strong></span> <span class='ocrx_word' id='word_1_172' title='bbox 1342 3465 1564 3531; x_wconf 58' lang='lat' dir='ltr'><strong>immisi</strong></span> <span class='ocrx_word' id='word_1_173' title='bbox 1580 3462 1657 3515; x_wconf 84' lang='lat' dir='ltr'><strong>illi</strong></span> <span class='ocrx_word' id='word_1_174' title='bbox 1673 3467 1822 3535; x_wconf 79' lang='lat' dir='ltr'><strong>quasi</strong></span> <span class='ocrx_word' id='word_1_175' title='bbox 1904 3465 2017 3538; x_wconf 68' lang='lat' dir='ltr'><strong>Ego</strong></span> <span class='ocrx_word' id='word_1_176' title='bbox 2041 3465 2146 3535; x_wconf 76' lang='lat' dir='ltr'><strong>ipse</strong></span> <span class='ocrx_word' id='word_1_177' title='bbox 2169 3464 2321 3517; x_wconf 68' lang='lat' dir='ltr'><strong>tristis</strong></span> <span class='ocrx_word' id='word_1_178' title='bbox 2342 3475 2395 3515; x_wconf 81' lang='lat' dir='ltr'><strong>et</strong></span> <span class='ocrx_word' id='word_1_179' title='bbox 2414 3479 2601 3525; x_wconf 67' lang='lat' dir='ltr'><strong>sevus,</strong></span> <span class='ocrx_word' id='word_1_180' title='bbox 2627 3479 2801 3532; x_wconf 74' lang='lat' dir='ltr'><strong>quum</strong></span> <span class='ocrx_word' id='word_1_181' title='bbox 2830 3462 2920 3512; x_wconf 73' lang='grc' dir='ltr'><strong>ώ-</strong></span> 
     </span>
    </p>
   </div>
   <div class='ocr_carea' id='block_1_7' title="bbox 819 3540 2920 3613">
    <p class='ocr_par' dir='ltr' id='par_1_8' title="bbox 819 3540 2920 3613">
     <span class='ocr_line' id='line_1_23' title="bbox 819 3540 2920 3613; baseline -0.001 -21"><span class='ocrx_word' id='word_1_182' title='bbox 819 3558 1034 3612; x_wconf 82' lang='lat' dir='ltr'><strong>operam</strong></span> <span class='ocrx_word' id='word_1_183' title='bbox 1062 3540 1218 3608; x_wconf 83' lang='lat' dir='ltr'><strong>dare,</strong></span> <span class='ocrx_word' id='word_1_184' title='bbox 1248 3542 1324 3594; x_wconf 87' lang='lat' dir='ltr'><strong>illi</strong></span> <span class='ocrx_word' id='word_1_185' title='bbox 1351 3544 1526 3595; x_wconf 87' lang='lat' dir='ltr'><strong>animo</strong></span> <span class='ocrx_word' id='word_1_186' title='bbox 1553 3541 1823 3595; x_wconf 82' lang='lat' dir='ltr'><strong>addictum</strong></span> <span class='ocrx_word' id='word_1_187' title='bbox 1901 3543 2155 3608; x_wconf 75' lang='lat' dir='ltr'><strong>dicarem,</strong></span> <span class='ocrx_word' id='word_1_188' title='bbox 2180 3541 2311 3613; x_wconf 50' lang='lat' dir='ltr'><strong>fut}</strong></span> <span class='ocrx_word' id='word_1_189' title='bbox 2338 3550 2391 3594; x_wconf 77' lang='lat' dir='ltr'><strong>et</strong></span> <span class='ocrx_word' id='word_1_190' title='bbox 2414 3551 2589 3592; x_wconf 80' lang='lat' dir='ltr'><strong>tamen</strong></span> <span class='ocrx_word' id='word_1_191' title='bbox 2620 3557 2833 3610; x_wconf 75' lang='lat' dir='ltr'><strong>semper</strong></span> <span class='ocrx_word' id='word_1_192' title='bbox 2859 3557 2920 3590; x_wconf 70' lang='lat' dir='ltr'><strong>ez</strong></span> 
     </span>
    </p>
   </div>
   <div class='ocr_carea' id='block_1_8' title="bbox 816 3618 1827 4306">
    <p class='ocr_par' dir='ltr' id='par_1_9' title="bbox 816 3618 1827 4306">
     <span class='ocr_line' id='line_1_24' title="bbox 819 3618 1822 3690; baseline 0 -19"><span class='ocrx_word' id='word_1_193' title='bbox 819 3632 870 3671; x_wconf 91' lang='lat' dir='ltr'><strong>et</strong></span> <span class='ocrx_word' id='word_1_194' title='bbox 894 3618 1159 3670; x_wconf 83' lang='lat' dir='ltr'><strong>volentem</strong></span> <span class='ocrx_word' id='word_1_195' title='bbox 1189 3638 1303 3673; x_wconf 78' lang='lat' dir='ltr'><strong>esse</strong></span> <span class='ocrx_word' id='word_1_196' title='bbox 1319 3622 1343 3671; x_wconf 69' lang='lat' dir='ltr'><strong>i&gt;</strong></span> <span class='ocrx_word' id='word_1_197' title='bbox 1369 3619 1467 3673; x_wconf 86' lang='lat' dir='ltr'><strong>Sed</strong></span> <span class='ocrx_word' id='word_1_198' title='bbox 1499 3619 1621 3672; x_wconf 83' lang='lat' dir='ltr'><strong>inde</strong></span> <span class='ocrx_word' id='word_1_199' title='bbox 1645 3633 1822 3690; x_wconf 83' lang='lat' dir='ltr'><strong>patet,</strong></span> 
     </span>
     <span class='ocr_line' id='line_1_25' title="bbox 819 3697 1826 3764; baseline -0.001 -13"><span class='ocrx_word' id='word_1_200' title='bbox 819 3698 1201 3752; x_wconf 83' lang='lat' dir='ltr'><strong>emendandum</strong></span> <span class='ocrx_word' id='word_1_201' title='bbox 1224 3717 1365 3764; x_wconf 80' lang='lat' dir='ltr'><strong>esse,</strong></span> <span class='ocrx_word' id='word_1_202' title='bbox 1387 3700 1541 3761; x_wconf 75' lang='lat' dir='ltr'><strong>Peto,</strong></span> <span class='ocrx_word' id='word_1_203' title='bbox 1565 3718 1631 3750; x_wconf 80' lang='lat' dir='ltr'><strong>ne</strong></span> <span class='ocrx_word' id='word_1_204' title='bbox 1651 3697 1826 3750; x_wconf 77' lang='lat' dir='ltr'><strong>indul-</strong></span> 
     </span>
     <span class='ocr_line' id='line_1_26' title="bbox 816 3778 1824 3852; baseline -0.001 -22"><span class='ocrx_word' id='word_1_205' title='bbox 816 3779 980 3852; x_wconf 75' lang='lat' dir='ltr'><strong>9eatis</strong></span> <span class='ocrx_word' id='word_1_206' title='bbox 1004 3778 1092 3829; x_wconf 77' lang='lat' dir='ltr'><strong>iroe</strong></span> <span class='ocrx_word' id='word_1_207' title='bbox 1113 3778 1413 3830; x_wconf 77' lang='lat' dir='ltr'><strong>domesticoe.</strong></span> <span class='ocrx_word' id='word_1_208' title='bbox 1434 3778 1561 3830; x_wconf 85' lang='lat' dir='ltr'><strong>Vult</strong></span> <span class='ocrx_word' id='word_1_209' title='bbox 1589 3779 1729 3830; x_wconf 86' lang='lat' dir='ltr'><strong>enim</strong></span> <span class='ocrx_word' id='word_1_210' title='bbox 1755 3796 1824 3830; x_wconf 82' lang='lat' dir='ltr'><strong>ne</strong></span> 
     </span>
     <span class='ocr_line' id='line_1_27' title="bbox 819 3856 1826 3928; baseline 0 -20"><span class='ocrx_word' id='word_1_211' title='bbox 819 3857 1043 3928; x_wconf 72' lang='lat' dir='ltr'><strong>amplius</strong></span> <span class='ocrx_word' id='word_1_212' title='bbox 1068 3857 1259 3909; x_wconf 72' lang='lat' dir='ltr'><strong>infensi</strong></span> <span class='ocrx_word' id='word_1_213' title='bbox 1281 3858 1382 3909; x_wconf 80' lang='lat' dir='ltr'><strong>sint</strong></span> <span class='ocrx_word' id='word_1_214' title='bbox 1401 3856 1548 3924; x_wconf 81' lang='lat' dir='ltr'><strong>filiis,</strong></span> <span class='ocrx_word' id='word_1_215' title='bbox 1570 3873 1705 3926; x_wconf 77' lang='lat' dir='ltr'><strong>quos</strong></span> <span class='ocrx_word' id='word_1_216' title='bbox 1735 3856 1826 3908; x_wconf 86' lang='lat' dir='ltr'><strong>ab·</strong></span> 
     </span>
     <span class='ocr_line' id='line_1_28' title="bbox 819 3935 1825 3989; baseline 0.002 -4"><span class='ocrx_word' id='word_1_217' title='bbox 819 3935 1135 3988; x_wconf 81' lang='lat' dir='ltr'><strong>dicaverant.</strong></span> <span class='ocrx_word' id='word_1_218' title='bbox 1152 3938 1370 3989; x_wconf 70' lang='lat' dir='ltr'><strong>Senum.</strong></span> <span class='ocrx_word' id='word_1_219' title='bbox 1385 3935 1693 3989; x_wconf 78' lang='lat' dir='ltr'><strong>-Publice.</strong></span> <span class='ocrx_word' id='word_1_220' title='bbox 1713 3938 1825 3988; x_wconf 72' lang='lat' dir='ltr'><strong>Ma·</strong></span> 
     </span>
     <span class='ocr_line' id='line_1_29' title="bbox 821 4013 1821 4086; baseline 0.001 -22"><span class='ocrx_word' id='word_1_221' title='bbox 821 4013 937 4080; x_wconf 86' lang='lat' dir='ltr'><strong>lim,</strong></span> <span class='ocrx_word' id='word_1_222' title='bbox 961 4016 1201 4086; x_wconf 68' lang='lat' dir='ltr'><strong>publicae.</strong></span> <span class='ocrx_word' id='word_1_223' title='bbox 1227 4019 1372 4068; x_wconf 68' lang='lat' dir='ltr'><strong>Pt‘ru.</strong></span> <span class='ocrx_word' id='word_1_224' title='bbox 1399 4018 1475 4067; x_wconf 88' lang='lat' dir='ltr'><strong>lta</strong></span> <span class='ocrx_word' id='word_1_225' title='bbox 1500 4013 1667 4067; x_wconf 88' lang='lat' dir='ltr'><strong>edidit</strong></span> <span class='ocrx_word' id='word_1_226' title='bbox 1690 4013 1821 4066; x_wconf 88' lang='lat' dir='ltr'><strong>Obr.</strong></span> 
     </span>
     <span class='ocr_line' id='line_1_30' title="bbox 895 4094 1825 4166; baseline 0.002 -24"><span class='ocrx_word' id='word_1_227' title='bbox 895 4110 942 4143; x_wconf 81' lang='lat'><strong>2.</strong></span> <span class='ocrx_word' id='word_1_228' title='bbox 971 4096 1239 4149; x_wconf 79' lang='lat' dir='ltr'><strong>Cunctatio</strong></span> <span class='ocrx_word' id='word_1_229' title='bbox 1263 4094 1660 4166; x_wconf 75' lang='lat' dir='ltr'><strong>parricidarum.</strong></span> <span class='ocrx_word' id='word_1_230' title='bbox 1686 4094 1825 4161; x_wconf 85' lang='lat' dir='ltr'><strong>Quia</strong></span> 
     </span>
     <span class='ocr_line' id='line_1_31' title="bbox 821 4172 1827 4243; baseline 0.004 -21"><span class='ocrx_word' id='word_1_231' title='bbox 821 4172 1155 4243; x_wconf 83' lang='lat' dir='ltr'><strong>parricidium</strong></span> <span class='ocrx_word' id='word_1_232' title='bbox 1224 4177 1596 4227; x_wconf 75' lang='lat' dir='ltr'><strong>committimus</strong></span> <span class='ocrx_word' id='word_1_233' title='bbox 1617 4213 1634 4239; x_wconf 86' lang='lat'>‚</span> <span class='ocrx_word' id='word_1_234' title='bbox 1698 4174 1827 4227; x_wconf 87' lang='lat' dir='ltr'><strong>dum</strong></span> 
     </span>
     <span class='ocr_line' id='line_1_32' title="bbox 822 4252 1825 4306; baseline 0.003 -4"><span class='ocrx_word' id='word_1_235' title='bbox 822 4252 1157 4303; x_wconf 78' lang='lat' dir='ltr'><strong>cunctatione</strong></span> <span class='ocrx_word' id='word_1_236' title='bbox 1170 4265 1348 4305; x_wconf 81' lang='lat' dir='ltr'><strong>nostra</strong></span> <span class='ocrx_word' id='word_1_237' title='bbox 1365 4252 1500 4306; x_wconf 76' lang='lat' dir='ltr'><strong>filios</strong></span> <span class='ocrx_word' id='word_1_238' title='bbox 1516 4252 1581 4306; x_wconf 84' lang='lat' dir='ltr'><strong>ad</strong></span> <span class='ocrx_word' id='word_1_239' title='bbox 1602 4265 1825 4306; x_wconf 80' lang='lat' dir='ltr'><strong>mortem</strong></span> 
     </span>
    </p>
   </div>
   <div class='ocr_carea' id='block_1_9' title="bbox 1901 3619 2920 4320">
    <p class='ocr_par' dir='ltr' id='par_1_10' title="bbox 1901 3619 2920 4320">
     <span class='ocr_line' id='line_1_33' title="bbox 1903 3619 2918 3692; baseline -0.001 -22"><span class='ocrx_word' id='word_1_240' title='bbox 1903 3637 1995 3685; x_wconf 86' lang='lat' dir='ltr'><strong>eo,</strong></span> <span class='ocrx_word' id='word_1_241' title='bbox 2026 3619 2148 3671; x_wconf 80' lang='lat' dir='ltr'><strong>licet</strong></span> <span class='ocrx_word' id='word_1_242' title='bbox 2174 3619 2395 3685; x_wconf 78' lang='lat' dir='ltr'><strong>tacitus,</strong></span> <span class='ocrx_word' id='word_1_243' title='bbox 2430 3619 2700 3692; x_wconf 72' lang='lat' dir='ltr'><strong>inqemut‘.</strong></span> <span class='ocrx_word' id='word_1_244' title='bbox 2690 3640 2703 3652; x_wconf 90' lang='lat'><strong>·</strong></span> <span class='ocrx_word' id='word_1_245' title='bbox 2744 3631 2797 3670; x_wconf 77' lang='lat' dir='ltr'><strong>et</strong></span> <span class='ocrx_word' id='word_1_246' title='bbox 2827 3636 2918 3689; x_wconf 78' lang='lat' dir='ltr'><strong>op-</strong></span> 
     </span>
     <span class='ocr_line' id='line_1_34' title="bbox 1901 3695 2920 3769; baseline -0.001 -20"><span class='ocrx_word' id='word_1_247' title='bbox 1901 3700 2289 3787; x_wconf 66' lang='lat' dir='ltr'><strong>pomnumjus</strong></span> <span class='ocrx_word' id='word_1_248' title='bbox 2310 3696 2407 3768; x_wconf 80' lang='lat' dir='ltr'><strong>(an</strong></span> <span class='ocrx_word' id='word_1_249' title='bbox 2430 3708 2629 3768; x_wconf 76' lang='lat' dir='ltr'><strong>tempus</strong></span> <span class='ocrx_word' id='word_1_250' title='bbox 2634 3695 2693 3765; x_wconf 65' lang='lat'><strong>³)</strong></span> <span class='ocrx_word' id='word_1_251' title='bbox 2716 3698 2920 3748; x_wconf 74' lang='lat' dir='ltr'><strong>restitu-</strong></span> 
     </span>
     <span class='ocr_line' id='line_1_35' title="bbox 1907 3774 2912 3849; baseline 0.002 -22"><span class='ocrx_word' id='word_1_252' title='bbox 1907 3775 2061 3828; x_wconf 73' lang='lat' dir='ltr'><strong>tionis</strong></span> <span class='ocrx_word' id='word_1_253' title='bbox 2091 3776 2283 3849; x_wconf 80' lang='lat' dir='ltr'><strong>optavi.</strong></span> <span class='ocrx_word' id='word_1_254' title='bbox 2320 3777 2572 3829; x_wconf 67' lang='lat' dir='ltr'><strong>aestimat</strong></span> <span class='ocrx_word' id='word_1_255' title='bbox 2606 3775 2749 3829; x_wconf 74' lang='lat' dir='ltr'><strong>vobis</strong></span> <span class='ocrx_word' id='word_1_256' title='bbox 2768 3774 2912 3847; x_wconf 72' lang='lat' dir='ltr'><strong>filios</strong></span> 
     </span>
     <span class='ocr_line' id='line_1_36' title="bbox 1905 3851 2911 3925; baseline -0.002 -20"><span class='ocrx_word' id='word_1_257' title='bbox 1905 3854 2180 3906; x_wconf 73' lang='lat' dir='ltr'><strong>auctoritas</strong></span> <span class='ocrx_word' id='word_1_258' title='bbox 2211 3852 2458 3925; x_wconf 79' lang='lat' dir='ltr'><strong>publica,</strong></span> <span class='ocrx_word' id='word_1_259' title='bbox 2495 3865 2773 3924; x_wconf 77' lang='lat' dir='ltr'><strong>tamquam</strong></span> <span class='ocrx_word' id='word_1_260' title='bbox 2808 3851 2911 3903; x_wconf 75' lang='lat' dir='ltr'><strong>alia</strong></span> 
     </span>
     <span class='ocr_line' id='line_1_37' title="bbox 1905 3929 2907 4005; baseline -0.002 -19"><span class='ocrx_word' id='word_1_261' title='bbox 1905 3947 2110 3987; x_wconf 81' lang='lat' dir='ltr'><strong>natura.</strong></span> <span class='ocrx_word' id='word_1_262' title='bbox 2153 3933 2376 3986; x_wconf 77' lang='lat' dir='ltr'><strong>Senum·-</strong></span> <span class='ocrx_word' id='word_1_263' title='bbox 2417 3934 2533 4005; x_wconf 67' lang='grc' dir='ltr'><strong>Εςο</strong></span> <span class='ocrx_word' id='word_1_264' title='bbox 2576 3929 2673 3983; x_wconf 76' lang='lat' dir='ltr'><strong>ille</strong></span> <span class='ocrx_word' id='word_1_265' title='bbox 2724 3932 2907 3984; x_wconf 74' lang='lat' dir='ltr'><strong>mutari</strong></span> 
     </span>
     <span class='ocr_line' id='line_1_38' title="bbox 1905 4010 2904 4085; baseline -0.001 -21"><span class='ocrx_word' id='word_1_266' title='bbox 1905 4012 2102 4065; x_wconf 87' lang='lat' dir='ltr'><strong>nolim·</strong></span> <span class='ocrx_word' id='word_1_267' title='bbox 2087 4050 2101 4064; x_wconf 89' lang='lat'><strong>.</strong></span> <span class='ocrx_word' id='word_1_268' title='bbox 2133 4014 2391 4085; x_wconf 83' lang='lat' dir='ltr'><strong>respicere</strong></span> <span class='ocrx_word' id='word_1_269' title='bbox 2420 4015 2559 4065; x_wconf 86' lang='lat' dir='ltr'><strong>enim</strong></span> <span class='ocrx_word' id='word_1_270' title='bbox 2589 4010 2660 4064; x_wconf 86' lang='lat' dir='ltr'><strong>ad</strong></span> <span class='ocrx_word' id='word_1_271' title='bbox 2690 4012 2780 4064; x_wconf 84' lang='lat' dir='ltr'><strong>illa</strong></span> <span class='ocrx_word' id='word_1_272' title='bbox 2802 4015 2904 4063; x_wconf 82' lang='lat' dir='ltr'><strong>De-</strong></span> 
     </span>
     <span class='ocr_line' id='line_1_39' title="bbox 1906 4087 2900 4165; baseline -0.005 -21"><span class='ocrx_word' id='word_1_273' title='bbox 1906 4112 2032 4145; x_wconf 77' lang='lat' dir='ltr'><strong>meae</strong></span> <span class='ocrx_word' id='word_1_274' title='bbox 2064 4092 2219 4145; x_wconf 78' lang='lat' dir='ltr'><strong>verba</strong></span> <span class='ocrx_word' id='word_1_275' title='bbox 2256 4092 2398 4165; x_wconf 84' lang='lat' dir='ltr'><strong>apud</strong></span> <span class='ocrx_word' id='word_1_276' title='bbox 2432 4093 2649 4143; x_wconf 85' lang='lat' dir='ltr'><strong>Terent.</strong></span> <span class='ocrx_word' id='word_1_277' title='bbox 2682 4087 2900 4159; x_wconf 82' lang='lat' dir='ltr'><strong>Adelph.</strong></span> 
     </span>
     <span class='ocr_line' id='line_1_40' title="bbox 1905 4168 2903 4241; baseline -0.005 -17"><span class='ocrx_word' id='word_1_278' title='bbox 1905 4176 1971 4239; x_wconf 83' lang='lat' dir='ltr'><strong>V,</strong></span> <span class='ocrx_word' id='word_1_279' title='bbox 2000 4171 2063 4237; x_wconf 77' lang='grc'><strong>4,</strong></span> <span class='ocrx_word' id='word_1_280' title='bbox 2087 4170 2315 4223; x_wconf 80' lang='lat' dir='ltr'><strong>videtur:</strong></span> <span class='ocrx_word' id='word_1_281' title='bbox 2353 4195 2374 4218; x_wconf 74' lang='grc' dir='ltr'>ι</span> <span class='ocrx_word' id='word_1_282' title='bbox 2394 4171 2505 4241; x_wconf 77' lang='lat' dir='ltr'><strong>Ego</strong></span> <span class='ocrx_word' id='word_1_283' title='bbox 2536 4168 2626 4220; x_wconf 88' lang='lat' dir='ltr'><strong>ille</strong></span> <span class='ocrx_word' id='word_1_284' title='bbox 2662 4168 2903 4239; x_wconf 69' lang='lat' dir='ltr'><strong>agrestis,</strong></span> 
     </span>
     <span class='ocr_line' id='line_1_41' title="bbox 1912 4247 2904 4320; baseline 0.001 -21"><span class='ocrx_word' id='word_1_285' title='bbox 1912 4274 1935 4299; x_wconf 76' lang='grc' dir='ltr'>ι</span> <span class='ocrx_word' id='word_1_286' title='bbox 1955 4269 2145 4315; x_wconf 71' lang='lat' dir='ltr'><strong>saevus,</strong></span> <span class='ocrx_word' id='word_1_287' title='bbox 2173 4251 2364 4316; x_wconf 76' lang='lat' dir='ltr'><strong>tristis,</strong></span> <span class='ocrx_word' id='word_1_288' title='bbox 2390 4265 2615 4320; x_wconf 69' lang='lat' dir='ltr'><strong>parcus»,</strong></span> <span class='ocrx_word' id='word_1_289' title='bbox 2644 4247 2904 4300; x_wconf 82' lang='lat' dir='ltr'><strong>truculen-</strong></span> 
     </span>
    </p>
   </div>
  </div>
 </body>
</html>
