3200 5117
839 530 1678 599 DECLAMATIONES.
1724 533 1990 598 CCCV.

370 679 605 733 contra
625 656 857 756 legem
887 676 1025 729 est:
1062 655 1155 727 sit‘
1173 654 1444 752 aliquid
1471 654 1739 746 mitius,
1765 656 1851 727 sit
1872 655 2135 755 aliquid
2163 655 2466 728 clemen·
2522 755 2530 762 ·

370 774 543 862 tius,
579 798 726 843 non
755 770 948 860 licet,
980 796 1113 841 nec
1149 769 1275 841 tibi
1311 769 1555 841 licebit
1588 769 1964 868 ignoscere.
2005 771 2328 842 Exsulem
2362 771 2464 843 in-

370 909 471 960 tra
516 889 691 961 fines
736 887 939 959 liceat
982 886 1321 959 occidere.
1371 884 1791 976 Neminem,
1831 885 2133 987 judices,
2182 912 2463 978 eorum,

371 1004 493 1100 qui
516 1004 679 1102 jura
709 1002 1205 1102 condiderunt,
1237 1021 1382 1073 tam
1409 1027 1732 1100 asperum
1763 1022 1828 1072 et
1855 1024 2120 1073 trucem
2150 1002 2464 1074 existimo

370 1118 615 1208 fuisse,
644 1139 722 1190 ut
749 1138 1021 1189 tantum
1047 1117 1270 1189 scelus
1294 1116 1597 1188 crederet
1618 1142 1815 1215 posse
1841 1116 1990 1188 fieri
2012 1131 2057 1187 ¹.
2090 1119 2287 1188 Metu
2317 1117 2465 1189 sine

372 1234 591 1335 dubio
634 1234 809 1307 fines
853 1255 1116 1307 nostros
1158 1232 1404 1306 clausit
1436 1232 1828 1305 exsulibus:
1869 1259 2199 1332 magnam
2231 1254 2466 1306 tamen

374 1349 548 1441 illis,
578 1351 703 1449 qui
739 1349 1387 1450 deprehendissent,
1424 1348 1761 1447 imposuit
1788 1348 2298 1421 difficultatem.
2334 1350 2470 1421 Ex-

372 1463 597 1536 sulem
641 1464 822 1536 intra
860 1465 1033 1536 fines
1074 1461 1634 1561 deprehendisti?
1666 1461 1934 1554 occide,
1979 1462 2036 1534 si
2078 1483 2313 1561 potes:
2348 1463 2470 1536 sed

373 1581 610 1652 occide
652 1601 773 1653 tua
814 1607 1072 1670 manu,
1116 1605 1314 1651 sume
1348 1578 1691 1652 carnificis
1734 1579 2102 1652 animum:
2140 1601 2470 1680 sequetur

375 1696 798 1796 quandoque
831 1716 897 1768 te
931 1696 1059 1767 ista
1091 1693 1515 1766 conscientia
1542 1722 1556 1765 :
1595 1715 1663 1766 et
1689 1721 2126 1795 quamquam
2154 1697 2470 1795 impuni-

374 1830 484 1880 tus
522 1811 842 1907 sanguis,
887 1809 1197 1880 manabit
1242 1828 1478 1880 tamen
1520 1835 1738 1909 usque
1779 1810 1867 1882 ad
1910 1810 2254 1882 animum.
2289 1812 2465 1903 Quae

374 1945 543 1995 sunt
572 1924 711 1995 istae
737 1923 1038 2011 deliciae,
1077 1945 1152 1996 ut
1181 1944 1252 1994 tu
1278 1923 1444 1997 velis
1478 1925 1800 1997 inimicos
1833 1947 1986 1998 tuos
2018 1926 2470 2025 imprudenti·

375 2038 538 2110 bus²
570 2040 899 2112 manibus
925 2039 1277 2112 occidere?
1296 2040 1620 2113 Exsulem
1648 2042 1827 2115 intra
1847 2043 2020 2114 fines
2046 2042 2250 2114 liceat
2281 2042 2469 2115 occi-

378 2153 564 2250 dere.
600 2155 672 2226 Si
703 2154 1165 2254 deprehensos
1189 2155 1641 2250 detinuisses,
1675 2157 2019 2260 injustum
2044 2159 2470 2257 supplicium

379 2287 602 2340 esset:
648 2296 857 2341 nemo
905 2270 1081 2343 inter
1120 2298 1354 2370 poenas
1397 2271 1647 2344 exsulis
1688 2274 2046 2346 constituit
2077 2274 2316 2345 mortis
2348 2301 2470 2346 ex-

375 2384 869 2481 spectationem
897 2413 912 2456 :
953 2385 1136 2456 istud
1166 2386 1354 2485 quod
1390 2408 1649 2459 nutum
1687 2410 1892 2460 tuum
1923 2388 2179 2460 diutius
2201 2388 2468 2479 vident,

378 2500 567 2596 quod
611 2500 1081 2597 arrogantiam
1126 2500 1400 2591 ferunt,
1449 2501 1796 2603 injustum
1843 2504 2269 2604 supplicium
2318 2526 2415 2576 est
2451 2532 2465 2575 :

2333 551 2452 596 221

454 2665 473 2699 ι
486 2689 497 2699 .
521 2648 594 2699 Ut
606 2659 810 2700 temtum
827 2648 989 2703 scelus
1006 2650 1233 2702 crederet
1243 2669 1389 2722 posse
1467 2653 1735 2706 micidium
1750 2656 1980 2707 invenire
1995 2652 2018 2704 ?
2035 2656 2171 2707 Sane
2187 2671 2294 2705 non
2315 2672 2471 2706 omne

368 2726 505 2800 fieri.
548 2729 717 2783 Multa
764 2734 907 2783 enim
946 2732 1002 2783 in
1044 2731 1250 2803 legibus
1294 2731 1389 2785 ali·

383 2807 593 2879 quando
623 2823 997 2881 apponuntur,
1027 2829 1136 2863 non
1168 2825 1272 2863 tam
1306 2831 1390 2863 re-

381 2908 500 2941 vera
538 2889 823 2961 puniendi,
858 2910 1018 2963 quam
1056 2890 1387 2944 absterrendi

384 2972 577 3039 gratia,
594 2984 654 3024 ut
674 2971 763 3025 illa
787 2991 850 3025 ex
877 2989 936 3025 ια
957 2995 969 3023 2
1000 2994 1022 3018 a
1042 2973 1226 3026 Ter-nis
1253 2993 1388 3026 nun-

393 3074 415 3096 ·
434 3050 569 3104 dinis
593 3068 763 3124 partes
791 3068 1038 3106 secanto:
1071 3056 1113 3105 si
1144 3052 1262 3125 plus
1293 3056 1389 3106 mi-

393 3150 416 3174 ·
435 3146 598 3182 nusve
629 3134 922 3197 secuerint,
956 3134 1068 3183 sine
1103 3131 1286 3184 fraude
1314 3152 1393 3185 es·

395 3204 511 3262 ato.
533 3234 556 3259 n
594 3212 863 3266 Acerbitas
901 3215 1042 3265 enim
1078 3211 1390 3284 plerumque

388 3287 678 3342 ulciscendi
722 3291 998 3357 maleficii,
1046 3291 1182 3342 bene
1231 3304 1390 3362 atque

387 3383 542 3421 cante
561 3369 765 3423 vivendi
782 3369 1062 3444 disciplina
1085 3384 1163 3423 est
1181 3394 1193 3422 e
1218 3385 1395 3423 ettam

387 3452 553 3504 atroci
573 3471 733 3525 poena
756 3455 1045 3506 constituta
1061 3489 1080 3517 ‚
1108 3470 1174 3504 ne
1197 3452 1251 3504 in
1277 3470 1391 3505 enm

383 3533 619 3586 incidant
645 3534 770 3587 mali
793 3532 873 3587 vel
906 3535 1090 3600 tracti,
1109 3533 1192 3586 vel
1216 3534 1362 3584 inviti
1377 3571 1393 3599 ,

384 3613 749 3666 reformidant.
771 3612 875 3668 sed
895 3614 1021 3665 dum
1040 3613 1125 3664 lex
1142 3613 1395 3683 permittit

389 3694 619 3746 exsulem
656 3697 795 3747 intra
832 3694 961 3746 fines
1002 3692 1394 3765 deprehensum

389 3771 632 3826 occidere
652 3812 669 3839 ,
711 3792 874 3845 quum
913 3787 1089 3826 tamen
1133 3774 1393 3825 neminem

388 3866 563 3923 speret
604 3852 705 3905 hac
746 3856 906 3908 nimia
942 3853 1155 3908 licentia
1191 3852 1394 3906 abusu-

385 3952 505 3985 rum
524 3957 537 3986 ε
559 3953 736 3987 nonne
753 3949 932 3989 tamen
952 3935 1182 4006 idipsum
1199 3947 1280 3987 est
1297 3933 1394 3984 bo-

385 4017 555 4069 mines
570 4015 639 4068 ad
653 4016 894 4070 facinora
913 4017 1128 4069 liberius
1149 4017 1393 4080 invitare,

385 4093 575 4149 dixerit
604 4094 821 4167 aliquis,
845 4111 898 4149 et
926 4095 1048 4147 licet
1066 4095 1317 4165 ‚iniquum
1343 4108 1395 4147 et

385 4172 768 4242 inhumanum,
806 4187 861 4226 at
896 4187 1072 4226 tamen
1110 4172 1396 4242 legitimum

386 4251 687 4336 quoddam,
710 4252 857 4325 quod
878 4255 1081 4324 privato
1102 4251 1286 4316 liceat,
1305 4248 1398 4302 bo-

1467 2732 1614 2804 quod
1639 2733 1788 2801 licet,
1811 2733 2096 2787 honestum
2121 2748 2230 2786 est:
2258 2751 2362 2806 qua
2387 2747 2470 2785 ta-

1467 2832 1587 2864 men
1613 2812 1742 2865 utile
1766 2827 1871 2881 est,
1888 2818 1978 2886 jus
2005 2826 2100 2865 est.
2127 2810 2230 2864 Sed
2252 2814 2471 2884 propius

1467 2894 1692 2944 intuenti
1712 2892 2014 2964 apparebit,
2039 2906 2152 2944 tum
2173 2910 2333 2962 quum
2355 2911 2474 2962 per-

1468 2972 1625 3023 mittit
1664 2971 1749 3023 lex
1785 2973 1993 3043 gravius
2036 2970 2180 3043 quod
2222 2970 2476 3024 delictum

1471 3051 1679 3123 puniri,
1704 3067 1862 3121 qnam
1885 3068 1986 3121 par
2006 3053 2104 3115 sit,
2127 3061 2186 3101 ut
2214 3050 2295 3102 vel
2322 3068 2475 3102 exsu-

1470 3127 1734 3182 lem‘intra
1759 3131 1890 3183 fines
1915 3130 2189 3197 occidere,
2212 3129 2294 3183 vel
2323 3131 2475 3182 debi-

1470 3223 1639 3260 torem
1660 3208 1988 3279 discerpere,
2011 3221 2247 3271 nectere;
2268 3211 2334 3262 sit
2347 3229 2472 3262 vero

1470 3291 1641 3358 major
1671 3286 1771 3338 alia
1799 3286 1882 3338 lex
1909 3306 1937 3338 a
1967 3301 2156 3338 natura
2187 3302 2302 3341 orta
2320 3329 2335 3355 ‚
2361 3308 2476 3360 quoe

1470 3378 1613 3418 recta
1652 3367 1787 3416 ratio
1825 3364 2147 3437 appellatur,
2182 3367 2475 3439 prohibens

1475 3460 1670 3498 unum
1691 3444 1830 3496 lianc
1849 3445 2122 3499 hominum
2144 3447 2282 3499 inter
2304 3447 2476 3500 homi-

1472 3547 1567 3581 nes
1614 3528 1859 3579 mvitiam
1905 3541 1957 3579 et
1999 3526 2436 3582 inhumanitatem
2460 3551 2475 3591 ς

1475 3627 1585 3659 non
1623 3606 1771 3657 illam
1807 3607 1935 3658 ferri
1954 3644 1971 3672 ‚
2012 3621 2072 3659 ut
2112 3620 2295 3658 contra
2335 3606 2476 3659 banc

1475 3693 1864 3742 committatur:
1901 3688 1994 3740 sed
2031 3708 2097 3740 ne
2135 3688 2284 3741 exsul
2319 3687 2381 3738 iis
2421 3707 2475 3740 se

1475 3771 1804 3822 committere
1822 3782 1875 3823 et
1894 3771 2234 3822 commiscere
2257 3767 2475 3833 audeat,

1478 3867 1706 3922 quorum
1725 3846 1853 3900 loesit
1872 3849 2299 3918 conjunctionem
2321 3859 2478 3918 atque

1474 3931 1798 3984 societatem.
1815 3929 1953 3999 Ergo
1967 3926 2098 3998 legis
2111 3924 2347 3996 quaedam
2358 3943 2479 3998 qua·

1475 4010 1518 4062 si
1540 4009 1900 4078 tergiversatio
1925 4017 2021 4057 est.
2044 4005 2226 4057 AEuon.

1549 4104 1597 4137 2.
1625 4085 2056 4156 Imprudentibus.
2080 4084 2164 4135 An
2190 4085 2475 4137 innocenti-

1479 4167 1605 4218 bus?
1625 4178 1683 4218 nt
1707 4177 1758 4216 et
1782 4181 1942 4237 supra
1971 4164 2266 4217 innocentes
2292 4183 2477 4219 manus

1477 4247 1624 4300 dixit.
1647 4247 1865 4299 Senum.
