3200 5117
763 544 893 634 398

1269 540 1361 603 Μ.
1412 539 1662 603 FABII
1709 540 2344 622 QUINTILIANI

760 667 982 738 libero
1012 663 1216 736 facit:
1243 661 1433 759 atqui
1467 661 1580 731 hic
1609 689 1785 761 puer
1805 690 1950 734 non
1981 684 2248 735 tantum
2278 691 2402 762 pro
2428 664 2715 756 libero¹,
2742 666 2866 737 sed

763 781 975 854 etiam
1007 807 1131 879 pro
1158 778 1467 876 ingenuo
1493 798 1626 866 est,
1657 799 2091 876 praetextatus
2119 780 2279 851 fuit.
2310 780 2381 852 Si
2417 780 2629 852 talem
2658 781 2864 854 illum

762 897 850 969 ad
877 896 1150 996 judices
1176 893 1650 992 perduxissem
1671 950 1690 982 ,
1726 895 1858 967 hoc
1883 895 2155 993 insigne
2183 923 2323 968 non
2351 917 2622 967 tantum
2661 897 2868 969 liber·

762 1011 919 1084 tatis
942 1008 1152 1082 modo
1170 1022 1222 1097 ²,
1257 1007 1374 1080 sed
1406 1006 1614 1079 etiam
1645 1007 1996 1106 dignitatis
2031 1030 2235 1081 esset:
2271 1009 2599 1107 equidem
2625 1037 2866 1108 pavea,

766 1152 855 1198 ue
897 1124 1120 1198 scelus
1162 1121 1421 1194 feceris.
1462 1124 1549 1193 Et
1588 1122 1762 1194 alius
1806 1124 2085 1195 fortasse
2124 1146 2391 1196 tantum
2438 1127 2869 1224 usurpaverit

765 1241 1200 1327 libertatem,
1250 1237 1365 1311 hic
1416 1259 1488 1309 et
1532 1239 2023 1337 approbavit-³:
2080 1240 2383 1338 quibus?
2425 1240 2863 1338 publicanis:

766 1355 1213 1442 hominibusi,
1268 1374 1344 1425 ut
1395 1355 1791 1453 parcissime
1843 1355 2111 1446 dicam,
2162 1357 2745 1456 diligentissimis:
2791 1359 2866 1430 in

766 1497 1047 1546 summa
1080 1468 1287 1540 velim
1322 1469 1679 1541 ostendere
1717 1491 1937 1543 totum
1977 1493 2183 1575 tuum
2222 1472 2630 1544 comitatum
2657 1529 2673 1559 ,
2709 1473 2866 1569 quis

767 1585 1044 1658 habitus
1073 1610 1425 1656 servorum
1465 1584 1620 1656 fuit.
1658 1587 1805 1682 Ego
1843 1606 2077 1658 tamen
2099 1645 2117 1677 ‚
2159 1587 2424 1686 iuquit,
2459 1614 2603 1659 non
2638 1614 2718 1657 ea
2749 1614 2868 1658 vo-

768 1701 1040 1774 luntate
1068 1700 1197 1772 feci
1212 1697 1267 1790 4,
1298 1721 1377 1771 ut
1410 1700 1526 1771 hic
1558 1700 1733 1771 liber
1768 1723 1971 1794 esset,
2010 1703 2126 1775 sed
2154 1731 2269 1793 ea,
2305 1723 2382 1774 ut
2405 1702 2692 1802 publica
2718 1729 2860 1775 non

769 1870 869 1921 erit
886 1869 1049 1942 fuisse
1081 1870 1137 1920 in
1170 1867 1419 1920 libertate.
1455 1868 1672 1919 Senot-r.
1709 1871 1774 1921 Et

768 1950 839 2001 ita
866 1947 1110 2000 AErodius
1143 1946 1322 1999 edidit.
1359 1946 1645 2017 Manifesta
1680 1947 1778 1998 erit

769 2033 824 2082 in
858 2029 1090 2082 libertate
1103 2050 1122 2090 ,·
1157 2028 1269 2095 vel,
1308 2026 1646 2099 manifestum
1679 2028 1779 2079 erit

768 2129 867 2163 esse
891 2112 925 2161 i.
949 2110 986 2162 l.
1010 2112 1280 2162 Francius.

848 2209 891 2244 1.
932 2193 1036 2244 Pro
1066 2191 1241 2243 libero.
1277 2193 1354 2242 Ita
1389 2187 1607 2242 Sueton.
1637 2187 1772 2259 Aug.

775 2291 864 2326 22:
897 2297 917 2318 α
941 2272 1151 2325 Liberto
1181 2290 1277 2325 suo
1308 2269 1532 2336 addixit,
1559 2283 1619 2322 ut
1646 2270 1779 2322 rele-

778 2375 800 2399 ct
822 2368 1002 2425 gamm
1039 2358 1091 2406 in
1130 2372 1283 2425 agros
1317 2371 1417 2425 pro
1456 2349 1623 2403 libero
1664 2368 1778 2403 esse

779 2457 802 2481 ι
824 2437 1033 2488 sineret.
1059 2458 1081 2482 n

846 2531 893 2565 2.
925 2514 1049 2564 Non
1084 2523 1283 2565 tantum
1318 2510 1568 2562 libertatis
1603 2508 1772 2561 modo.

772 2592 923 2645 Delet
945 2603 1147 2643 tantum
1170 2590 1553 2658 Schultingius,
1572 2589 1690 2658 quia
1714 2606 1779 2640 ex

774 2670 1090 2744 precedenti
1135 2688 1289 2722 versu
1334 2669 1616 2740 repetitum
1664 2678 1776 2717 est:

773 2753 1022 2806 Francius
1046 2751 1286 2820 legebat:
1317 2747 1678 2802 tantummodo
1708 2745 1778 2798 li·

774 2831 979 2883 bertatis
996 2853 1009 2879 :
1036 2848 1141 2882 non
1168 2842 1369 2891 tamen,
1398 2826 1575 2878 AErod.

846 2910 895 2962 3.
922 2909 1026 2960 Hic
1047 2919 1097 2959 et
1122 2906 1443 2979 approbavit.
1477 2905 1633 2956 Hunc
1656 2925 1700 2957 e.
1727 2925 1776 2956 a.

775 2991 920 3062 cujus
937 2987 1263 3061 publicanis,
1288 3005 1450 3055 marg.
1478 2984 1654 3037 AErod.
1677 2985 1781 3036 Hic

774 3079 827 3118 et
866 3086 950 3139 ap.
998 3065 1132 3119 tinus
1170 3086 1198 3117 e
1234 3065 1554 3139 publicanis,
1599 3063 1777 3116 AErod.

776 3145 968 3198 Nescio
995 3145 1134 3197 unde
1161 3144 1299 3197 illam
1323 3144 1629 3208 lectionem,
1651 3162 1785 3194 unus

774 3243 805 3276 e
822 3223 1119 3295 publicanis
1140 3223 1390 3276 hauserit.
1419 3225 1581 3275 Recte
1606 3236 1784 3273 autem

776 3305 1077 3359 Obrechtus
1101 3306 1400 3375 distinguit,
1428 3305 1659 3374 Quibus?
1680 3323 1784 3375 pu·-

777 3381 1025 3434 blicanis:
1059 3385 1380 3450 hominibus,
1411 3403 1462 3434 u.
1490 3402 1546 3454 p.
1576 3384 1626 3433 cl.
1658 3381 1784 3433 dili·-

770 3461 1099 3533 yentim'mis.
1142 3491 1209 3500 -—
1248 3464 1390 3514 Unus
1425 3480 1454 3511 e
1487 3459 1786 3532 publicanis

779 3538 1088 3591 hominibus.
1122 3541 1216 3591 Hie
1249 3541 1478 3592 novitius
1512 3557 1648 3610 puer
1673 3557 1784 3590 non

778 3619 882 3674 boc
903 3619 1023 3672 loco
1044 3620 1178 3672 liber
1199 3633 1305 3685 est,
1320 3620 1467 3690 quod
1488 3633 1545 3671 ut
1560 3619 1785 3690 quilibet

778 3700 910 3752 atius
936 3699 1230 3752 libertatem
1251 3701 1549 3769 usurpavit,
1575 3712 1627 3749 et
1649 3700 1700 3748 iu
1729 3697 1786 3748 li-

778 3781 979 3836 bertute
1007 3781 1108 3832 fuit
1134 3780 1346 3832 volente
1374 3778 1590 3830 domino
1609 3813 1625 3843 ,
1657 3778 1786 3829 dum

778 3863 846 3914 ab
870 3881 934 3914 eo
954 3864 1009 3914 iu
1028 3863 1149 3913 foro
1172 3875 1415 3933 pretextu
1436 3860 1654 3914 indutus
1674 3873 1782 3912 est:

780 3943 873 3996 sed
897 3945 1000 3996 boc
1024 3947 1226 4015 ipsum,
1246 3957 1303 3994 ut
1325 3942 1462 3994 liber
1478 3943 1547 3994 sit
1566 3955 1616 3993 et
1641 3944 1786 4011 iuge-

780 4045 945 4091 nuus,
964 4046 1102 4079 unus
1122 4045 1150 4077 e
1170 4024 1469 4098 publicanis
1492 4023 1787 4093 diligentis-

783 4109 974 4173 simus,
1002 4126 1167 4179 quum
1196 4105 1341 4176 apud
1371 4124 1490 4157 eum
1523 4105 1786 4175 professio

783 4183 955 4247 fieret,
975 4184 1028 4234 id
1048 4185 1390 4256 approbavit,
1409 4186 1563 4253 cnjus
1588 4181 1789 4252 alioqui

780 4266 1027 4317 intererat
1039 4302 1055 4330 ‚
1070 4267 1359 4334 ingenuum
1373 4282 1483 4315 nou
1503 4282 1642 4315 esse:
1664 4265 1788 4334 quia

1857 1873 1991 1924 servi
2012 1885 2267 1938 veneunt,
2289 1891 2396 1923 non
2423 1871 2572 1924 liberi
2596 1871 2863 1939 homines,

1855 1973 1955 2006 nec
1993 1958 2107 2025 ejus
2146 1956 2253 2020 rei,
2296 1973 2413 2025 quae
2450 1956 2502 2005 in
2547 1956 2862 2006 commercio

1855 2055 1964 2087 non
2007 2050 2086 2088 est
2105 2074 2122 2101 ,
2159 2035 2380 2103 vectigal
2422 2034 2664 2086 solvitur.
2705 2036 2865 2105 Igitur

1856 2115 1944 2169 hic
1982 2136 2115 2188 puer
2151 2131 2200 2168 et
2238 2116 2510 2168 voluntate
2542 2115 2780 2181 domini,
2813 2128 2865 2167 et

1858 2194 2162 2267 praejudicio
2183 2193 2594 2266 publicanorum
2618 2193 2748 2244 liber
2766 2207 2862 2245 est.

1858 2276 1987 2343 Quae
2012 2273 2081 2325 ad
2107 2274 2243 2326 hauc
2277 2273 2659 2325 Declamation.
2690 2291 2751 2323 ex
2774 2275 2864 2341 ju-

1859 2374 1917 2407 re
1942 2369 2123 2408 nostro
2145 2357 2447 2427 pertinent,
2467 2354 2700 2424 vulgaria
2723 2368 2861 2406 sunt.

1855 2433 1988 2486 Vide
2011 2435 2293 2486 sustinian.
2320 2435 2398 2484 tit.
2427 2432 2495 2484 de
2525 2433 2681 2484 latina
2715 2432 2860 2484 liber.

1857 2513 2039 2566 tollen.
2060 2515 2139 2564 tit.
2158 2514 2470 2564 Communia
2493 2512 2560 2563 «le
2578 2515 2859 2564 successio.

1859 2592 2144 2665 Ulpianum
2167 2595 2244 2643 tit.
2264 2591 2332 2644 de
2353 2591 2629 2643 libertinis:
2647 2590 2712 2640 de
2727 2609 2862 2660 [πω-

1859 2685 2025 2736 texta,
2053 2672 2299 2724 Budwum
2325 2671 2388 2723 ad
2412 2671 2443 2721 l.
2470 2669 2560 2720 ult.
2587 2669 2644 2718 ff.
2674 2668 2739 2719 de
2764 2686 2855 2719 se-

1858 2765 2003 2803 nato.
2037 2752 2103 2802 ad
2131 2752 2164 2803 Ι.
2196 2752 2289 2804 sed
2319 2754 2361 2804 si
2390 2764 2531 2818 toga».
2559 2748 2618 2799 ff.
2644 2747 2708 2799 de
2731 2748 2855 2817 jure

1860 2830 1987 2881 fisci.
2020 2831 2352 2882 Novitiorum
2383 2846 2588 2900 quoque
2616 2840 2676 2878 ut
2701 2827 2859 2878 rariae

1861 2921 1982 2960 sunt
2007 2927 2201 2974 causae,
2221 2909 2362 2959 varia
2387 2906 2664 2977 appellatio
2685 2918 2794 2956 est:
2819 2905 2865 2956 si

1862 3006 1894 3037 a
1908 3005 2168 3056 mangone
2183 3000 2270 3038 aut
2291 2985 2866 3048 venalitiarioveneuut,

1862 3065 2013 3117 aliter
2026 3066 2296 3117 definitur:
2316 3064 2349 3115 l.
2371 3066 2703 3136 praecipiunt,
2722 3063 2784 3113 ΕΡ.
2800 3060 2865 3113 de

1862 3146 1999 3199 aedil.
2034 3147 2187 3199 edict.
2226 3149 2268 3198 si
2301 3165 2330 3196 a
2362 3164 2470 3197 non
2506 3147 2867 3214 negotiatore,

1862 3239 1922 3277 ut
1944 3227 2169 3297 quisque
2191 3244 2309 3277 eum
2337 3223 2657 3276 destinatum
2681 3221 2866 3287 habet,

1862 3305 1897 3356 Ι.
1926 3306 2020 3357 ult.
2045 3306 2104 3356 ff.
2133 3304 2251 3356 eod.
2275 3307 2353 3354 tit.
2376 3303 2529 3354 aliter
2546 3305 2590 3354 si
2608 3300 2751 3372 apud
2772 3319 2867 3372 pu-

1862 3387 2101 3438 blicanos
2139 3405 2261 3436 eum
2303 3388 2421 3455 quis
2459 3383 2797 3456 profiteatur,
2829 3380 2864 3432 l.

1863 3464 2145 3526 interdum,
2162 3462 2204 3533 §.
2221 3465 2447 3534 quoties,
2463 3463 2523 3512 ff.
2540 3461 2608 3512 de
2623 3459 2862 3532 publica:

1864 3556 1987 3595 sunt
2000 3545 2156 3612 igitur
2171 3543 2311 3612 leges
2325 3540 2424 3591 inae
2439 3558 2548 3591 non
2563 3539 2866 3600 contrariae,

1863 3621 1954 3674 sed
1978 3621 2207 3672 diversae.
2236 3621 2418 3672 AEnon.

1935 3701 1984 3776 4.
2027 3701 2142 3772 Eyo
2179 3711 2385 3760 tamen,
2426 3696 2632 3768 iuquit,
2669 3712 2777 3746 non
2806 3710 2865 3742 ea

1865 3782 2135 3834 voluntate
2141 3780 2270 3851 feci.
2291 3780 2508 3843 Paulus,
2529 3777 2561 3828 Ι.
2591 3793 2670 3846 17,
2687 3777 2745 3826 ff.
2763 3773 2867 3842 Qui

1864 3875 1915 3914 et
1936 3879 1966 3911 n
1988 3860 2209 3933 quibus:
2238 3881 2261 3905 ι
2283 3862 2403 3911 Non
2424 3859 2482 3908 fit
2500 3855 2654 3917 liber,
2670 3856 2714 3906 si
2729 3870 2868 3904 meu-

1870 3962 1892 3987 ·
1913 3943 2037 3991 titus
2074 3939 2354 4002 dominus,
2389 3955 2457 3987 ne
2492 3954 2522 3986 a
2561 3934 2867 4002 magistratu

1872 4043 1894 4066 ι
1914 4020 2277 4088 castigaretur,
2306 4016 2434 4067 dixit
2461 4032 2575 4066 esse
2606 4012 2829 4064 liberum
2851 4032 2868 4060 ι

1871 4123 1894 4148 ιι
1915 4118 2022 4150 non
2048 4099 2186 4151 enim
2212 4100 2309 4150 fuit
2331 4097 2574 4149 voluntas
2591 4094 2873 4145 manumit-

1873 4203 1894 4225 ι
1915 4178 2077 4230 tendi.
2097 4202 2118 4224 a
2141 4177 2420 4230 Pubh'cum
2442 4186 2616 4227 autem
2638 4191 2736 4244 pro
2757 4189 2874 4223 vec·

1869 4259 2013 4332 tigali
2046 4261 2248 4331 accipi,
2281 4259 2434 4311 nimis
2467 4257 2648 4308 tritum
2674 4266 2786 4318 est,
2816 4263 2872 4303 et
