3200 5117
725 530 853 597 332
1231 529 1324 593 M.
1371 528 1622 594 mnu
1668 528 2295 611 QUINTILIANI

723 679 922 726 sum:
960 651 1139 724 nihil
1173 651 1446 723 minus:
1480 677 1646 722 nam
1680 651 1737 722 si
1767 650 1947 722 filius
1980 677 2178 722 meus
2209 652 2492 723 fratrem
2526 650 2814 724 occidis-

725 791 859 860 set,
889 790 1154 868 patrem
1196 768 1410 866 impie
1447 788 1830 840 accusaret:
1869 766 2158 840 demens
2193 794 2382 839 eram
2404 823 2425 856 ‚
2460 768 2646 865 quod
2680 796 2817 841 res-

727 884 1055 983 pondere¹
1089 903 1231 954 tam
1260 879 1518 953 furiose
1546 901 1881 981 poteram,
1914 908 2129 978 quam
2164 882 2220 953 si
2247 883 2472 955 vivere
2506 909 2671 955 cum
2706 911 2813 974 eo,

728 1024 939 1097 quem
973 1017 1284 1068 cruentas
1313 1022 1566 1068 manus
1605 995 1859 1068 habere
1902 996 2246 1069 sciebam?
2283 999 2409 1071 erit
2446 1025 2608 1098 ergo
2641 999 2813 1071 adeo

727 1139 871 1185 non
906 1111 1263 1185 damnatio
1297 1111 1424 1184 ista
1454 1111 1576 1182 filii
1603 1111 1781 1204 mei,
1806 1132 1888 1183 ut
1912 1113 2125 1210 possit
2147 1112 2359 1185 videri
2384 1112 2592 1185 etiam
2616 1113 2819 1186 ahso-

726 1227 923 1301 lutio.
968 1229 1131 1298 Haec
1172 1253 1298 1325 ego
1342 1225 1430 1298 de
1470 1252 1672 1299 causa
1704 1227 1856 1299 dico
1889 1227 2147 1325 ipsius:
2192 1228 2595 1327 permittetis
2635 1229 2814 1301 mihi

728 1345 803 1416 in
826 1368 1105 1416 summa
1124 1362 1312 1441 parte
1331 1366 1548 1414 causae
1565 1340 1665 1412 uti
1681 1341 1888 1413 etiam
1905 1367 2198 1438 persona
2220 1371 2395 1415 mea.
2417 1345 2566 1442 Ego
2581 1344 2813 1434 istum,

727 1460 785 1533 si
811 1459 1039 1532 filium
1063 1484 1305 1532 meum
1332 1457 1722 1549 occidisset,
1747 1456 2233 1530 defenderem?
2253 1457 2530 1556 qualem
2557 1486 2670 1531 me
2694 1485 2817 1558 pa-

729 1594 906 1646 trem
930 1569 1297 1673 judicatis?
1324 1598 1647 1670 asperum
1665 1603 1685 1662 3
1716 1593 1783 1645 et
1812 1600 1940 1671 ego
1974 1599 2098 1673 pro
2128 1573 2283 1645 filio>
2303 1573 2647 1646 mentiar?
2678 1573 2814 1645 mi-

731 1711 915 1779 tem,
964 1687 1488 1787 indulgentem3
1537 1708 1606 1761 et
1643 1715 1772 1788 ego
1813 1715 1958 1762 non
2000 1688 2361 1762 vindicabo
2409 1689 2654 1780 illum,
2692 1689 2813 1788 qui

735 1805 994 1879 occisus
1031 1802 1175 1877 est?
1207 1804 1389 1876 inter
1419 1804 1667 1876 liberos
1707 1803 1851 1876 haec
1888 1831 2033 1876 una
2071 1804 2460 1877 differentia
2500 1825 2599 1877 est
2630 1801 2815 1903 apud

734 1922 1052 1993 animum
1088 1919 1294 2018 patris
1311 1975 1329 2009 ,
1366 1919 1553 2017 quod
1579 1945 1853 2018 semper
1880 1919 2218 2020 majorem
2239 1919 2471 1991 locum
2492 1919 2706 1992 habet
2726 1919 2816 2010 is,

734 2038 930 2137 cujus
947 2036 1377 2108 miseremur.
1401 2040 1645 2135 Neque
1670 2035 1781 2107 hic
1801 2061 1962 2108 sane
1992 2057 2363 2126 meruerat,
2384 2058 2462 2108 ut
2488 2064 2528 2108 a
2550 2063 2664 2108 me
2688 2035 2818 2108 nisi

736 2152 1071 2224 innocens
1102 2149 1607 2223 defenderetur.
1644 2152 1872 2222 Reum
1906 2176 2019 2222 me
2055 2149 2346 2240 detulit,
2382 2150 2613 2221 sordes
2645 2147 2820 2220 mihi

737 2265 998 2357 induit,
1029 2264 1118 2337 ad
1143 2264 1457 2366 judicem
1479 2266 1740 2339 vocavit
1759 2322 1778 2356 ‚
1808 2267 2051 2340 sentiet
2078 2268 2205 2339 hoc
2233 2268 2438 2367 quale
2462 2270 2579 2357 sit,
2599 2295 2822 2365 quum

739 2401 1230 2455 testamentum
1261 2381 1595 2454 scribam:
1634 2383 1899 2473 sentiet,
1924 2410 2145 2479 quum
2169 2384 2432 2456 tristitia
2452 2384 2833 2482 indulgen-.

740 2498 915 2572 tiam
946 2525 1179 2571 meam
1205 2500 1526 2599 requiret.
1563 2498 1761 2589 Quid
1793 2520 1891 2571 est
1918 2499 2122 2599 ergo?
2155 2500 2468 2591 mentiri,
2494 2527 2581 2571 ne
2607 2501 2818 2573 iratus

741 2614 1032 2713 quidem
1061 2640 1384 2712 possum:
1423 2636 1520 2688 est
1553 2614 1738 2687 filius
1771 2636 2178 2707 contumax,
2214 2639 2314 2690 est
2335 2617 2543 2717 patris
2571 2615 2676 2687 sui
2705 2642 2818 2687 ac-

742 2728 1054 2803 cusator?
1098 2730 1217 2802 sed
1259 2730 1541 2803 fratrem
1579 2758 1725 2804 non
1767 2733 2028 2804 occidit.
2070 2736 2309 2834 Neque
2340 2759 2464 2832 ego
2497 2732 2705 2803 istum
2737 2731 2814 2803 in

742 2843 889 2916 ulla
934 2843 1068 2915 alia
1110 2864 1298 2941 parte
1339 2843 1837 2917 absolvendum
1880 2867 2087 2946 puto:
2134 2874 2262 2921 nec
2303 2847 2502 2919 hodie
2541 2846 2700 2917 veni
2739 2846 2819 2917 in

741 2960 875 3032 hoc
897 2959 1243 3060 judicium
1271 2981 1631 3057 tamquam
1661 2962 2063 3035 advocatus:
2100 2963 2282 3035 nihil
2315 2964 2568 3063 rogabo
2590 3021 2610 3054 ,
2645 2961 2821 3034 nihil

745 3075 1152 3176 precabor²z
1185 3076 1360 3149 illud
1390 3099 1662 3150 tantum
1691 3105 1861 3150 meae
1890 3079 2163 3178 pietatis
2197 3079 2454 3178 gratia,
2484 3105 2657 3151 meae
2683 3099 2826 3149 tan-

747 3211 897 3264 tum
927 3193 1359 3267 conscientiae
1387 3220 1595 3268 causa
1621 3195 1875 3268 faciam
1895 3253 1913 3287 ,
1939 3223 2028 3268 ne
2052 3196 2284 3268 videar
2312 3197 2528 3269 istum
2557 3192 2823 3266 silentio

748 3331 1085 3402 pressisse.

1603 3467 1965 3534 SERMO.

838 3609 937 3672 Ne
962 3631 1160 3699 quem
1181 3631 1471 3686 vestrum
1493 3615 1689 3681 ducat
1710 3616 1817 3682 illa
1837 3618 2118 3706 specie5‚
2144 3631 2219 3680 ut
2236 3614 2538 3681 videatur
2556 3613 2666 3679 hic
2691 3634 2833 3679 esse

751 3715 999 3806 aliquid
1025 3725 1344 3788 momenti
1358 3721 1702 3789 habiturus
1726 3724 1902 3813 apud
1917 3724 2175 3816 judices
2189 3774 2207 3802 ‚
2227 3725 2282 3790 si
2302 3721 2745 3789 miserabilem
2766 3742 2837 3786 se

755 3823 1015 3890 fecerit:
1048 3827 1102 3892 si
1128 3830 1368 3895 amisso
1392 3830 1599 3898 altero
1628 3831 1766 3897 filio
1791 3830 2182 3919 deprecatus
2206 3830 2409 3895 fuerit
2430 3852 2552 3919 pro
2563 3830 2830 3920 juvene.

833 4020 876 4054 1·
912 4006 1062 4075 Quod
1099 4010 1410 4080 respondere.
1447 4011 1578 4062 Tam
1612 4011 1756 4083 quod
1905 4028 1954 4062 2.
1986 4008 2146 4064 Nihil
2169 4009 2434 4083 precabor.
2467 4004 2628 4059 Nihil
2651 4004 2831 4074 depre-

757 4086 1084 4155 respondere‚
1116 4089 1246 4143 Obr.
1273 4121 1347 4130 —-
1372 4091 1500 4142 Tam
1530 4090 1749 4161 furiose.
1832 4090 1998 4154 cabor,
2033 4103 2092 4141 ut
2122 4107 2246 4141 mox
2276 4090 2332 4140 in
2370 4104 2643 4150 sermone,
2669 4085 2834 4134 Fran-

761 4158 891 4210 Tam
904 4161 1139 4234 furioso,
1162 4166 1361 4221 Schult.
1387 4169 1518 4221 Tam
1538 4170 1757 4236 curioso,
1839 4171 1982 4232 cius;
2007 4183 2061 4222 et
2081 4171 2155 4222 ita
2177 4168 2360 4223 AErod.
2378 4164 2681 4222 —Silentio
2700 4179 2837 4235 pres·

756 4237 1008 4293 Obrecht.
1835 4248 1964 4304 sisse.
1989 4248 2169 4302 AErod.
2191 4248 2482 4321 perdidisse.
