3200 5117
901 572 1028 642 ωε
1408 566 1506 631 Μ.
1555 565 1803 629 mnu
1849 564 2491 648 Q-UlNTlLIAM

900 725 1134 786 meus,
1178 694 1445 793 inquit,
1494 693 1567 764 in
1614 691 1742 763 hac
1780 710 1974 763 aetate
2014 691 2165 764 talis
2206 693 2360 765 fuit.
2401 694 2633 792 Digna
2673 714 2782 767 est
2822 696 3011 767 testis

900 813 1209 901 notitia¹‚
1241 811 1326 883 de
1358 828 1607 907 nepote
1638 806 1808 878 «licit
1835 833 2153 879 causam:
2189 808 2467 880 nullum
2494 826 3011 883 testamentum

902 950 1165 1030 captat,
1200 928 1406 1000 etiam
1440 949 1649 995 suum
1692 923 2119 1022 pignoratur.
2164 924 2327 995 Sero
2360 923 2492 997 hoc
2523 924 2845 1024 placuit:
2882 927 3009 1000 hoc

902 1069 968 1119 et
987 1067 1189 1118 tuum
1214 1058 1709 1141 argumentum
1736 1060 1867 1111 est:
1908 1038 2137 1110 filium
2160 1040 2464 1113 sustulit:
2492 1041 2779 1140 pudicae
2807 1069 3006 1142 argu·

901 1182 1222 1233 mentum
1270 1178 1411 1247 est,
1453 1157 1644 1227 hunc
1688 1155 1952 1227 curiose
1993 1155 2348 1245 educavit,
2392 1157 2465 1227 in
2506 1157 2809 1229 nullum
2853 1158 3004 1231 litus

907 1272 1122 1346 duxit.
1146 1272 1278 1345 Sed
1305 1272 1491 1343 filius
1516 1269 1709 1341 illam
1737 1270 2033 1341 notavit:
2071 1269 2124 1341 si
2150 1270 2428 1359 merito,
2454 1272 2668 1373 hujus
2688 1273 3000 1363 crimem

902 1392 958 1464 si
979 1389 1352 1475 immerite,
1375 1385 1578 1457 illius.
1595 1385 1727 1456 Dic
1749 1383 2000 1484 quare?
2018 1384 2240 1456 immo
2256 1384 2400 1456 noli
2422 1406 2797 1458 mortuum
2821 1386 3001 1459 illius

899 1502 1252 1580 criminari
1289 1501 1519 1572 filium
1550 1526 1565 1569 ε
1600 1526 1745 1570 non
1780 1499 2132 1596 queritur:
2170 1498 2287 1570 sed
2319 1520 2542 1598 sperat
2573 1502 2998 1599 pecuniam:

894 1623 1202 1722 primum
1246 1618 1396 1719 ejus
1438 1615 1646 1688 aetatis
1683 1636 1782 1687 est
1798 1628 1849 1706 ²,
1894 1636 1971 1686 ut
2018 1614 2266 1686 debeat
2305 1636 2793 1688 contemnere.
2834 1618 2999 1690 Odit

897 1763 1035 1825 me,
1062 1733 1317 1832 inquit:
1348 1757 1561 1829 quam
1584 1729 1798 1801 habet
1821 1729 2149 1828 injuriam
2171 1729 2410 1801 tuam?
2433 1729 2611 1800 nihil
2638 1732 2991 1829 queritur;

897 1850 1032 1922 nisi
1069 1846 1257 1947 quod
1298 1845 1528 1917 filium
1570 1864 1774 1914 tuum
1812 1844 1885 1914 in
1923 1842 2086 1915 litus
2120 1844 2411 1916 duxisti:
2449 1843 2609 1916 ideo
2649 1846 2990 1945 perierat:

893 1963 1232 2035 nimirum
1273 1959 1505 2031 oscula
1546 1956 1717 2030 sua3
1750 1956 2218 2029 venalitiarius
2259 1957 2603 2056 inquinat.
2659 1962 2833 2031 Non
2879 1963 2992 2032 de-

893 2080 1028 2152 beo
1044 2136 1061 2168 ‚
1090 2077 1352 2177 inquit,
1375 2074 1591 2146 videri
1618 2074 1838 2146 invita
1861 2073 2091 2145 filium
2115 2101 2518 2172 agnoscere:
2546 2098 2775 2149 mater
2806 2104 2989 2149 sum:

897 2198 971 2269 in
1007 2194 1279 2283 multis,
1316 2189 1493 2263 nihil
1533 2189 1774 2262 matris
1807 2189 1991 2264 ultra
2028 2188 2305 2261 titulum
2336 2209 2472 2261 est:
2514 2215 2647 2264 nec
2684 2218 2992 2265 noverca

900 2338 1166 2384 omnes,

1753 2453 1796 2519 S
1815 2454 1866 2517 E
1883 2456 1937 2517 R
1954 2454 2027 2517 M
2042 2454 2119 2518 O.

986 2617 1064 2679 In
1099 2630 1373 2679 matrem
1409 2628 1474 2677 et
1506 2611 1614 2675 illa
1648 2610 1922 2677 einen-04
1951 2611 2148 2676 dixit:
2186 2613 2403 2676 Mater
2437 2614 2603 2677 enim
2637 2635 2675 2675 a
2708 2636 2861 2689 me,
2906 2634 3003 2679 ta-

896 2724 1088 2787 metsi
1134 2722 1204 2784 in
1248 2719 1426 2784 hunc
1475 2718 1698 2783 hostili
1746 2716 1942 2796 odio,
1993 2735 2061 2781 et
2109 2717 2492 2784 crudelitate
2539 2736 2672 2793 est,
2726 2736 2999 2802 mater,

894 2831 1192 2918 inquam,
1214 2824 1673 2914 appellabitur.
1696 2823 1830 2891 Sub
1853 2823 1982 2889 hoc
2002 2841 2217 2889 tamen
2247 2827 2440 2890 titulo
2461 2823 2823 2891 insidiatum
2843 2825 3000 2891 filio

899 2934 1059 3000 dicit
1082 2931 1390 3023 quaesisse
1415 2929 1736 3019 pericula,
1763 2946 1834 2994 ut
1868 2930 1984 2994 filii
2017 2931 2117 2995 sui
2145 2930 2319 2997 bona
2356 2948 2569 2998 sector
2589 2929 2992 3019 possideret.

1594 3123 2284 3190 DECLAMATIO.

991 3284 1188 3359 Nihil
1205 3280 1490 3383 quidem
1506 3280 1689 3353 ultra
1705 3281 1849 3352 haec
1866 3281 1914 3352 ti
1926 3283 2264 3354 mendum
2285 3282 2446 3353 fuit:
2469 3303 2536 3353 et
2550 3308 2627 3353 su
2637 3307 2758 3379 pra
2774 3280 2987 3353 fidem

899 3401 1098 3473 laesus
1136 3420 1269 3471 est:
1311 3395 1632 3496 gratulari
1677 3417 1910 3468 tamen
1952 3396 2079 3469 tibi
2116 3397 2297 3469 inter
2336 3396 2768 3469 calamitates
2802 3418 2985 3481 tuas»,

978 3586 1020 3620 1.
1047 3567 1203 3620 Testis
1230 3566 1432 3618 notitia.
1461 3566 1572 3630 An,
1603 3566 1735 3617 testis
1752 3587 1766 3613 .·
1800 3584 1903 3616 nu·
2056 3584 2102 3618 2.
2122 3567 2312 3619 AEtatis
2325 3578 2412 3618 est.
2429 3565 2624 3618 AEtatis
2637 3585 2751 3619 non
2772 3567 2983 3618 ests&-

898 3649 1016 3700 tn‘to
1031 3646 1095 3697 de
1109 3655 1291 3715 nepote
1303 3644 1429 3695 dicit
1443 3644 1897 3696 causam-Senum.
2051 3647 2103 3698 3.
2138 3645 2320 3699 Oscula
2346 3667 2455 3699 sua.
2486 3645 2546 3696 ld
2575 3659 2656 3698 est
2687 3663 2810 3698 ora.
2839 3642 2983 3697 ovid.

901 3726 1087 3779 Testis:
1120 3722 1305 3775 notitia
1328 3723 1391 3773 de
1415 3734 1596 3794 nepote
1618 3721 1743 3772 dicit
1765 3720 1903 3790 (dici
1979 3726 2107 3777 Met.
2139 3728 2192 3790 1,
2221 3724 2354 3794 499:
2390 3748 2413 3771 «ι
2432 3722 2591 3775 Videt
2625 3723 2855 3787 oscula,
2883 3741 2988 3794 qut

897 3810 1097 3877 marg.)
1117 3821 1322 3856 causam
1339 3840 1356 3867 ‚
1382 3800 1561 3854 AErod.
1591 3801 1750 3854 Tesu's
1774 3803 1903 3854 noti·
1986 3828 2008 3849 α
2028 3822 2135 3854 non
2158 3805 2249 3855 Est
2272 3803 2461 3856 vidisse
2486 3803 2632 3854 satis.
2656 3827 2679 3847 u
2712 3804 2987 3853 Praeterea:

900 3887 972 3938 tia
991 3884 1055 3936 de
1078 3894 1289 3954 nepote.-
1316 3880 1442 3931 dicit
1462 3899 1669 3935 causam
1690 3877 1900 3931 nullum
1979 3885 2069 3956 qui
2092 3884 2206 3936 ideo
2223 3885 2447 3956 perierat
2464 3904 2479 3932 .·
2507 3882 2648 3935 nihil
2668 3886 2865 3935 mirum
2880 3923 2900 3950 ,
2924 3901 2996 3935 ω·

901 3974 1258 4018 testamentum
1284 3972 1483 4033 captat,
1522 3981 1565 4012 e.
1595 3981 1633 4013 s.
1655 3963 1901 4034 pignerat
1979 3965 2115 4018 cula.
2146 3965 2361 4017 Senum.
2396 3965 2544 4018 Nim.
2576 3963 2760 4017 oscula
2784 3982 2885 4015 sua
2918 3982 2998 4015 vt-

896 4065 1054 4119 puero
1071 4067 1086 4095 .·
1109 4045 1207 4095 hoc
1224 4041 1457 4115 placuit,
1481 4040 1610 4094 Obr.
1640 4071 1713 4081 —
1737 4041 1897 4093 Suum
1976 4042 2245 4096 nolitia-io
2270 4042 2536 4115 inquinat,
2562 4040 2747 4095 AErod.
2770 4040 2916 4094 Obr.
2931 4070 3003 4083 —-

896 4127 1217 4198 pignoratur.
1244 4124 1323 4174 An
1347 4142 1463 4188 suo,
1489 4121 1611 4176 sch.
1640 4152 1712 4162 —
1734 4124 1900 4175 Nota·
1977 4126 2089 4176 Nec
2112 4142 2338 4176 novercoe
2361 4142 2548 4176 omnes.
2574 4124 2836 4175 Francius
2864 4142 3003 4175 con·

900 4207 988 4258 vit.
1027 4205 1239 4259 Vitavit.
1278 4206 1494 4257 Senum.
1533 4203 1697 4256 Illam
1734 4204 1787 4255 ἰη
1807 4205 1900 4276 jus
1971 4201 2217 4275 jiciebat‚
2240 4214 2291 4253 ct
2312 4219 2538 4255 novercoe
2561 4218 2763 4254 omnes.

905 4286 1130 4351 vocavit,
1154 4283 1331 4338 AErod.
2049 4281 2098 4347 4.
2130 4282 2329 4347 Cicero,
2352 4298 2451 4353 pro
2476 4278 2764 4348 Cluentio,
2789 4298 2917 4353 cap.
2937 4283 2999 4333 V.
3102 4314 3105 4347 ;
