3200 5117
767 493 806 555 8
1267 494 1361 557 Μ.
1409 492 1659 556 FABII
1705 491 2344 574 QUINITILI'ANI

764 763 859 783 m
865 757 2115 783 mmmmmmmmmmm
2126 758 2594 780 mmmm
2601 756 2850 777 mmm

1558 959 2041 1038 CCXLVI.

1310 1191 1893 1291 Soporatussortis
1914 1193 2291 1287 priviqnus.

765 1399 886 1476 Qui
922 1399 1164 1459 fortiter
1194 1397 1419 1457 fecerat
1438 1439 1455 1471 ‚
1498 1393 1666 1455 bello
1701 1396 2065 1455 imminente
2099 1414 2384 1477 soporem
2404 1407 2419 1435 ¹
2461 1394 2539 1452 ab
2578 1410 2839 1453 noverca

843 1492 1189 1575 subjectum
1206 1493 1388 1553 bibit.
1409 1491 1672 1551 Causam
1692 1489 1846 1550 dixit
1861 1505 2182 1571 tamquam
2201 1489 2502 1550 desertor:
2526 1490 2842 1550 absolutus

842 1603 1085 1650 accusat
1104 1610 1433 1650 novercam
1456 1585 1757 1648 veneficii.

1455 1785 2151 1850 DECLAMATIO.

860 1944 1181 2034 Etiamsi,
1209 1944 1510 2044 judiceS‚
1538 1965 1823 2016 eventus
1847 1942 2170 2042 proximae
2200 1969 2417 2014 causae
2448 1943 2604 2014 satis
2626 1938 2845 2014 videri

765 2080 985 2158 potest
1013 2059 1220 2129 etiam
1246 2058 1318 2128 in
1352 2057 1531 2128 hanc
1556 2083 1834 2155 quoque
1864 2055 2382 2154 pronunciasse,
2419 2056 2726 2155 primum
2756 2077 2851 2126 ta-

764 2201 932 2245 men
958 2172 1214 2244 doloris
1238 2172 1377 2243 mei
1397 2172 1893 2271 professionem
1915 2169 2345 2241 dissimulare
2371 2197 2514 2241 non
2539 2196 2849 2268 possum,

764 2287 952 2387 quod
987 2309 1354 2358 novercam
1398 2306 1555 2357 ante
1590 2310 1906 2356 accusare
1950 2310 2093 2355 non
2138 2285 2358 2382 potui.
2401 2284 2642 2356 Debeo
2680 2285 2848 2381 qui-

765 2401 931 2473 dem
972 2401 1322 2474 sententiis
1345 2400 1673 2502 judicum
1708 2398 1945 2468 omnia
1977 2426 1990 2468 :
2029 2397 2243 2470 homo
2273 2418 2508 2470 tamen
2544 2398 2850 2498 gravissi-

764 2541 955 2588 mam
991 2518 1320 2617 injuriam
1363 2541 1631 2613 passm,
1685 2512 1913 2584 adhuc
1947 2533 2220 2585 tantum
2263 2514 2620 2587 absolutus
2661 2541 2846 2586 sum.

766 2632 1033 2702 Verum
1076 2656 1193 2701 me
1248 2630 1565 2729 quamvis
1621 2628 1964 2727 praecipue
2011 2627 2083 2698 in
2125 2627 2256 2700 hoc
2291 2628 2643 2729 judicium
2692 2650 2856 2726 agat

668 2729 673 2737 ’
764 2742 937 2814 ultio
974 2743 1165 2832 taliS,
1202 2740 1377 2813 illud
1421 2741 1707 2839 quidem
1751 2741 2142 2839 periculum
2175 2741 2391 2813 fallit:
2429 2742 2634 2815 hodie
2673 2769 2853 2813 con-

764 2858 1093 2948 stituetiS,
1125 2885 1215 2928 an
1244 2857 1488 2932 merito
1517 2857 1869 2929 absolutus
1898 2858 2053 2929 sim.
2090 2859 2276 2929 Inter
2305 2855 2583 2930 summa
2611 2857 2856 2929 discri-

765 2973 962 3045 mina
994 2972 1392 3072 reipublicae
1424 2999 1569 3044 non
1596 2971 1733 3044 fuit
1753 3000 2101 3044 venenum
2124 3028 2805 3045 ..................
2832 3027 2850 3044 .

769 3143 1485 3161 ...................
1518 3115 1646 3187 ego
1675 3089 1982 3162 deserui:
2020 3089 2075 3160 si
2102 3091 2258 3187 quis
2293 3109 2523 3160 autem
2553 3090 2638 3160 ad
2664 3088 2854 3162 hanc

762 3205 1260 3303 praeteritorum
1317 3205 1874 3304 indignationem
1926 3204 2221 3304 adjicere
2274 3204 2485 3275 etiam
2542 3203 2851 3275 formam

766 3319 987 3418 ipsam
1008 3318 1258 3417 judicii
1294 3329 1550 3416 potest,
1590 3319 1765 3390 illud
1808 3341 1984 3390 certe
2027 3339 2156 3409 est,
2191 3318 2379 3417 quod
2409 3316 2606 3389 nulla
2637 3317 2858 3417 possit

763 3432 1050 3504 tolerare
1086 3433 1411 3530 patientia
1435 3487 1453 3523 ,
1496 3433 1686 3531 quod
1717 3459 1786 3504 se
1820 3432 1997 3503 mihi
2028 3433 2381 3504 contendit
2407 3457 2699 3505 noverca
2731 3432 2856 3503 be-

764 3548 1098 3621 neficium
1129 3549 1427 3622 dedisse:
1460 3577 1576 3623 vos
1602 3549 2024 3622 aestimabitis
2042 3607 2060 3638 ‚
2102 3550 2271 3647 quid
2296 3550 2381 3622 de
2407 3575 2696 3650 persona
2715 3547 2857 3621 hac

763 3663 1110 3735 sentiatis:
1157 3691 1299 3750 non
1325 3665 1739 3738 fecisset-hoc
1767 3686 2023 3737 mater:
2062 3686 2237 3737 certe
2269 3665 2455 3762 quod
2490 3662 2660 3734 mihi
2690 3663 2858 3736 satis

767 3799 893 3868 est,
925 3799 1114 3876 pater
1146 3805 1290 3850 non
1324 3780 1500 3851 fecit.

840 3965 857 3997 ι
871 3986 882 3997 .
897 3949 1161 4020 Soporem.
1183 3950 1259 4004 Ita
1280 3950 1542 4020 Nepotem
1560 3951 1618 4000 in
1641 3950 1771 4000 Dio-
1854 3965 1925 4013 tv,
1940 3967 2001 4017 9,
2021 3968 2073 4019 p.
2094 3947 2160 4014 84
2179 3961 2368 3999 nostrai
2388 3946 2511 3998 edit.
2529 3945 2622 3997 ubi
2649 3964 2865 4017 sapores

760 4043 829 4076 ne
870 4042 988 4095 cap.
1032 4044 1089 4091 2,
1130 4045 1359 4098 soporem
1406 4027 1529 4078 dare
1578 4026 1770 4080 dixisse
1849 4028 2197 4100 praetulimus;
2223 4027 2341 4080 vide
2361 4025 2428 4080 ad
2450 4026 2728 4090 Decl.xv‚
2752 4025 2861 4080 ubi

759 4105 966 4154 notavit
997 4103 1075 4156 el.
1109 4103 1494 4174 Schultingius,
1528 4118 1580 4156 et
1613 4104 1770 4176 plura
1849 4106 2024 4158 odium
2048 4109 2169 4160 dare
2189 4119 2240 4158 et
2259 4110 2516 4180 accipere,
2545 4123 2645 4177 pro
2666 4106 2862 4176 potio-

765 4179 981 4234 adduxit
996 4181 1361 4235 Bronkhusius
1384 4181 1662 4234 ad'ribuu.
1681 4187 1748 4237 1v
1752 4223 1769 4250 ‚
1847 4206 1969 4239 nem
1995 4185 2101 4237 odii
2124 4185 2278 4250 dare,
2300 4199 2400 4237 etc.
2422 4185 2651 4255 ponitur.
2679 4185 2772 4234 En.
