<?xml version="1.0" encoding="UTF-8"?>
<!DOCTYPE html PUBLIC "-//W3C//DTD XHTML 1.0 Transitional//EN"
    "http://www.w3.org/TR/xhtml1/DTD/xhtml1-transitional.dtd">
<html xmlns="http://www.w3.org/1999/xhtml" xml:lang="en" lang="en">
 <head>
  <title>
</title>
<meta http-equiv="Content-Type" content="text/html;charset=utf-8" />
  <meta name='ocr-system' content='tesseract 3.04.00' />
  <meta name='ocr-capabilities' content='ocr_page ocr_carea ocr_par ocr_line ocrx_word'/>
</head>
<body>
  <div class='ocr_page' id='page_1' title='image "./deinstitutioneo00flacgoog_0368.png"; bbox 0 0 3200 5117; ppageno 0'>
   <div class='ocr_carea' id='block_1_1' title="bbox 693 503 2421 592">
    <p class='ocr_par' dir='ltr' id='par_1_1' title="bbox 693 503 2421 592">
     <span class='ocr_line' id='line_1_1' title="bbox 693 503 2421 592; baseline -0.004 -13"><span class='ocrx_word' id='word_1_1' title='bbox 693 512 821 579; x_wconf 82' lang='lat'><strong>360</strong></span> <span class='ocrx_word' id='word_1_2' title='bbox 1207 512 1300 574; x_wconf 83' lang='lat' dir='ltr'><strong>M.</strong></span> <span class='ocrx_word' id='word_1_3' title='bbox 1349 509 1594 574; x_wconf 84' lang='lat' dir='ltr'><strong>FABII</strong></span> <span class='ocrx_word' id='word_1_4' title='bbox 1642 507 2273 592; x_wconf 81' lang='lat' dir='ltr'><strong>QUINTILIANI</strong></span> <span class='ocrx_word' id='word_1_5' title='bbox 2412 503 2421 520; x_wconf 93' lang='grc'><strong>’</strong></span> 
     </span>
    </p>
   </div>
   <div class='ocr_carea' id='block_1_2' title="bbox 689 629 2797 3153">
    <p class='ocr_par' dir='ltr' id='par_1_2' title="bbox 689 629 2797 3153">
     <span class='ocr_line' id='line_1_2' title="bbox 690 629 2781 734; baseline -0.002 -28"><span class='ocrx_word' id='word_1_6' title='bbox 690 631 1099 734; x_wconf 84' lang='lat' dir='ltr'><strong>perferenda</strong></span> <span class='ocrx_word' id='word_1_7' title='bbox 1133 633 1423 708; x_wconf 82' lang='lat' dir='ltr'><strong>fuerunt</strong></span> <span class='ocrx_word' id='word_1_8' title='bbox 1462 629 1792 703; x_wconf 86' lang='lat' dir='ltr'><strong>mandata</strong></span> <span class='ocrx_word' id='word_1_9' title='bbox 1821 630 2025 721; x_wconf 85' lang='lat' dir='ltr'><strong>falsa,</strong></span> <span class='ocrx_word' id='word_1_10' title='bbox 2058 643 2328 702; x_wconf 84' lang='lat' dir='ltr'><strong>verum¹</strong></span> <span class='ocrx_word' id='word_1_11' title='bbox 2364 629 2781 719; x_wconf 80' lang='lat' dir='ltr'><strong>criminosa3</strong></span> 
     </span>
     <span class='ocr_line' id='line_1_3' title="bbox 690 746 2785 847; baseline -0.002 -23"><span class='ocrx_word' id='word_1_12' title='bbox 690 750 1021 841; x_wconf 87' lang='lat' dir='ltr'><strong>conficta,</strong></span> <span class='ocrx_word' id='word_1_13' title='bbox 1051 776 1294 822; x_wconf 90' lang='lat' dir='ltr'><strong>verum</strong></span> <span class='ocrx_word' id='word_1_14' title='bbox 1319 747 1591 820; x_wconf 88' lang='lat' dir='ltr'><strong>invidiae</strong></span> <span class='ocrx_word' id='word_1_15' title='bbox 1613 769 1849 820; x_wconf 86' lang='lat' dir='ltr'><strong>tamen</strong></span> <span class='ocrx_word' id='word_1_16' title='bbox 1871 746 2101 846; x_wconf 89' lang='lat' dir='ltr'><strong>plena.</strong></span> <span class='ocrx_word' id='word_1_17' title='bbox 2128 747 2347 838; x_wconf 91' lang='lat' dir='ltr'><strong>Quod</strong></span> <span class='ocrx_word' id='word_1_18' title='bbox 2367 747 2424 820; x_wconf 86' lang='lat' dir='ltr'><strong>si</strong></span> <span class='ocrx_word' id='word_1_19' title='bbox 2445 747 2618 847; x_wconf 91' lang='lat' dir='ltr'><strong>quid</strong></span> <span class='ocrx_word' id='word_1_20' title='bbox 2640 774 2785 819; x_wconf 84' lang='lat' dir='ltr'><strong>esse</strong></span> 
     </span>
     <span class='ocr_line' id='line_1_4' title="bbox 689 862 2786 962; baseline -0.002 -24"><span class='ocrx_word' id='word_1_21' title='bbox 689 868 766 939; x_wconf 92' lang='lat' dir='ltr'><strong>in</strong></span> <span class='ocrx_word' id='word_1_22' title='bbox 802 867 1063 940; x_wconf 90' lang='lat' dir='ltr'><strong>ratione</strong></span> <span class='ocrx_word' id='word_1_23' title='bbox 1093 864 1370 938; x_wconf 85' lang='lat' dir='ltr'><strong>dicendi</strong></span> <span class='ocrx_word' id='word_1_24' title='bbox 1391 864 1683 954; x_wconf 87' lang='lat' dir='ltr'><strong>videtur,</strong></span> <span class='ocrx_word' id='word_1_25' title='bbox 1709 864 1763 935; x_wconf 91' lang='lat' dir='ltr'><strong>si</strong></span> <span class='ocrx_word' id='word_1_26' title='bbox 1796 863 1954 962; x_wconf 84' lang='lat' dir='ltr'><strong>quis</strong></span> <span class='ocrx_word' id='word_1_27' title='bbox 1987 890 2102 936; x_wconf 88' lang='lat' dir='ltr'><strong>me</strong></span> <span class='ocrx_word' id='word_1_28' title='bbox 2128 863 2451 935; x_wconf 88' lang='lat' dir='ltr'><strong>infestam</strong></span> <span class='ocrx_word' id='word_1_29' title='bbox 2483 862 2786 935; x_wconf 82' lang='lat' dir='ltr'><strong>attulisse</strong></span> 
     </span>
     <span class='ocr_line' id='line_1_5' title="bbox 693 978 2783 1078; baseline -0.002 -25"><span class='ocrx_word' id='word_1_30' title='bbox 693 981 911 1054; x_wconf 85' lang='lat' dir='ltr'><strong>credit</strong></span> <span class='ocrx_word' id='word_1_31' title='bbox 959 979 1384 1069; x_wconf 86' lang='lat' dir='ltr'><strong>orationem,</strong></span> <span class='ocrx_word' id='word_1_32' title='bbox 1436 979 1699 1051; x_wconf 87' lang='lat' dir='ltr'><strong>accedit</strong></span> <span class='ocrx_word' id='word_1_33' title='bbox 1745 978 1880 1050; x_wconf 88' lang='lat' dir='ltr'><strong>hoc</strong></span> <span class='ocrx_word' id='word_1_34' title='bbox 1930 1005 2209 1078; x_wconf 92' lang='lat' dir='ltr'><strong>quoque</strong></span> <span class='ocrx_word' id='word_1_35' title='bbox 2262 978 2488 1078; x_wconf 72' lang='lat' dir='ltr'><strong>gloriae</strong></span> <span class='ocrx_word' id='word_1_36' title='bbox 2534 978 2783 1078; x_wconf 83' lang='lat' dir='ltr'><strong>optimi</strong></span> 
     </span>
     <span class='ocr_line' id='line_1_6' title="bbox 694 1093 2781 1193; baseline -0.002 -25"><span class='ocrx_word' id='word_1_37' title='bbox 694 1095 856 1168; x_wconf 78' lang='lat' dir='ltr'><strong>civis</strong></span> <span class='ocrx_word' id='word_1_38' title='bbox 869 1152 888 1185; x_wconf 84' lang='lat'><strong>,</strong></span> <span class='ocrx_word' id='word_1_39' title='bbox 906 1095 1094 1193; x_wconf 92' lang='lat' dir='ltr'><strong>quod</strong></span> <span class='ocrx_word' id='word_1_40' title='bbox 1115 1121 1228 1166; x_wconf 89' lang='lat' dir='ltr'><strong>me</strong></span> <span class='ocrx_word' id='word_1_41' title='bbox 1248 1114 1607 1166; x_wconf 82' lang='lat' dir='ltr'><strong>accusante</strong></span> <span class='ocrx_word' id='word_1_42' title='bbox 1628 1093 1983 1165; x_wconf 85' lang='lat' dir='ltr'><strong>absolutus</strong></span> <span class='ocrx_word' id='word_1_43' title='bbox 2002 1115 2125 1165; x_wconf 87' lang='lat' dir='ltr'><strong>est.</strong></span> <span class='ocrx_word' id='word_1_44' title='bbox 2143 1093 2401 1192; x_wconf 78' lang='lat' dir='ltr'>Ingrati</span> <span class='ocrx_word' id='word_1_45' title='bbox 2422 1120 2574 1165; x_wconf 87' lang='lat' dir='ltr'><strong>reus</strong></span> <span class='ocrx_word' id='word_1_46' title='bbox 2592 1119 2781 1165; x_wconf 90' lang='lat' dir='ltr'><strong>sum:</strong></span> 
     </span>
     <span class='ocr_line' id='line_1_7' title="bbox 694 1209 2788 1310; baseline -0.001 -29"><span class='ocrx_word' id='word_1_47' title='bbox 694 1209 782 1282; x_wconf 92' lang='lat' dir='ltr'><strong>de</strong></span> <span class='ocrx_word' id='word_1_48' title='bbox 809 1209 1038 1310; x_wconf 88' lang='lat' dir='ltr'><strong>prima</strong></span> <span class='ocrx_word' id='word_1_49' title='bbox 1069 1230 1263 1309; x_wconf 87' lang='lat' dir='ltr'><strong>parte</strong></span> <span class='ocrx_word' id='word_1_50' title='bbox 1303 1236 1556 1295; x_wconf 85' lang='lat' dir='ltr'><strong>causae,</strong></span> <span class='ocrx_word' id='word_1_51' title='bbox 1584 1209 1891 1308; x_wconf 75' lang='lat' dir='ltr'><strong>judiceS,</strong></span> <span class='ocrx_word' id='word_1_52' title='bbox 1925 1235 2070 1281; x_wconf 87' lang='lat' dir='ltr'><strong>non</strong></span> <span class='ocrx_word' id='word_1_53' title='bbox 2112 1210 2361 1281; x_wconf 87' lang='lat' dir='ltr'><strong>faciam</strong></span> <span class='ocrx_word' id='word_1_54' title='bbox 2399 1230 2788 1281; x_wconf 86' lang='lat' dir='ltr'><strong>controver-</strong></span> 
     </span>
     <span class='ocr_line' id='line_1_8' title="bbox 691 1322 2791 1422; baseline -0.001 -25"><span class='ocrx_word' id='word_1_55' title='bbox 691 1325 902 1414; x_wconf 88' lang='lat' dir='ltr'><strong>siam,</strong></span> <span class='ocrx_word' id='word_1_56' title='bbox 928 1350 1158 1422; x_wconf 92' lang='lat' dir='ltr'><strong>neque</strong></span> <span class='ocrx_word' id='word_1_57' title='bbox 1182 1323 1283 1394; x_wconf 85' lang='lat' dir='ltr'><strong>fas</strong></span> <span class='ocrx_word' id='word_1_58' title='bbox 1304 1345 1440 1395; x_wconf 88' lang='lat' dir='ltr'><strong>est:</strong></span> <span class='ocrx_word' id='word_1_59' title='bbox 1466 1323 1695 1421; x_wconf 87' lang='lat' dir='ltr'><strong>accepi</strong></span> <span class='ocrx_word' id='word_1_60' title='bbox 1724 1322 2184 1412; x_wconf 88' lang='lat' dir='ltr'><strong>beneficium,</strong></span> <span class='ocrx_word' id='word_1_61' title='bbox 2208 1344 2552 1420; x_wconf 89' lang='lat' dir='ltr'><strong>quantum</strong></span> <span class='ocrx_word' id='word_1_62' title='bbox 2573 1322 2791 1394; x_wconf 84' lang='lat' dir='ltr'><strong>maxi-</strong></span> 
     </span>
     <span class='ocr_line' id='line_1_9' title="bbox 695 1436 2791 1536; baseline -0.001 -26"><span class='ocrx_word' id='word_1_63' title='bbox 695 1464 899 1510; x_wconf 88' lang='lat' dir='ltr'><strong>mum</strong></span> <span class='ocrx_word' id='word_1_64' title='bbox 947 1436 1106 1509; x_wconf 91' lang='lat' dir='ltr'><strong>dare</strong></span> <span class='ocrx_word' id='word_1_65' title='bbox 1149 1458 1465 1536; x_wconf 89' lang='lat' dir='ltr'><strong>parentes</strong></span> <span class='ocrx_word' id='word_1_66' title='bbox 1510 1436 1745 1508; x_wconf 87' lang='lat' dir='ltr'><strong>liberis</strong></span> <span class='ocrx_word' id='word_1_67' title='bbox 1785 1457 2111 1536; x_wconf 88' lang='lat' dir='ltr'><strong>possunt:</strong></span> <span class='ocrx_word' id='word_1_68' title='bbox 2149 1464 2290 1509; x_wconf 90' lang='lat' dir='ltr'><strong>non</strong></span> <span class='ocrx_word' id='word_1_69' title='bbox 2325 1437 2514 1509; x_wconf 90' lang='lat' dir='ltr'><strong>enim</strong></span> <span class='ocrx_word' id='word_1_70' title='bbox 2552 1438 2609 1509; x_wconf 89' lang='lat' dir='ltr'><strong>si</strong></span> <span class='ocrx_word' id='word_1_71' title='bbox 2651 1438 2791 1509; x_wconf 88' lang='lat' dir='ltr'><strong>for-</strong></span> 
     </span>
     <span class='ocr_line' id='line_1_10' title="bbox 694 1551 2783 1644; baseline 0 -21"><span class='ocrx_word' id='word_1_72' title='bbox 694 1572 872 1625; x_wconf 86' lang='lat' dir='ltr'><strong>tuna</strong></span> <span class='ocrx_word' id='word_1_73' title='bbox 919 1552 1438 1625; x_wconf 83' lang='lat' dir='ltr'><strong>infelicissima²</strong></span> <span class='ocrx_word' id='word_1_74' title='bbox 1485 1552 1574 1624; x_wconf 88' lang='lat' dir='ltr'><strong>ad</strong></span> <span class='ocrx_word' id='word_1_75' title='bbox 1616 1551 1747 1623; x_wconf 89' lang='lat' dir='ltr'><strong>hoc</strong></span> <span class='ocrx_word' id='word_1_76' title='bbox 1794 1552 2023 1624; x_wconf 89' lang='lat' dir='ltr'><strong>officia</strong></span> <span class='ocrx_word' id='word_1_77' title='bbox 2064 1552 2305 1624; x_wconf 86' lang='lat' dir='ltr'><strong>studiis</strong></span> <span class='ocrx_word' id='word_1_78' title='bbox 2346 1552 2516 1624; x_wconf 88' lang='lat' dir='ltr'><strong>meis</strong></span> <span class='ocrx_word' id='word_1_79' title='bbox 2559 1551 2783 1644; x_wconf 86' lang='lat' dir='ltr'><strong>dedit,</strong></span> 
     </span>
     <span class='ocr_line' id='line_1_11' title="bbox 696 1667 2791 1766; baseline 0.001 -29"><span class='ocrx_word' id='word_1_80' title='bbox 696 1693 842 1738; x_wconf 91' lang='lat' dir='ltr'><strong>non</strong></span> <span class='ocrx_word' id='word_1_81' title='bbox 875 1687 1108 1739; x_wconf 89' lang='lat' dir='ltr'><strong>tamen</strong></span> <span class='ocrx_word' id='word_1_82' title='bbox 1146 1667 1273 1739; x_wconf 87' lang='lat' dir='ltr'><strong>ista</strong></span> <span class='ocrx_word' id='word_1_83' title='bbox 1312 1667 1550 1738; x_wconf 89' lang='lat' dir='ltr'><strong>animo</strong></span> <span class='ocrx_word' id='word_1_84' title='bbox 1587 1668 1972 1766; x_wconf 82' lang='lat' dir='ltr'><strong>praestantis</strong></span> <span class='ocrx_word' id='word_1_85' title='bbox 2010 1667 2410 1740; x_wconf 61' lang='lat' dir='ltr'><strong>aestimanda</strong></span> <span class='ocrx_word' id='word_1_86' title='bbox 2440 1687 2622 1740; x_wconf 87' lang='lat' dir='ltr'><strong>sunt.</strong></span> <span class='ocrx_word' id='word_1_87' title='bbox 2658 1672 2791 1741; x_wconf 87' lang='lat' dir='ltr'><strong>Ac-</strong></span> 
     </span>
     <span class='ocr_line' id='line_1_12' title="bbox 699 1781 2788 1882; baseline 0 -29"><span class='ocrx_word' id='word_1_88' title='bbox 699 1781 849 1880; x_wconf 85' lang='lat' dir='ltr'><strong>cepi</strong></span> <span class='ocrx_word' id='word_1_89' title='bbox 902 1783 1321 1881; x_wconf 87' lang='lat' dir='ltr'><strong>pecuniam,</strong></span> <span class='ocrx_word' id='word_1_90' title='bbox 1369 1804 1609 1854; x_wconf 86' lang='lat' dir='ltr'><strong>votum</strong></span> <span class='ocrx_word' id='word_1_91' title='bbox 1638 1838 1657 1872; x_wconf 86' lang='lat'><strong>,</strong></span> <span class='ocrx_word' id='word_1_92' title='bbox 1710 1811 1907 1882; x_wconf 87' lang='lat' dir='ltr'><strong>spem</strong></span> <span class='ocrx_word' id='word_1_93' title='bbox 1955 1784 2267 1855; x_wconf 88' lang='lat' dir='ltr'><strong>futuram</strong></span> <span class='ocrx_word' id='word_1_94' title='bbox 2313 1783 2386 1854; x_wconf 90' lang='lat' dir='ltr'><strong>in</strong></span> <span class='ocrx_word' id='word_1_95' title='bbox 2440 1804 2788 1882; x_wconf 87' lang='lat' dir='ltr'><strong>posterum</strong></span> 
     </span>
     <span class='ocr_line' id='line_1_13' title="bbox 697 1897 2788 1989; baseline 0 -19"><span class='ocrx_word' id='word_1_96' title='bbox 697 1898 883 1987; x_wconf 82' lang='lat' dir='ltr'><strong>vitae,</strong></span> <span class='ocrx_word' id='word_1_97' title='bbox 918 1897 1307 1989; x_wconf 83' lang='lat' dir='ltr'><strong>infeliciter,</strong></span> <span class='ocrx_word' id='word_1_98' title='bbox 1340 1897 1607 1970; x_wconf 87' lang='lat' dir='ltr'><strong>etiamsi</strong></span> <span class='ocrx_word' id='word_1_99' title='bbox 1638 1898 1812 1969; x_wconf 87' lang='lat' dir='ltr'><strong>mihi</strong></span> <span class='ocrx_word' id='word_1_100' title='bbox 1846 1898 1960 1970; x_wconf 87' lang='lat' dir='ltr'><strong>hic</strong></span> <span class='ocrx_word' id='word_1_101' title='bbox 1995 1899 2473 1978; x_wconf 79' lang='lat' dir='ltr'><strong>defendendus</strong></span> <span class='ocrx_word' id='word_1_102' title='bbox 2505 1899 2788 1972; x_wconf 87' lang='lat' dir='ltr'><strong>fuisset:</strong></span> 
     </span>
     <span class='ocr_line' id='line_1_14' title="bbox 700 2012 2792 2112; baseline 0.001 -28"><span class='ocrx_word' id='word_1_103' title='bbox 700 2013 933 2111; x_wconf 90' lang='lat' dir='ltr'><strong>accepi</strong></span> <span class='ocrx_word' id='word_1_104' title='bbox 983 2014 1450 2102; x_wconf 83' lang='lat' dir='ltr'><strong>beneficium3</strong></span> <span class='ocrx_word' id='word_1_105' title='bbox 1501 2040 1588 2084; x_wconf 91' lang='lat' dir='ltr'><strong>ne</strong></span> <span class='ocrx_word' id='word_1_106' title='bbox 1636 2012 1810 2084; x_wconf 86' lang='lat' dir='ltr'><strong>illud</strong></span> <span class='ocrx_word' id='word_1_107' title='bbox 1861 2014 2150 2112; x_wconf 90' lang='lat' dir='ltr'><strong>quidem</strong></span> <span class='ocrx_word' id='word_1_108' title='bbox 2201 2014 2600 2104; x_wconf 85' lang='lat' dir='ltr'><strong>inficiabor,</strong></span> <span class='ocrx_word' id='word_1_109' title='bbox 2650 2041 2792 2086; x_wconf 91' lang='lat' dir='ltr'><strong>non</strong></span> 
     </span>
     <span class='ocr_line' id='line_1_15' title="bbox 701 2127 2793 2229; baseline 0.001 -31"><span class='ocrx_word' id='word_1_110' title='bbox 701 2127 1014 2222; x_wconf 79' lang='lat' dir='ltr'><strong>reddidi:</strong></span> <span class='ocrx_word' id='word_1_111' title='bbox 1057 2155 1198 2200; x_wconf 91' lang='lat' dir='ltr'><strong>non</strong></span> <span class='ocrx_word' id='word_1_112' title='bbox 1234 2149 1466 2201; x_wconf 86' lang='lat' dir='ltr'><strong>tamen</strong></span> <span class='ocrx_word' id='word_1_113' title='bbox 1507 2128 1841 2201; x_wconf 87' lang='lat' dir='ltr'><strong>continuo</strong></span> <span class='ocrx_word' id='word_1_114' title='bbox 1875 2130 2203 2228; x_wconf 88' lang='lat' dir='ltr'><strong>sequitur,</strong></span> <span class='ocrx_word' id='word_1_115' title='bbox 2243 2150 2321 2201; x_wconf 89' lang='lat' dir='ltr'><strong>ut</strong></span> <span class='ocrx_word' id='word_1_116' title='bbox 2360 2129 2613 2229; x_wconf 78' lang='lat' dir='ltr'><strong>ingrati</strong></span> <span class='ocrx_word' id='word_1_117' title='bbox 2643 2129 2793 2228; x_wconf 78' lang='lat' dir='ltr'><strong>lege</strong></span> 
     </span>
     <span class='ocr_line' id='line_1_16' title="bbox 700 2244 2793 2350; baseline 0 -35"><span class='ocrx_word' id='word_1_118' title='bbox 700 2264 1037 2336; x_wconf 85' lang='lat' dir='ltr'><strong>teneatur,</strong></span> <span class='ocrx_word' id='word_1_119' title='bbox 1060 2244 1183 2344; x_wconf 91' lang='lat' dir='ltr'><strong>qui</strong></span> <span class='ocrx_word' id='word_1_120' title='bbox 1206 2265 1571 2344; x_wconf 89' lang='lat' dir='ltr'><strong>acceptum</strong></span> <span class='ocrx_word' id='word_1_121' title='bbox 1593 2245 2019 2318; x_wconf 89' lang='lat' dir='ltr'><strong>beneficium</strong></span> <span class='ocrx_word' id='word_1_122' title='bbox 2040 2246 2361 2319; x_wconf 87' lang='lat' dir='ltr'><strong>nondum</strong></span> <span class='ocrx_word' id='word_1_123' title='bbox 2386 2245 2793 2350; x_wconf 76' lang='lat' dir='ltr'><strong>pensaverit,</strong></span> 
     </span>
     <span class='ocr_line' id='line_1_17' title="bbox 703 2359 2796 2465; baseline 0.003 -35"><span class='ocrx_word' id='word_1_124' title='bbox 703 2359 967 2458; x_wconf 85' lang='lat' dir='ltr'><strong>alioqui</strong></span> <span class='ocrx_word' id='word_1_125' title='bbox 1002 2389 1209 2435; x_wconf 90' lang='lat' dir='ltr'><strong>nemo</strong></span> <span class='ocrx_word' id='word_1_126' title='bbox 1235 2384 1368 2452; x_wconf 86' lang='lat' dir='ltr'><strong>est,</strong></span> <span class='ocrx_word' id='word_1_127' title='bbox 1399 2362 1523 2462; x_wconf 90' lang='lat' dir='ltr'><strong>qui</strong></span> <span class='ocrx_word' id='word_1_128' title='bbox 1556 2390 1702 2435; x_wconf 91' lang='lat' dir='ltr'><strong>non</strong></span> <span class='ocrx_word' id='word_1_129' title='bbox 1736 2364 2099 2437; x_wconf 83' lang='lat' dir='ltr'><strong>calumniae</strong></span> <span class='ocrx_word' id='word_1_130' title='bbox 2127 2392 2345 2464; x_wconf 78' lang='lat' dir='ltr'><strong>genus</strong></span> <span class='ocrx_word' id='word_1_131' title='bbox 2373 2365 2585 2465; x_wconf 88' lang='lat' dir='ltr'><strong>possit</strong></span> <span class='ocrx_word' id='word_1_132' title='bbox 2619 2363 2796 2436; x_wconf 86' lang='lat' dir='ltr'><strong>inci-</strong></span> 
     </span>
     <span class='ocr_line' id='line_1_18' title="bbox 705 2475 2788 2578; baseline 0 -31"><span class='ocrx_word' id='word_1_133' title='bbox 705 2475 888 2548; x_wconf 88' lang='lat' dir='ltr'><strong>dere.</strong></span> <span class='ocrx_word' id='word_1_134' title='bbox 906 2477 1088 2548; x_wconf 87' lang='lat' dir='ltr'><strong>Nam</strong></span> <span class='ocrx_word' id='word_1_135' title='bbox 1109 2499 1191 2548; x_wconf 92' lang='lat' dir='ltr'><strong>ut</strong></span> <span class='ocrx_word' id='word_1_136' title='bbox 1207 2476 1612 2577; x_wconf 88' lang='lat' dir='ltr'><strong>hujusmodi</strong></span> <span class='ocrx_word' id='word_1_137' title='bbox 1634 2480 1952 2551; x_wconf 89' lang='lat' dir='ltr'><strong>omittam</strong></span> <span class='ocrx_word' id='word_1_138' title='bbox 1970 2501 2314 2578; x_wconf 87' lang='lat' dir='ltr'><strong>tempora,</strong></span> <span class='ocrx_word' id='word_1_139' title='bbox 2334 2481 2553 2552; x_wconf 85' lang='lat' dir='ltr'><strong>statim</strong></span> <span class='ocrx_word' id='word_1_140' title='bbox 2576 2499 2755 2549; x_wconf 86' lang='lat' dir='ltr'><strong>certe</strong></span> <span class='ocrx_word' id='word_1_141' title='bbox 2768 2535 2788 2568; x_wconf 95' lang='lat'><strong>,</strong></span> 
     </span>
     <span class='ocr_line' id='line_1_19' title="bbox 701 2585 2783 2692; baseline -0 -31"><span class='ocrx_word' id='word_1_142' title='bbox 701 2610 781 2661; x_wconf 89' lang='lat' dir='ltr'><strong>ut</strong></span> <span class='ocrx_word' id='word_1_143' title='bbox 807 2589 1067 2688; x_wconf 87' lang='lat' dir='ltr'><strong>aceepit</strong></span> <span class='ocrx_word' id='word_1_144' title='bbox 1099 2590 1558 2681; x_wconf 86' lang='lat' dir='ltr'><strong>beneficium,</strong></span> <span class='ocrx_word' id='word_1_145' title='bbox 1597 2585 1905 2664; x_wconf 81' lang='lat' dir='ltr'><strong>accusari</strong></span> <span class='ocrx_word' id='word_1_146' title='bbox 1941 2614 2208 2692; x_wconf 89' lang='lat' dir='ltr'><strong>potest:</strong></span> <span class='ocrx_word' id='word_1_147' title='bbox 2248 2593 2558 2665; x_wconf 89' lang='lat' dir='ltr'><strong>nondum</strong></span> <span class='ocrx_word' id='word_1_148' title='bbox 2592 2591 2783 2662; x_wconf 87' lang='lat' dir='ltr'><strong>enim</strong></span> 
     </span>
     <span class='ocr_line' id='line_1_20' title="bbox 702 2703 2785 2807; baseline -0.001 -30"><span class='ocrx_word' id='word_1_149' title='bbox 702 2704 1027 2777; x_wconf 83' lang='lat' dir='ltr'><strong>reddidit.</strong></span> <span class='ocrx_word' id='word_1_150' title='bbox 1060 2704 1273 2793; x_wconf 88' lang='lat' dir='ltr'><strong>Quod</strong></span> <span class='ocrx_word' id='word_1_151' title='bbox 1302 2706 1526 2777; x_wconf 89' lang='lat' dir='ltr'><strong>sinon</strong></span> <span class='ocrx_word' id='word_1_152' title='bbox 1557 2708 1889 2779; x_wconf 88' lang='lat' dir='ltr'><strong>continuo</strong></span> <span class='ocrx_word' id='word_1_153' title='bbox 1918 2710 2225 2807; x_wconf 80' lang='lat' dir='ltr'><strong>ingratus</strong></span> <span class='ocrx_word' id='word_1_154' title='bbox 2255 2730 2377 2797; x_wconf 88' lang='lat' dir='ltr'><strong>est,</strong></span> <span class='ocrx_word' id='word_1_155' title='bbox 2402 2705 2562 2805; x_wconf 89' lang='lat' dir='ltr'><strong>quia</strong></span> <span class='ocrx_word' id='word_1_156' title='bbox 2589 2703 2785 2803; x_wconf 88' lang='lat' dir='ltr'><strong>paria</strong></span> 
     </span>
     <span class='ocr_line' id='line_1_21' title="bbox 701 2818 2789 2919; baseline -0.001 -27"><span class='ocrx_word' id='word_1_157' title='bbox 701 2846 849 2892; x_wconf 90' lang='lat' dir='ltr'><strong>non</strong></span> <span class='ocrx_word' id='word_1_158' title='bbox 890 2819 1053 2892; x_wconf 85' lang='lat' dir='ltr'><strong>fecit</strong></span> <span class='ocrx_word' id='word_1_159' title='bbox 1082 2818 1137 2908; x_wconf 79' lang='lat'><strong>³,</strong></span> <span class='ocrx_word' id='word_1_160' title='bbox 1181 2842 1525 2919; x_wconf 81' lang='lat' dir='ltr'><strong>superest,</strong></span> <span class='ocrx_word' id='word_1_161' title='bbox 1577 2843 1656 2893; x_wconf 92' lang='lat' dir='ltr'><strong>ut</strong></span> <span class='ocrx_word' id='word_1_162' title='bbox 1697 2822 1817 2894; x_wconf 89' lang='lat' dir='ltr'><strong>illa</strong></span> <span class='ocrx_word' id='word_1_163' title='bbox 1860 2823 2060 2895; x_wconf 89' lang='lat' dir='ltr'><strong>nobis</strong></span> <span class='ocrx_word' id='word_1_164' title='bbox 2104 2822 2435 2895; x_wconf 86' lang='lat' dir='ltr'><strong>intuenda</strong></span> <span class='ocrx_word' id='word_1_165' title='bbox 2476 2820 2651 2909; x_wconf 88' lang='lat' dir='ltr'><strong>sint,</strong></span> <span class='ocrx_word' id='word_1_166' title='bbox 2695 2845 2789 2889; x_wconf 92' lang='lat' dir='ltr'><strong>an</strong></span> 
     </span>
     <span class='ocr_line' id='line_1_22' title="bbox 704 2934 2789 3036; baseline -0.001 -30"><span class='ocrx_word' id='word_1_167' title='bbox 704 2934 944 3006; x_wconf 88' lang='lat' dir='ltr'><strong>omnia</strong></span> <span class='ocrx_word' id='word_1_168' title='bbox 971 2935 1268 3033; x_wconf 86' lang='lat' dir='ltr'><strong>praestari</strong></span> <span class='ocrx_word' id='word_1_169' title='bbox 1300 2935 1418 3022; x_wconf 83' lang='lat' dir='ltr'><strong>iis,</strong></span> <span class='ocrx_word' id='word_1_170' title='bbox 1446 2936 1566 3034; x_wconf 93' lang='lat' dir='ltr'><strong>qui</strong></span> <span class='ocrx_word' id='word_1_171' title='bbox 1597 2937 2022 3009; x_wconf 88' lang='lat' dir='ltr'><strong>beneficium</strong></span> <span class='ocrx_word' id='word_1_172' title='bbox 2054 2938 2408 3028; x_wconf 86' lang='lat' dir='ltr'><strong>dederint,</strong></span> <span class='ocrx_word' id='word_1_173' title='bbox 2441 2953 2789 3036; x_wconf 85' lang='lat' dir='ltr'><strong>oporteat:</strong></span> 
     </span>
     <span class='ocr_line' id='line_1_23' title="bbox 703 3048 2797 3153; baseline -0 -32"><span class='ocrx_word' id='word_1_174' title='bbox 703 3076 793 3121; x_wconf 91' lang='lat' dir='ltr'><strong>an</strong></span> <span class='ocrx_word' id='word_1_175' title='bbox 828 3049 936 3140; x_wconf 90' lang='lat' dir='ltr'><strong>id,</strong></span> <span class='ocrx_word' id='word_1_176' title='bbox 969 3048 1053 3121; x_wconf 92' lang='lat' dir='ltr'><strong>de</strong></span> <span class='ocrx_word' id='word_1_177' title='bbox 1079 3078 1219 3147; x_wconf 90' lang='lat' dir='ltr'><strong>quo</strong></span> <span class='ocrx_word' id='word_1_178' title='bbox 1248 3052 1692 3148; x_wconf 75' lang='lat' dir='ltr'><strong>cognoscitiS,</strong></span> <span class='ocrx_word' id='word_1_179' title='bbox 1723 3053 2023 3152; x_wconf 86' lang='lat' dir='ltr'><strong>praestari</strong></span> <span class='ocrx_word' id='word_1_180' title='bbox 2051 3054 2472 3153; x_wconf 83' lang='lat' dir='ltr'><strong>oportuerit3</strong></span> <span class='ocrx_word' id='word_1_181' title='bbox 2507 3078 2587 3123; x_wconf 86' lang='lat' dir='ltr'><strong>ac</strong></span> <span class='ocrx_word' id='word_1_182' title='bbox 2621 3068 2797 3148; x_wconf 90' lang='lat' dir='ltr'><strong>post·</strong></span> 
     </span>
    </p>
   </div>
   <div class='ocr_carea' id='block_1_3' title="bbox 694 3180 2791 3337">
    <p class='ocr_par' dir='ltr' id='par_1_3' title="bbox 694 3180 2791 3337">
     <span class='ocr_line' id='line_1_24' title="bbox 781 3180 2791 3260; baseline -0 -27"><span class='ocrx_word' id='word_1_183' title='bbox 781 3199 825 3233; x_wconf 83' lang='lat'><strong>1.</strong></span> <span class='ocrx_word' id='word_1_184' title='bbox 860 3180 1037 3247; x_wconf 81' lang='lat' dir='ltr'><strong>Falsa,</strong></span> <span class='ocrx_word' id='word_1_185' title='bbox 1065 3200 1238 3233; x_wconf 84' lang='lat' dir='ltr'><strong>verum</strong></span> <span class='ocrx_word' id='word_1_186' title='bbox 1262 3183 1556 3234; x_wconf 75' lang='lat' dir='ltr'><strong>criminosa.</strong></span> <span class='ocrx_word' id='word_1_187' title='bbox 1595 3186 1706 3251; x_wconf 82' lang='lat' dir='ltr'><strong>An,</strong></span> <span class='ocrx_word' id='word_1_188' title='bbox 1788 3205 1894 3238; x_wconf 78' lang='lat' dir='ltr'><strong>non</strong></span> <span class='ocrx_word' id='word_1_189' title='bbox 1928 3188 1984 3238; x_wconf 83' lang='grc' dir='ltr'><strong>ἰη</strong></span> <span class='ocrx_word' id='word_1_190' title='bbox 2016 3185 2299 3238; x_wconf 69' lang='lat' dir='ltr'><strong>calumnia·</strong></span> <span class='ocrx_word' id='word_1_191' title='bbox 2326 3207 2381 3260; x_wconf 76' lang='lat'><strong>9.</strong></span> <span class='ocrx_word' id='word_1_192' title='bbox 2406 3206 2463 3257; x_wconf 80' lang='lat' dir='ltr'><strong>p.</strong></span> <span class='ocrx_word' id='word_1_193' title='bbox 2505 3186 2536 3235; x_wconf 83' lang='grc' dir='ltr'><strong>ι’.</strong></span> <span class='ocrx_word' id='word_1_194' title='bbox 2574 3183 2791 3245; x_wconf 65' lang='lat' dir='ltr'><strong>Senum,</strong></span> 
     </span>
     <span class='ocr_line' id='line_1_25' title="bbox 694 3258 2791 3337; baseline 0.002 -29"><span class='ocrx_word' id='word_1_195' title='bbox 694 3258 960 3330; x_wconf 81' lang='lat' dir='ltr'><strong>falsarum</strong></span> <span class='ocrx_word' id='word_1_196' title='bbox 990 3279 1156 3311; x_wconf 79' lang='lat' dir='ltr'><strong>rerum</strong></span> <span class='ocrx_word' id='word_1_197' title='bbox 1190 3260 1414 3312; x_wconf 77' lang='lat' dir='ltr'><strong>crimina</strong></span> <span class='ocrx_word' id='word_1_198' title='bbox 1443 3274 1561 3314; x_wconf 81' lang='lat' dir='ltr'><strong>sunt</strong></span> <span class='ocrx_word' id='word_1_199' title='bbox 1588 3280 1708 3312; x_wconf 82' lang='lat' dir='ltr'><strong>con·</strong></span> <span class='ocrx_word' id='word_1_200' title='bbox 1786 3266 1853 3316; x_wconf 88' lang='lat' dir='ltr'><strong>Et</strong></span> <span class='ocrx_word' id='word_1_201' title='bbox 1880 3266 1979 3336; x_wconf 75' lang='lat' dir='ltr'><strong>Qui</strong></span> <span class='ocrx_word' id='word_1_202' title='bbox 2002 3284 2109 3317; x_wconf 75' lang='lat' dir='ltr'><strong>non</strong></span> <span class='ocrx_word' id='word_1_203' title='bbox 2132 3266 2189 3316; x_wconf 82' lang='lat' dir='ltr'><strong>t&#39;n</strong></span> <span class='ocrx_word' id='word_1_204' title='bbox 2215 3264 2310 3316; x_wconf 81' lang='lat' dir='ltr'><strong>hoc</strong></span> <span class='ocrx_word' id='word_1_205' title='bbox 2334 3262 2435 3315; x_wconf 82' lang='lat' dir='ltr'><strong>cal.</strong></span> <span class='ocrx_word' id='word_1_206' title='bbox 2458 3283 2514 3337; x_wconf 72' lang='lat'><strong>9.</strong></span> <span class='ocrx_word' id='word_1_207' title='bbox 2541 3281 2597 3335; x_wconf 82' lang='lat' dir='ltr'><strong>p.</strong></span> <span class='ocrx_word' id='word_1_208' title='bbox 2627 3262 2660 3311; x_wconf 86' lang='grc' dir='ltr'><strong>ἰ.</strong></span> <span class='ocrx_word' id='word_1_209' title='bbox 2690 3262 2791 3313; x_wconf 81' lang='lat' dir='ltr'><strong>AEr.</strong></span> 
     </span>
    </p>
   </div>
   <div class='ocr_carea' id='block_1_4' title="bbox 690 3335 2797 3568">
    <p class='ocr_par' dir='ltr' id='par_1_4' title="bbox 690 3335 2797 3568">
     <span class='ocr_line' id='line_1_26' title="bbox 690 3335 2797 3414; baseline 0 -24"><span class='ocrx_word' id='word_1_210' title='bbox 690 3335 828 3411; x_wconf 82' lang='lat' dir='ltr'><strong>ficta</strong></span> <span class='ocrx_word' id='word_1_211' title='bbox 846 3360 860 3387; x_wconf 92' lang='grc'><strong>.·</strong></span> <span class='ocrx_word' id='word_1_212' title='bbox 881 3338 974 3392; x_wconf 84' lang='lat' dir='ltr'><strong>sed</strong></span> <span class='ocrx_word' id='word_1_213' title='bbox 995 3354 1046 3391; x_wconf 89' lang='lat' dir='ltr'><strong>et</strong></span> <span class='ocrx_word' id='word_1_214' title='bbox 1066 3341 1275 3410; x_wconf 74' lang='lat' dir='ltr'><strong>vulgata</strong></span> <span class='ocrx_word' id='word_1_215' title='bbox 1295 3356 1473 3412; x_wconf 88' lang='lat' dir='ltr'><strong>potest</strong></span> <span class='ocrx_word' id='word_1_216' title='bbox 1493 3346 1703 3413; x_wconf 80' lang='lat' dir='ltr'><strong>exponi.</strong></span> <span class='ocrx_word' id='word_1_217' title='bbox 1858 3343 1911 3394; x_wconf 89' lang='grc'><strong>3.</strong></span> <span class='ocrx_word' id='word_1_218' title='bbox 1950 3343 2098 3414; x_wconf 79' lang='lat' dir='ltr'><strong>Quod</strong></span> <span class='ocrx_word' id='word_1_219' title='bbox 2124 3344 2168 3395; x_wconf 76' lang='lat' dir='ltr'><strong>si</strong></span> <span class='ocrx_word' id='word_1_220' title='bbox 2200 3359 2305 3395; x_wconf 83' lang='lat' dir='ltr'><strong>non</strong></span> <span class='ocrx_word' id='word_1_221' title='bbox 2339 3344 2585 3394; x_wconf 79' lang='lat' dir='ltr'><strong>continuo</strong></span> <span class='ocrx_word' id='word_1_222' title='bbox 2620 3342 2797 3414; x_wconf 73' lang='lat' dir='ltr'><strong>inqu-a-</strong></span> 
     </span>
     <span class='ocr_line' id='line_1_27' title="bbox 705 3417 2791 3493; baseline 0 -24"><span class='ocrx_word' id='word_1_223' title='bbox 705 3417 1117 3469; x_wconf 59' lang='lat' dir='ltr'><strong>Sca—Invidia.-</strong></span> <span class='ocrx_word' id='word_1_224' title='bbox 1131 3429 1303 3470; x_wconf 81' lang='lat' dir='ltr'><strong>tamen</strong></span> <span class='ocrx_word' id='word_1_225' title='bbox 1314 3419 1492 3492; x_wconf 83' lang='lat' dir='ltr'><strong>plena.</strong></span> <span class='ocrx_word' id='word_1_226' title='bbox 1510 3421 1707 3471; x_wconf 85' lang='lat' dir='ltr'><strong>Tamen</strong></span> <span class='ocrx_word' id='word_1_227' title='bbox 1790 3432 1896 3486; x_wconf 79' lang='lat' dir='ltr'><strong>tus,</strong></span> <span class='ocrx_word' id='word_1_228' title='bbox 1925 3424 2050 3493; x_wconf 80' lang='lat' dir='ltr'><strong>quia</strong></span> <span class='ocrx_word' id='word_1_229' title='bbox 2077 3422 2230 3492; x_wconf 77' lang='lat' dir='ltr'><strong>paria</strong></span> <span class='ocrx_word' id='word_1_230' title='bbox 2264 3440 2369 3472; x_wconf 82' lang='lat' dir='ltr'><strong>uon</strong></span> <span class='ocrx_word' id='word_1_231' title='bbox 2392 3420 2546 3493; x_wconf 81' lang='lat' dir='ltr'><strong>fecit.</strong></span> <span class='ocrx_word' id='word_1_232' title='bbox 2576 3422 2791 3472; x_wconf 82' lang='lat' dir='ltr'><strong>Aristot.</strong></span> 
     </span>
     <span class='ocr_line' id='line_1_28' title="bbox 705 3494 2797 3568; baseline 0 -21"><span class='ocrx_word' id='word_1_233' title='bbox 705 3515 816 3548; x_wconf 89' lang='lat' dir='ltr'><strong>non</strong></span> <span class='ocrx_word' id='word_1_234' title='bbox 838 3494 1001 3546; x_wconf 84' lang='lat' dir='ltr'><strong>habet</strong></span> <span class='ocrx_word' id='word_1_235' title='bbox 1024 3496 1203 3547; x_wconf 83' lang='lat' dir='ltr'><strong>AErod.</strong></span> <span class='ocrx_word' id='word_1_236' title='bbox 1786 3499 1878 3551; x_wconf 90' lang='lat' dir='ltr'><strong>lib.</strong></span> <span class='ocrx_word' id='word_1_237' title='bbox 1900 3502 2016 3551; x_wconf 81' lang='lat' dir='ltr'><strong>vul</strong></span> <span class='ocrx_word' id='word_1_238' title='bbox 2046 3500 2112 3552; x_wconf 88' lang='lat' dir='ltr'><strong>de</strong></span> <span class='ocrx_word' id='word_1_239' title='bbox 2139 3499 2407 3552; x_wconf 85' lang='lat' dir='ltr'><strong>Moribus:</strong></span> <span class='ocrx_word' id='word_1_240' title='bbox 2445 3522 2466 3546; x_wconf 75' lang='grc' dir='ltr'><strong><em>κ</em></strong></span> <span class='ocrx_word' id='word_1_241' title='bbox 2485 3498 2689 3568; x_wconf 76' lang='lat' dir='ltr'><strong>Exigit,</strong></span> <span class='ocrx_word' id='word_1_242' title='bbox 2714 3499 2797 3548; x_wconf 80' lang='lat' dir='ltr'><strong>in·</strong></span> 
     </span>
    </p>
   </div>
   <div class='ocr_carea' id='block_1_5' title="bbox 701 3575 2794 4289">
    <p class='ocr_par' dir='ltr' id='par_1_5' title="bbox 701 3575 2794 4289">
     <span class='ocr_line' id='line_1_29' title="bbox 777 3575 2793 3650; baseline 0 -23"><span class='ocrx_word' id='word_1_243' title='bbox 777 3593 826 3627; x_wconf 77' lang='lat'><strong>2.</strong></span> <span class='ocrx_word' id='word_1_244' title='bbox 861 3575 917 3626; x_wconf 77' lang='lat' dir='ltr'><strong>Si</strong></span> <span class='ocrx_word' id='word_1_245' title='bbox 933 3575 1161 3646; x_wconf 80' lang='lat' dir='ltr'><strong>fortuna</strong></span> <span class='ocrx_word' id='word_1_246' title='bbox 1195 3575 1565 3647; x_wconf 76' lang='lat' dir='ltr'><strong>infelicissima.</strong></span> <span class='ocrx_word' id='word_1_247' title='bbox 1591 3579 1673 3630; x_wconf 86' lang='lat' dir='ltr'><strong>An</strong></span> <span class='ocrx_word' id='word_1_248' title='bbox 1689 3617 1706 3644; x_wconf 89' lang='lat'><strong>.,</strong></span> <span class='ocrx_word' id='word_1_249' title='bbox 1793 3601 1814 3624; x_wconf 74' lang='grc' dir='ltr'><em>υ</em></span> <span class='ocrx_word' id='word_1_250' title='bbox 1839 3580 1981 3650; x_wconf 84' lang='lat' dir='ltr'><strong>quit,</strong></span> <span class='ocrx_word' id='word_1_251' title='bbox 2007 3581 2264 3644; x_wconf 82' lang='lat' dir='ltr'><strong>amicitia,</strong></span> <span class='ocrx_word' id='word_1_252' title='bbox 2290 3599 2400 3631; x_wconf 84' lang='lat' dir='ltr'><strong>non</strong></span> <span class='ocrx_word' id='word_1_253' title='bbox 2422 3592 2681 3649; x_wconf 84' lang='lat' dir='ltr'><strong>quantum</strong></span> <span class='ocrx_word' id='word_1_254' title='bbox 2699 3576 2793 3628; x_wconf 85' lang='lat' dir='ltr'><strong>de-</strong></span> 
     </span>
     <span class='ocr_line' id='line_1_30' title="bbox 703 3654 2794 3730; baseline -0 -24"><span class='ocrx_word' id='word_1_255' title='bbox 703 3654 1116 3728; x_wconf 73' lang='lat' dir='ltr'><strong>infelict&#39;sst&#39;mum</strong></span> <span class='ocrx_word' id='word_1_256' title='bbox 1137 3674 1220 3706; x_wconf 86' lang='lat' dir='ltr'><strong>me</strong></span> <span class='ocrx_word' id='word_1_257' title='bbox 1237 3656 1306 3706; x_wconf 81' lang='lat' dir='ltr'><strong>ad</strong></span> <span class='ocrx_word' id='word_1_258' title='bbox 1326 3655 1433 3707; x_wconf 81' lang='lat' dir='ltr'><strong>haec</strong></span> <span class='ocrx_word' id='word_1_259' title='bbox 1448 3655 1627 3729; x_wconf 78' lang='lat' dir='ltr'><strong>officia</strong></span> <span class='ocrx_word' id='word_1_260' title='bbox 1644 3668 1703 3709; x_wconf 78' lang='lat' dir='ltr'><strong>st.</strong></span> <span class='ocrx_word' id='word_1_261' title='bbox 1795 3680 1816 3704; x_wconf 81' lang='grc' dir='ltr'><strong>ιι</strong></span> <span class='ocrx_word' id='word_1_262' title='bbox 1837 3657 2010 3724; x_wconf 86' lang='lat' dir='ltr'><strong>betur,</strong></span> <span class='ocrx_word' id='word_1_263' title='bbox 2036 3659 2129 3710; x_wconf 90' lang='lat' dir='ltr'><strong>sed</strong></span> <span class='ocrx_word' id='word_1_264' title='bbox 2155 3673 2411 3730; x_wconf 82' lang='lat' dir='ltr'><strong>quantum</strong></span> <span class='ocrx_word' id='word_1_265' title='bbox 2434 3657 2669 3728; x_wconf 66' lang='lat' dir='ltr'><strong>praestari</strong></span> <span class='ocrx_word' id='word_1_266' title='bbox 2693 3674 2794 3727; x_wconf 89' lang='lat' dir='ltr'><strong>po-</strong></span> 
     </span>
     <span class='ocr_line' id='line_1_31' title="bbox 703 3731 2792 3809; baseline -0.002 -22"><span class='ocrx_word' id='word_1_267' title='bbox 703 3755 775 3787; x_wconf 87' lang='lat' dir='ltr'><strong>m.</strong></span> <span class='ocrx_word' id='word_1_268' title='bbox 824 3755 908 3786; x_wconf 84' lang='lat' dir='ltr'><strong>me</strong></span> <span class='ocrx_word' id='word_1_269' title='bbox 953 3735 1119 3809; x_wconf 63' lang='lat' dir='ltr'><strong>coegit</strong></span> <span class='ocrx_word' id='word_1_270' title='bbox 1135 3774 1152 3802; x_wconf 84' lang='lat'><strong>,</strong></span> <span class='ocrx_word' id='word_1_271' title='bbox 1201 3736 1376 3787; x_wconf 82' lang='lat' dir='ltr'><strong>officia</strong></span> <span class='ocrx_word' id='word_1_272' title='bbox 1425 3736 1710 3788; x_wconf 85' lang='lat' dir='ltr'><strong>accusandi</strong></span> <span class='ocrx_word' id='word_1_273' title='bbox 1796 3759 1817 3780; x_wconf 73' lang='grc' dir='ltr'><em>α</em></span> <span class='ocrx_word' id='word_1_274' title='bbox 1841 3750 1957 3789; x_wconf 86' lang='lat' dir='ltr'><strong>test.</strong></span> <span class='ocrx_word' id='word_1_275' title='bbox 1983 3737 2168 3808; x_wconf 86' lang='lat' dir='ltr'><strong>Neque</strong></span> <span class='ocrx_word' id='word_1_276' title='bbox 2194 3733 2333 3788; x_wconf 75' lang='lat' dir='ltr'><strong>enim</strong></span> <span class='ocrx_word' id='word_1_277' title='bbox 2357 3753 2563 3806; x_wconf 88' lang='lat' dir='ltr'><strong>semper</strong></span> <span class='ocrx_word' id='word_1_278' title='bbox 2591 3733 2647 3784; x_wconf 87' lang='lat' dir='ltr'><strong>id</strong></span> <span class='ocrx_word' id='word_1_279' title='bbox 2678 3731 2792 3784; x_wconf 83' lang='lat' dir='ltr'><strong>fieri</strong></span> 
     </span>
     <span class='ocr_line' id='line_1_32' title="bbox 701 3815 2791 3890; baseline -0.002 -21"><span class='ocrx_word' id='word_1_280' title='bbox 701 3820 930 3889; x_wconf 85' lang='lat' dir='ltr'><strong>primum</strong></span> <span class='ocrx_word' id='word_1_281' title='bbox 954 3830 1268 3888; x_wconf 84' lang='lat' dir='ltr'><strong>patronum,</strong></span> <span class='ocrx_word' id='word_1_282' title='bbox 1293 3816 1413 3868; x_wconf 89' lang='lat' dir='ltr'><strong>dein</strong></span> <span class='ocrx_word' id='word_1_283' title='bbox 1443 3835 1498 3868; x_wconf 83' lang='lat' dir='ltr'><strong>se</strong></span> <span class='ocrx_word' id='word_1_284' title='bbox 1522 3815 1708 3868; x_wconf 87' lang='lat' dir='ltr'><strong>defen·</strong></span> <span class='ocrx_word' id='word_1_285' title='bbox 1796 3840 1817 3863; x_wconf 80' lang='grc' dir='ltr'><strong>ιι</strong></span> <span class='ocrx_word' id='word_1_286' title='bbox 1839 3819 2030 3888; x_wconf 83' lang='lat' dir='ltr'><strong>possit,</strong></span> <span class='ocrx_word' id='word_1_287' title='bbox 2056 3831 2116 3869; x_wconf 88' lang='lat' dir='ltr'><strong>ut</strong></span> <span class='ocrx_word' id='word_1_288' title='bbox 2138 3837 2259 3890; x_wconf 77' lang='lat' dir='ltr'><strong>erga</strong></span> <span class='ocrx_word' id='word_1_289' title='bbox 2284 3816 2415 3868; x_wconf 80' lang='lat' dir='ltr'><strong>deos</strong></span> <span class='ocrx_word' id='word_1_290' title='bbox 2440 3830 2492 3867; x_wconf 90' lang='lat' dir='ltr'><strong>et</strong></span> <span class='ocrx_word' id='word_1_291' title='bbox 2514 3829 2791 3886; x_wconf 83' lang='lat' dir='ltr'><strong>parentes,</strong></span> 
     </span>
     <span class='ocr_line' id='line_1_33' title="bbox 705 3897 2794 3970; baseline -0.002 -21"><span class='ocrx_word' id='word_1_292' title='bbox 705 3897 893 3966; x_wconf 89' lang='lat' dir='ltr'><strong>dendi,</strong></span> <span class='ocrx_word' id='word_1_293' title='bbox 920 3917 1028 3970; x_wconf 88' lang='lat' dir='ltr'><strong>quo</strong></span> <span class='ocrx_word' id='word_1_294' title='bbox 1055 3918 1198 3949; x_wconf 87' lang='lat' dir='ltr'><strong>nunc</strong></span> <span class='ocrx_word' id='word_1_295' title='bbox 1223 3900 1376 3949; x_wconf 82' lang='lat' dir='ltr'><strong>etiam</strong></span> <span class='ocrx_word' id='word_1_296' title='bbox 1403 3912 1612 3969; x_wconf 85' lang='lat' dir='ltr'><strong>poterat</strong></span> <span class='ocrx_word' id='word_1_297' title='bbox 1635 3899 1709 3950; x_wconf 84' lang='lat' dir='ltr'><strong>of·</strong></span> <span class='ocrx_word' id='word_1_298' title='bbox 1795 3918 1818 3941; x_wconf 70' lang='grc' dir='ltr'>ι</span> <span class='ocrx_word' id='word_1_299' title='bbox 1839 3897 2032 3968; x_wconf 75' lang='lat' dir='ltr'><strong>quibus</strong></span> <span class='ocrx_word' id='word_1_300' title='bbox 2058 3916 2212 3948; x_wconf 83' lang='lat' dir='ltr'><strong>nemo</strong></span> <span class='ocrx_word' id='word_1_301' title='bbox 2238 3914 2420 3968; x_wconf 85' lang='lat' dir='ltr'><strong>parem</strong></span> <span class='ocrx_word' id='word_1_302' title='bbox 2447 3912 2682 3965; x_wconf 85' lang='lat' dir='ltr'><strong>unquam</strong></span> <span class='ocrx_word' id='word_1_303' title='bbox 2710 3912 2794 3944; x_wconf 82' lang='lat' dir='ltr'><strong>re-</strong></span> 
     </span>
     <span class='ocr_line' id='line_1_34' title="bbox 703 3972 2792 4049; baseline -0.002 -22"><span class='ocrx_word' id='word_1_304' title='bbox 703 3977 948 4029; x_wconf 83' lang='lat' dir='ltr'><strong>fendere:</strong></span> <span class='ocrx_word' id='word_1_305' title='bbox 976 3996 1068 4028; x_wconf 87' lang='lat' dir='ltr'><strong>an:</strong></span> <span class='ocrx_word' id='word_1_306' title='bbox 1093 3978 1164 4028; x_wconf 82' lang='lat' dir='ltr'><strong>ad</strong></span> <span class='ocrx_word' id='word_1_307' title='bbox 1186 3977 1292 4028; x_wconf 85' lang='lat' dir='ltr'><strong>hoec</strong></span> <span class='ocrx_word' id='word_1_308' title='bbox 1311 3975 1546 4047; x_wconf 80' lang='lat' dir='ltr'><strong>pericula</strong></span> <span class='ocrx_word' id='word_1_309' title='bbox 1568 3995 1605 4028; x_wconf 84' lang='lat' dir='ltr'><strong>s.</strong></span> <span class='ocrx_word' id='word_1_310' title='bbox 1633 3997 1703 4028; x_wconf 88' lang='lat' dir='ltr'><strong>m.</strong></span> <span class='ocrx_word' id='word_1_311' title='bbox 1795 4000 1816 4023; x_wconf 80' lang='grc' dir='ltr'><strong>ιι</strong></span> <span class='ocrx_word' id='word_1_312' title='bbox 1838 3977 1956 4028; x_wconf 79' lang='lat' dir='ltr'><strong>tulit</strong></span> <span class='ocrx_word' id='word_1_313' title='bbox 1970 3979 2221 4049; x_wconf 76' lang='lat' dir='ltr'><strong>gratiam:</strong></span> <span class='ocrx_word' id='word_1_314' title='bbox 2251 3991 2301 4029; x_wconf 86' lang='lat' dir='ltr'><strong>et</strong></span> <span class='ocrx_word' id='word_1_315' title='bbox 2317 3990 2492 4028; x_wconf 83' lang='lat' dir='ltr'><strong>tamen</strong></span> <span class='ocrx_word' id='word_1_316' title='bbox 2508 3977 2599 4045; x_wconf 89' lang='lat' dir='ltr'><strong>qui</strong></span> <span class='ocrx_word' id='word_1_317' title='bbox 2615 3972 2792 4044; x_wconf 82' lang='lat' dir='ltr'><strong>quoad</strong></span> 
     </span>
     <span class='ocr_line' id='line_1_35' title="bbox 703 4054 2789 4129; baseline -0.004 -21"><span class='ocrx_word' id='word_1_318' title='bbox 703 4077 787 4108; x_wconf 88' lang='lat' dir='ltr'><strong>me</strong></span> <span class='ocrx_word' id='word_1_319' title='bbox 808 4058 1034 4108; x_wconf 77' lang='lat' dir='ltr'><strong>deduxit.</strong></span> <span class='ocrx_word' id='word_1_320' title='bbox 1059 4059 1275 4110; x_wconf 72' lang='lat' dir='ltr'><strong>Senum.</strong></span> <span class='ocrx_word' id='word_1_321' title='bbox 1297 4088 1368 4098; x_wconf 88' lang='lat'><strong>—-</strong></span> <span class='ocrx_word' id='word_1_322' title='bbox 1384 4059 1538 4129; x_wconf 83' lang='lat' dir='ltr'><strong>Spem</strong></span> <span class='ocrx_word' id='word_1_323' title='bbox 1553 4057 1707 4127; x_wconf 78' lang='lat' dir='ltr'><strong>futu·</strong></span> <span class='ocrx_word' id='word_1_324' title='bbox 1792 4078 1814 4102; x_wconf 75' lang='grc' dir='ltr'><strong><em>κ</em></strong></span> <span class='ocrx_word' id='word_1_325' title='bbox 1837 4058 1946 4125; x_wconf 89' lang='lat' dir='ltr'><strong>ejus</strong></span> <span class='ocrx_word' id='word_1_326' title='bbox 1978 4058 2091 4108; x_wconf 83' lang='lat' dir='ltr'><strong>fieri</strong></span> <span class='ocrx_word' id='word_1_327' title='bbox 2113 4070 2322 4128; x_wconf 82' lang='lat' dir='ltr'><strong>potest,</strong></span> <span class='ocrx_word' id='word_1_328' title='bbox 2357 4054 2602 4106; x_wconf 84' lang='lat' dir='ltr'><strong>observat</strong></span> <span class='ocrx_word' id='word_1_329' title='bbox 2624 4069 2713 4103; x_wconf 83' lang='lat' dir='ltr'><strong>eos</strong></span> <span class='ocrx_word' id='word_1_330' title='bbox 2737 4062 2789 4101; x_wconf 82' lang='lat' dir='ltr'><strong>et</strong></span> 
     </span>
     <span class='ocr_line' id='line_1_36' title="bbox 704 4130 2787 4209; baseline -0.004 -18"><span class='ocrx_word' id='word_1_331' title='bbox 704 4158 834 4192; x_wconf 84' lang='lat' dir='ltr'><strong>ram.</strong></span> <span class='ocrx_word' id='word_1_332' title='bbox 863 4142 1030 4209; x_wconf 73' lang='lat' dir='ltr'><strong>Lege,</strong></span> <span class='ocrx_word' id='word_1_333' title='bbox 1049 4139 1267 4209; x_wconf 79' lang='lat' dir='ltr'><strong>futur-ce.</strong></span> <span class='ocrx_word' id='word_1_334' title='bbox 1295 4139 1532 4190; x_wconf 73' lang='lat' dir='ltr'><strong>Gnouov.</strong></span> <span class='ocrx_word' id='word_1_335' title='bbox 1561 4140 1705 4190; x_wconf 86' lang='lat' dir='ltr'><strong>etita</strong></span> <span class='ocrx_word' id='word_1_336' title='bbox 1794 4161 1815 4184; x_wconf 79' lang='grc' dir='ltr'><strong>ιι</strong></span> <span class='ocrx_word' id='word_1_337' title='bbox 1836 4137 1994 4202; x_wconf 81' lang='lat' dir='ltr'><strong>colit,</strong></span> <span class='ocrx_word' id='word_1_338' title='bbox 2028 4141 2070 4191; x_wconf 87' lang='lat' dir='ltr'><strong>is</strong></span> <span class='ocrx_word' id='word_1_339' title='bbox 2100 4140 2177 4189; x_wconf 84' lang='lat' dir='ltr'><strong>vir</strong></span> <span class='ocrx_word' id='word_1_340' title='bbox 2204 4137 2379 4189; x_wconf 82' lang='lat' dir='ltr'><strong>bonus</strong></span> <span class='ocrx_word' id='word_1_341' title='bbox 2407 4149 2458 4186; x_wconf 88' lang='lat' dir='ltr'><strong>et</strong></span> <span class='ocrx_word' id='word_1_342' title='bbox 2486 4148 2665 4206; x_wconf 79' lang='lat' dir='ltr'><strong>gratus</strong></span> <span class='ocrx_word' id='word_1_343' title='bbox 2690 4130 2787 4183; x_wconf 87' lang='lat' dir='ltr'><strong>ha·</strong></span> 
     </span>
     <span class='ocr_line' id='line_1_37' title="bbox 704 4213 2793 4289; baseline -0.006 -15"><span class='ocrx_word' id='word_1_344' title='bbox 704 4219 834 4274; x_wconf 82' lang='lat' dir='ltr'><strong>Obr.</strong></span> <span class='ocrx_word' id='word_1_345' title='bbox 872 4248 942 4257; x_wconf 92' lang='lat'><strong>——</strong></span> <span class='ocrx_word' id='word_1_346' title='bbox 983 4220 1086 4289; x_wconf 76' lang='lat' dir='ltr'><strong>Qui</strong></span> <span class='ocrx_word' id='word_1_347' title='bbox 1121 4238 1227 4273; x_wconf 76' lang='lat' dir='ltr'><strong>uon</strong></span> <span class='ocrx_word' id='word_1_348' title='bbox 1265 4219 1560 4272; x_wconf 68' lang='lat' dir='ltr'><strong>calumniae.</strong></span> <span class='ocrx_word' id='word_1_349' title='bbox 1609 4221 1709 4289; x_wconf 76' lang='lat' dir='ltr'><strong>Qui</strong></span> <span class='ocrx_word' id='word_1_350' title='bbox 1793 4239 1815 4262; x_wconf 77' lang='grc' dir='ltr'><strong>«ι</strong></span> <span class='ocrx_word' id='word_1_351' title='bbox 1834 4215 2040 4269; x_wconf 84' lang='lat' dir='ltr'><strong>bendus</strong></span> <span class='ocrx_word' id='word_1_352' title='bbox 2059 4230 2185 4270; x_wconf 82' lang='lat' dir='ltr'><strong>est.»</strong></span> <span class='ocrx_word' id='word_1_353' title='bbox 2205 4216 2340 4287; x_wconf 78' lang='lat' dir='ltr'><strong>Quia</strong></span> <span class='ocrx_word' id='word_1_354' title='bbox 2352 4216 2522 4287; x_wconf 77' lang='lat' dir='ltr'><strong>paria.</strong></span> <span class='ocrx_word' id='word_1_355' title='bbox 2541 4214 2659 4284; x_wconf 76' lang='lat' dir='ltr'><strong>Qui.</strong></span> <span class='ocrx_word' id='word_1_356' title='bbox 2675 4213 2793 4265; x_wconf 78' lang='lat' dir='ltr'><strong>Seu.</strong></span> 
     </span>
    </p>
   </div>
  </div>
 </body>
</html>
