3200 5117
800 555 935 637 436
1309 552 1405 615 M.
1445 513 1706 613 'FAnn
1752 547 2388 631 QU1NT1L1AN1

795 682 946 744 Non
993 693 1213 741 tamen
1261 669 1722 762 praetereunda
1767 688 1922 737 sunt
1966 672 2112 751 illa,
2162 671 2467 762 quamvis
2516 673 2897 739 communia

796 805 951 848 cum
994 780 1137 845 aliis
1180 776 1645 844 controversiis
1694 776 1957 865 generis
2001 775 2237 867 hujus,
2281 798 2432 866 quae
2472 777 2642 843 cirea
2682 778 2898 865 ipsam

797 890 1233 980 quaestionem
1251 883 1605 950 dementiae
1621 899 1986 950 versantur.
2005 883 2406 972 Negabimus
2421 886 2596 950 enim
2618 886 2896 951 crimine

756 1019 932 1062 ·uno
979 1016 1172 1083 posse
1219 988 1634 1079 deprehendi
1686 988 2141 1054 dementiam:
2187 1005 2255 1055 et
2304 989 2435 1055 hoc
2478 991 2896 1080 propositum

793 1119 1096 1167 nostrum
1135 1095 1595 1188 adjuvabimus
1640 1093 1977 1175 finitione,
2013 1112 2087 1160 ut
2123 1094 2451 1177 dicamus,
2489 1095 2894 1163 dementiam

794 1233 937 1275 esse
972 1208 1263 1273 ablatum
1296 1226 1519 1268 rerum
1557 1203 1856 1268 omnium
1901 1201 2350 1268 intellectum:
2389 1204 2643 1294 alioqui
2680 1207 2893 1270 nemi-

792 1338 947 1380 nem
976 1331 1110 1378 tam
1144 1310 1404 1376 felicem
1421 1359 1439 1389 ,
1470 1309 1584 1398 qui
1618 1331 1752 1374 non
1780 1309 2003 1396 aliqua
2026 1308 2415 1396 poenitentia
2441 1308 2637 1399 digna
2665 1310 2891 1390 faciat,

795 1420 909 1511 qui
936 1442 1071 1483 non
1101 1415 1435 1506 subjectu&
1462 1413 1544 1478 sit
1572 1413 1815 1478 errori:
1844 1430 1912 1477 et
1941 1412 2073 1477 hoc
2096 1415 2441 1502 proprium
2464 1438 2600 1481 non
2626 1414 2894 1481 demen-

794 1528 878 1592 tis
919 1547 1095 1603 esse,
1120 1544 1354 1587 verum
1393 1519 1703 1584 hominis.
1747 1521 1962 1606 Atque
2000 1516 2084 1583 ad
2123 1517 2281 1598 hoc,
2317 1518 2500 1609 quod
2539 1543 2891 1586 commune

795 1656 948 1699 cum
987 1627 1294 1697 omnibus
1327 1643 1461 1705 est,
1503 1623 1756 1715 aliquid
1797 1625 1996 1690 etiam
2034 1627 2305 1715 proprie
2345 1626 2886 1715 ¹applicabimus,

797 1736 979 1829 quod
1006 1739 1148 1830 ejus
1173 1736 1430 1826 generis
1459 1733 1702 1800 dicitur
1727 1731 2063 1800 dementia
2087 1756 2262 1813 esse,
2290 1734 2374 1801 de
2408 1757 2538 1824 qua
2564 1733 2888 1825 judicium

798 1865 930 1926 est,
974 1863 1051 1912 ut
1093 1841 1431 1910 emendari
1474 1863 1612 1906 uno
1651 1840 1859 1906 verbo
1904 1842 2172 1929 possit².
2223 1844 2429 1907 Porro
2471 1865 2683 1933 quum
2723 1841 2890 1909 adeo

794 1953 1174 2018 confessum
1211 1950 1330 2029 sit,
1370 1945 1779 2014 dementiam
1814 1970 1950 2011 non
1987 1969 2182 2036 posse
2215 1949 2465 2027 curari,
2497 1964 2573 2013 ut
2607 1971 2693 2014 ne
2729 1948 2892 2014 illud

797 2055 1072 2149 quidem
1093 2054 1314 2121 adhuc
1332 2054 1614 2119 inveniri
1634 2054 1925 2143 potuerit
1938 2102 1956 2132 ,
1978 2075 2128 2142 quae
2147 2075 2341 2120 causa
2361 2054 2606 2120 faceret
2625 2055 2892 2120 demen-

796 2165 986 2242 tiam,
1013 2162 1126 2227 ubi
1151 2163 1410 2227 animus
1435 2158 1899 2226 consisteret³z
1927 2161 2231 2250 profecto
2255 2183 2390 2226 non
2412 2163 2660 2251 poterit
2682 2162 2889 2228 videri

799 2268 1130 2337 dementia
1149 2317 1165 2347 ,
1191 2289 1340 2357 quae
1364 2283 1463 2332 est
1493 2268 1563 2331 in
1589 2264 1879 2331 hominis
1903 2280 2249 2357 potestate.

1492 2485 2199 2553 DECLAMATIO.

896 2668 968 2740 Si
1015 2688 1326 2741 exoratus
1367 2669 1606 2759 fuero,
1646 2669 1886 2742 statim
1927 2693 2074 2740 non
2119 2666 2333 2740 modo
2369 2693 2603 2756 sanus,
2636 2690 2886 2737 verum

800 2783 1011 2857 etiam
1040 2783 1266 2855 bonus
1291 2805 1482 2881 pater
1503 2804 1571 2855 et
1596 2783 1971 2882 indulgens
1999 2810 2136 2856 ero.
2155 2783 2284 2855 Vis
2318 2782 2513 2870 scire,
2543 2779 2675 2869 fili,
2705 2779 2889 2877 quid

801 2898 892 2971 sit
920 2895 1315 2969 dementia?
1344 2895 1683 2970 deducere
1717 2925 1789 2971 se
1819 2897 1894 2969 in
1928 2895 2320 2997 periculum
2360 2893 2595 2995 capitis
2626 2892 2895 2992 cupidi-

801 3009 1021 3087 tate4:
1057 3038 1202 3083 non
1233 3010 1621 3111 intelligere
1650 3039 1895 3114 pacem
1920 3069 1939 3102 ‚
1975 3038 2119 3083 nou
2155 3010 2538 3110 intelligere
2565 3011 2797 3109 leges:
2832 3031 2893 3080 et

878 3253 897 3287 ι
910 3276 921 3287 .
963 3237 1181 3310 Proprie
1211 3237 1609 3311 applicabimus.
1639 3239 1807 3292 Fran·
1890 3262 1914 3286 ιι
1934 3239 2137 3292 tamdiu
2158 3257 2300 3291 novo
2320 3257 2473 3291 more
2487 3237 2670 3310 objicit
2685 3236 2894 3291 demen-

801 3316 913 3368 cius
951 3317 1159 3389 legebat
1177 3356 1197 3385 ‚
1232 3321 1448 3392 proprii.
1487 3321 1803 3395 Proprium,
1891 3343 1913 3367 ιι
1933 3321 2017 3373 tite
2047 3323 2418 3373 constantiam.
2441 3344 2464 3367 ι
2503 3322 2684 3373 AEnoo.
2715 3319 2892 3372 Consi-

802 3392 1093 3478 AErodiuQ
1882 3411 2011 3452 stere
2034 3401 2250 3470 proprie
2272 3397 2474 3451 dictum
2498 3397 2568 3450 de
2593 3416 2732 3450 sena
2754 3415 2893 3449 men·

878 3488 925 3521 2.
954 3469 1025 3523 Ut
1043 3473 1310 3526 emendari
1330 3493 1436 3527 uno
1460 3475 1607 3527 υεώο
1627 3477 1801 3548 possit.
1885 3480 1952 3529 tis
1975 3476 2313 3539 hominibuu
2334 3476 2656 3529 OEcerNerr.
2678 3477 2747 3544 11,
2763 3494 2809 3542 ι,
2827 3475 2881 3527 3:

801 3551 999 3605 Seneca
1024 3571 1087 3603 ex
1112 3552 1383 3607 Gallione:
1417 3577 1439 3601 ιι
1458 3557 1538 3606 Tu
1564 3573 1674 3606 non
1697 3574 1807 3607 me·
1892 3579 1916 3604 κ
1934 3557 2234 3627 Religiones
2250 3596 2268 3624 ‚
2306 3571 2408 3610 etc.
2448 3559 2742 3611 consistere
2779 3560 2888 3627 ejus

806 3653 830 3678 α
850 3649 971 3682 cum
985 3632 1123 3701 agis,
1140 3630 1287 3702 quod
1305 3651 1414 3684 non
1434 3633 1692 3685 exorasti:
1715 3630 1809 3684 sed
1893 3657 1917 3682 ιι
1936 3638 2167 3687 animum
2192 3636 2304 3688 sine
2328 3635 2511 3687 furore
2533 3649 2697 3707 etque
2723 3652 2891 3686 ameni·

807 3732 830 3757 ιι
852 3708 1000 3782 quod
1042 3727 1153 3761 non
1200 3725 1506 3763 exoraturus
1553 3728 1628 3768 ee.
1676 3712 1807 3764 Puta
1893 3735 1915 3759 ιι
1935 3715 2008 3765 tia
2031 3731 2142 3765 non
2164 3715 2361 3766 sinunt.
2384 3737 2407 3761 ι
2434 3711 2519 3764 Ad
2534 3713 2603 3780 Q.
2627 3714 2888 3776 Fratrem,

808 3810 831 3835 ιι
852 3789 993 3841 enim
1010 3786 1170 3839 hodie
1189 3806 1273 3839 me
1290 3791 1498 3840 exorari
1512 3826 1528 3854 ‚
1557 3806 1686 3840 num
1705 3807 1805 3861 ego
1885 3793 1935 3845 11
1949 3831 1965 3859 ‚
1997 3794 2062 3847 ὃς
2109 3814 2131 3838 ιι
2151 3796 2223 3846 Ut
2259 3811 2433 3865 noque
2470 3806 2649 3844 mente
2664 3831 2681 3858 ‚
2719 3809 2890 3863 neque

806 3889 831 3914 κ
850 3865 1417 3939 demensvidebor‚qui
1428 3865 1806 3919 unomeverbo
1891 3892 1916 3917 κ
1935 3870 2150 3942 lingue,
2179 3890 2352 3945 neque
2385 3889 2477 3923 ore
2513 3871 2837 3924 consisteret.
2859 3893 2885 3915 ι

808 3969 832 3992 α
853 3966 1040 4000 sanare
1063 3949 1305 4020 possim?
1321 3970 1345 3997 ι
1378 3950 1454 4000 Ita
1489 3947 1630 4000 enim
1655 3949 1809 4000 renti·
1886 3948 2055 4003 Plaut.
2080 3951 2226 4002 Poen.
2253 3951 2302 4016 1,
2329 3967 2388 4015 2,
2419 3948 2549 4001 133:
2582 3971 2606 3996 ιι
2625 3949 2788 4002 Facto
2809 3966 2896 4001 ac-

805 4028 899 4078 tui.
926 4030 1106 4083 AEnou.
1894 4050 1917 4075 ι
1935 4040 2109 4083 tutum
2145 4029 2442 4083 constiterit
2466 4027 2838 4101 lymphaticus.
2859 4052 2886 4077 ι

875 4105 927 4156 3.
952 4106 1052 4158 Ubi
1062 4109 1272 4160 animus
1283 4107 1585 4160 consisteret.
1600 4108 1808 4179 Nempe
1885 4107 2057 4159 Bona.

803 4180 938 4233 illud
957 4196 1063 4248 est,
1088 4183 1234 4256 quod
1251 4203 1313 4236 ex
1327 4184 1522 4236 Arellio
1543 4186 1713 4237 Fusco
1733 4185 1807 4238 ait
1955 4185 2007 4252 4.
2048 4187 2352 4258 cupiditate.
2391 4189 2474 4240 An
2489 4224 2507 4254 ‚
2549 4186 2853 4259 stupiditate
2868 4189 2897 4239 Ξ

801 4260 1036 4315 Seneca:
1086 4284 1109 4310 α
1134 4264 1256 4315 Non
1294 4281 1512 4337 possum
1554 4281 1805 4317 exorare:
1883 4262 2103 4318 Senum.
