3200 5117
786 530 1622 630 DECLAMATJONES.
1666 531 2131 601 CCLXXIII.
2375 559 2493 629 ¹²9

1259 734 1623 800 SERMO.

495 895 656 960 Haec
679 892 765 959 de
778 893 933 985 jure
952 916 1004 959 ιε
1036 893 1301 984 majam
1325 892 1412 959 de
1439 893 2047 985 circumscriptione
2072 897 2274 990 hujus
2298 921 2493 988 spon-

405 1023 591 1068 soris.

1088 1141 1794 1207 DECLAMATIO.

496 1302 645 1401 Ego
673 1300 938 1374 fortiter
962 1299 1340 1400 spopondi,
1371 1299 1517 1371 sine
1543 1298 1888 1398 periculo,
1919 1325 2044 1398 pro
2064 1326 2147 1371 eo
2164 1299 2487 1393 homine,

400 1417 521 1517 qui
556 1418 743 1491 bona
776 1416 1083 1489 habebat
1114 1444 1128 1488 ε
1176 1437 1251 1487 tu
1284 1441 1653 1514 quousque
1686 1413 2037 1487 avaritiam
2073 1416 2524 1514 perduxisti?

400 1536 655 1624 Parum
668 1556 767 1606 est
776 1534 1107 1606 foenerare
1124 1531 1423 1604 civibus?
1438 1531 1585 1603 sine
1596 1531 1831 1627 aliqua
1846 1532 2216 1606 tuafraude
2226 1533 2486 1608 factum

396 1647 767 1739 videbitur,
799 1669 877 1719 ut
911 1648 1034 1747 qui
1070 1647 1301 1718 aliena
1328 1644 1631 1744 pecunia
1658 1646 1998 1739 utebatur,
2040 1646 2378 1722 incideret
2411 1651 2484 1723 in

395 1761 528 1835 hoc
558 1763 1008 1863 potissimum
1035 1759 1499 1832 adulterium?
1526 1759 1661 1830 Sed
1679 1760 2006 1834 inciderit
2026 1789 2222 1837 sane:
2253 1791 2482 1863 neque

397 1876 588 1948 enim
643 1875 818 1948 mihi
861 1901 1069 1947 causa
1117 1901 1244 1974 pro
1291 1873 1437 1946 ullo
1485 1874 1692 1948 hodie
1741 1874 2041 1950 dicenda
2086 1899 2186 1950 est
2224 1906 2238 1949 :
2289 1881 2477 1975 quod

388 1992 776 2093 protulisti,
810 1990 1069 2080 habes3
1105 2010 1172 2063 et
1206 1990 1363 2089 plus
1398 2018 1612 2089 quam
1645 1992 2023 2091 protulisti,
2067 1994 2278 2067 habes
2311 2022 2325 2066 ε
2381 2016 2479 2068 est

392 2106 587 2205 quod
625 2107 700 2177 in
739 2106 1036 2178 rationes
1068 2127 1254 2196 tuas,
1297 2125 1658 2205 tamquam
1692 2106 2004 2200 creditor,
2038 2109 2286 2183 referas
2317 2140 2331 2182 :
2380 2131 2477 2184 est

390 2219 584 2321 quod
618 2220 691 2293 in
724 2219 1038 2311 lucrum,
1072 2242 1430 2317 tamquam
1467 2221 1790 2314 maritus,
1824 2223 2093 2330 referas,

390 2500 1599 2523 mmmmm
1605 2502 1993 2524 §mmm
2005 2502 2472 2524 mmmm

1130 2715 1710 2794 CCLXXIV.

1021 2948 1380 3045 Tyrannus
1390 2943 1829 3044 fulminatus.

388 3151 525 3228 Quo
553 3172 691 3226 oms
723 3170 874 3213 Loco
909 3170 1187 3211 totunm
1219 3170 1393 3210 tc'rns
1430 3169 1678 3224 ruem-r,
1710 3169 1914 3211 nomm
1938 3169 2329 3211 strennua.
2354 3152 2469 3233 'ry-

466 3268 651 3309 tumn
696 3271 925 3312 consus
973 3269 1167 3309 ex‘nu
1212 3268 1385 3308 rums
1428 3266 1807 3307 Anncurun.
1843 3249 2172 3329 Tyrannus
2217 3248 2284 3308 in
2329 3246 2467 3309 foro

464 3343 823 3408 fulminatus
844 3359 964 3409 est:
995 3345 1315 3426 quaeritur,
1339 3365 1422 3403 an
1444 3343 1665 3405 eodem
1688 3343 1825 3404 loco
1848 3342 2191 3425 sepeliatur.

1239 3548 1603 3615 SERMO.

466 3707 540 3770 In
565 3705 789 3796 legum
815 3708 1311 3797 comparatione
1336 3707 1546 3772 multa
1571 3708 1776 3795 quaeri
1806 3722 2116 3796 possunt,
2144 3706 2261 3772 sed
2285 3705 2469 3770 varie

376 3810 447 3875 in
484 3835 744 3904 quaque
786 3814 1253 3882 controversia.
1302 3815 1572 3880 Interim
1613 3815 1818 3904 quaeri
1857 3813 2055 3891 solet,
2095 3834 2178 3875 an
2212 3812 2473 3899 privata

371 3919 610 4003 altera,
634 3923 836 3989 altera
865 3923 1131 4012 publica
1157 3924 1273 4002 sit3
1305 3939 1372 3989 et
1406 3939 1629 3988 utrum
1664 3921 1962 3986 militaris
1989 3921 2190 4012 altera
2212 3968 2229 3998 ,
2272 3920 2475 3983 altera

366 4028 707 4116 pertinens
745 4029 830 4095 ad
870 4030 1085 4096 civilia
1120 4028 1360 4095 officia.
1400 4031 1528 4094 Hic
1565 4029 1789 4094 omnia
1829 4029 1970 4092 fere
2012 4041 2258 4092 caetera
2295 4023 2476 4115 paria

442 4239 485 4275 ι.
532 4222 664 4277 Hoec
693 4225 907 4300 dejure.
932 4223 1180 4281 AErodins
1212 4239 1479 4298 tamquam
1508 4238 1683 4279 essent
1709 4224 2143 4308 Declamationis‚
2178 4225 2469 4278 continuat.

603 4314 657 4367 6.
