3200 5117
823 572 1661 638 DECLAMATIONES.
1708 575 2043 641 CCLXV.
2393 577 2476 664 93

383 694 521 767 hoc
550 716 673 768 tuo
699 695 912 784 facto,
944 716 1012 767 et
1041 695 1198 766 ideo
1227 694 1384 766 duoe
1414 722 1651 793 poenae.
1687 698 1794 767 An
1823 724 1981 769 vero
2012 697 2336 797 iniquum
2370 697 2478 770 vi-

388 810 538 882 deri
559 831 808 909 potest,
833 837 998 883 eum
1015 866 1033 899 ,
1050 810 1171 909 qui
1194 809 1270 881 in
1291 810 1554 907 templo
1573 810 1972 909 pulsaverit,
1995 812 2238 885 decem
2257 813 2483 885 millia

388 925 652 997 civitati
686 924 895 998 dare?
926 926 1099 1024 quid
1123 926 1316 997 enim
1348 927 1573 1024 magis
1603 927 1673 997 in
1702 926 1846 998 ulla
1876 929 2229 1026 republica
2260 928 2481 1001 curari

389 1040 878 1139 observarique
903 1062 1204 1140 oportet,
1240 1067 1455 1140 quam
1492 1040 1949 1140 religionem?
1976 1070 2137 1114 sane
2165 1042 2480 1143 petulan-

388 1155 487 1227 tia
531 1155 681 1226 aliis
722 1155 887 1227 locis
934 1156 1357 1229 mediocrem
1400 1155 1652 1228 habeat
1703 1158 2353 1257 reprehensionem:
2407 1159 2481 1231 in

388 1270 663 1371 templo
686 1298 880 1361 vero,
919 1272 992 1344 in
1027 1298 1166 1371 quo
1199 1273 1421 1344 verbis
1455 1273 1874 1371 parcimus¹,
1914 1274 1988 1345 in
2029 1301 2168 1373 quo
2211 1275 2480 1346 animos

391 1387 918 1486 componimuS,
963 1388 1035 1459 in
1081 1415 1221 1485 quo
1261 1389 1534 1461 tacitam
1571 1390 1782 1461 etiam
1827 1410 2135 1461 mentem
2178 1410 2481 1462 nostram

390 1504 860 1592 custodimus,
904 1505 1173 1604 pulsare
1215 1506 1401 1577 velut
1443 1506 1515 1576 in
1561 1505 1972 1596 solitudine,
2017 1526 2269 1578 secreto
2302 1532 2483 1604 quo-

394 1620 595 1709 dam,
630 1646 773 1691 non
809 1641 911 1691 est
941 1619 1179 1691 ferend
1192 1647 1337 1691 um.
1364 1619 1494 1690 Dic
1524 1646 1745 1710 nunc,
1775 1619 2282 1717 ignominiosus
2306 1640 2477 1692 erat:

395 1736 517 1806 sed
554 1735 622 1806 in
670 1734 956 1833 templo.
991 1735 1270 1833 Captis²
1312 1734 1641 1824 urbibus,
1674 1735 1772 1807 vis
1801 1735 2109 1808 hostium
2144 1763 2225 1807 ac
2259 1756 2483 1807 metus

394 1848 722 1946 religione
770 1849 1190 1947 templorum
1233 1848 1669 1922 defenditur:
1716 1849 1838 1949 qui
1869 1851 2025 1951 jam
2069 1877 2263 1923 arma
2307 1850 2481 1921 ferre

396 1991 541 2036 non
576 1987 895 2065 possunt,
933 1965 1055 2062 qui
1098 1965 1389 2037 salutem
1422 1992 1625 2037 suam
1664 1966 1839 2038 tueri
1879 1966 2048 2064 fuga
2087 1986 2482 2064 nequeunt,

398 2077 569 2150 circa
613 2104 759 2150 aras
789 2079 1046 2179 jacent.
1093 2081 1175 2151 In
1225 2077 1485 2176 templo
1515 2079 1816 2177 pulsasti
1862 2080 2227 2152 hominem
2270 2109 2285 2151 :
2337 2106 2484 2151 rem

400 2194 822 2291 petulantem
855 2195 1074 2267 fecisti
1111 2195 1287 2267 inter
1319 2221 1507 2267 sacra
1529 2251 1549 2283 ,
1579 2194 1802 2302 fecisti
1838 2195 2353 2294 religiosissimo
2391 2197 2486 2268 lo·

400 2333 481 2379 co
518 2335 535 2378 τ
580 2329 647 2380 et
688 2330 1081 2408 utcunque,
1128 2309 1485 2381 temeraria
1520 2308 1713 2396 licet,
1759 2307 1992 2408 aliqua
2034 2311 2203 2380 ratio
2247 2330 2485 2381 tamen

401 2447 758 2523 appareret
778 2426 942 2497 facti
969 2426 1108 2515 tui,
1136 2426 1193 2497 si
1216 2426 1483 2525 impetu
1504 2424 1738 2523 lapsus
1764 2451 1973 2513 esseS‚
1997 2424 2054 2496 si
2077 2425 2321 2496 ductus
2349 2425 2482 2496 ira:

404 2537 671 2611 nullam
703 2539 1162 2638 petulantiam
1186 2539 1406 2639 magis
1434 2540 1587 2626 odi,
1622 2565 1840 2638 quam
1877 2565 2028 2638 quae
2054 2559 2331 2637 propter
2358 2538 2490 2610 hoc

403 2679 472 2724 se
493 2654 733 2726 exserit
749 2653 800 2743 3,
823 2654 987 2752 quia
1010 2676 1203 2753 putat
1222 2655 1446 2727 licere.
1469 2656 1588 2725 Est
1607 2655 1758 2725 sine
1778 2653 1995 2725 dubio
2017 2675 2087 2726 et
2104 2653 2237 2724 hoc
2257 2652 2489 2751 ipsum

403 2768 698 2867 dignum
743 2768 937 2861 odio,
989 2769 1307 2871 persequi
1355 2768 1722 2842 hominem
1770 2770 2053 2842 fortasse
2100 2768 2490 2858 infelicem,

402 2884 879 2956 verecundum
918 2907 1135 2977 certe,
1170 2884 1362 2985 quod
1399 2886 1753 2958 confessus
1786 2885 1894 2957 sit.
1931 2886 2112 2957 Sane
2148 2904 2494 2957 mereatur

483 3115 523 3148 ι.
558 3096 613 3150 V
606 3095 736 3148 erbis
764 3096 1038 3167 parcimus.
1070 3100 1229 3149 Forte
1260 3095 1406 3148 deest

401 3176 763 3248 petulantibus,
777 3176 857 3227 vel
875 3176 1171 3241 inhonestis,
1184 3177 1265 3229 vel
1282 3178 1407 3227 omi-

410 3260 573 3323 nosis,
608 3258 693 3310 vel
738 3256 879 3309 male
922 3258 1202 3322 omittatis,
1246 3259 1403 3310 Hem.

411 3338 590 3409 Steph.
620 3340 784 3409 Epist.
820 3337 891 3390 ad
922 3337 1250 3408 Daleclianp.
1282 3337 1411 3402 ΧΠ,

410 3438 465 3491 p.
493 3420 591 3484 50,
620 3433 673 3471 et
699 3438 817 3472 mox
844 3418 944 3492 leg.
973 3421 1222 3470 intactam
1252 3419 1408 3469 etiam

411 3507 654 3548 mentem.
680 3499 871 3549 Autan.
893 3495 993 3548 Sed
1016 3509 1191 3566 potest
1211 3496 1411 3567 simpli-

409 3580 542 3631 citer
565 3578 716 3650 capi,
744 3592 803 3630 nt
828 3581 895 3630 sit
922 3577 1061 3630 idem
1087 3577 1228 3649 quod
1249 3577 1410 3649 fave-

407 3681 523 3715 mus
553 3659 765 3733 linquis.
798 3657 954 3711 Unde
987 3672 1037 3711 et
1068 3677 1274 3731 pascere
1307 3657 1412 3712 tin-

406 3758 563 3812 gnam
577 3741 796 3810 antiqno
810 3754 1053 3789 sermone
1066 3756 1167 3807 pro
1178 3756 1410 3808 parcere,

413 3816 670 3870 dicebant.
692 3815 812 3868 Vid.
839 3814 978 3866 Pest.
1006 3816 1058 3865 in
1084 3816 1279 3887 pascito
1310 3814 1415 3866 lin-

405 3913 561 3967 quam
575 3935 593 3963 ,
613 3896 665 3948 id
686 3908 767 3948 est
778 3932 794 3958 ,
813 3905 1090 3956 coercet03
1113 3893 1293 3945 Horat.
1308 3892 1411 3948 od.

404 3975 510 4039 11¹1,
534 3974 623 4040 14,
655 3989 733 4025 ιι.
762 3974 931 4025 Βυιιιι.

485 4070 533 4103 2.
553 4051 654 4103 Sed
674 4053 729 4102 in
750 4049 945 4121 templo
962 4048 1140 4118 captis.
1162 4049 1414 4120 Magnum

410 4142 737 4181 momentum
761 4127 869 4180 lunc
896 4141 1049 4178 acute
1071 4125 1212 4178 dicta
1236 4129 1290 4178 in
1317 4127 1418 4181 dis-

412 4210 759 4261 tinctionibus
782 4208 976 4262 habere
995 4221 1139 4260 recte
1163 4211 1323 4261 sensit
1344 4213 1420 4262 Pi·
1454 4273 1461 4280 ι

411 4289 599 4342 thoens.
640 4286 703 4340 ld
739 4301 789 4341 st
824 4286 948 4342 hinc
982 4304 1239 4358 agnoscas
1276 4286 1415 4341 licet.

1487 3096 1569 3148 Sic
1588 3109 1762 3148 autem
1781 3108 1830 3148 et
1847 3094 2118 3161 AErodius,
2136 3113 2298 3167 quum
2318 3107 2494 3146 tamen

1486 3167 1973 3244 interpungendum
2021 3177 2086 3225 sit
2113 3195 2125 3224 ε
2174 3173 2273 3244 Dic
2319 3191 2458 3224 nunc
2476 3213 2494 3239 ‚

1488 3252 1860 3324 ignominiosus
1890 3260 2036 3310 erat,-
2074 3249 2161 3301 sed
2193 3250 2246 3300 in
2280 3249 2495 3321 templo.

1490 3331 1728 3403 (Supple
1751 3345 1954 3396 mente,
1978 3333 2138 3401 mc.)
2164 3332 2335 3401 Captis
2356 3331 2499 3383 urbi-

1494 3414 1608 3479 bus,
1636 3414 1709 3465 vis
1734 3412 1956 3464 hostium
1980 3432 2041 3464 ac
2065 3424 2228 3465 metus
2249 3414 2499 3485 religione

1493 3489 1808 3562 templorum
1835 3490 2148 3561 defenditur.
2174 3493 2338 3544 cnon.

1565 3574 1617 3623 3.
1645 3573 1862 3623 lz'xserit.
1891 3574 1973 3622 An
1991 3574 2253 3636 exseritur,
2271 3573 2369 3623 nisi
2389 3589 2500 3622 ma-

1490 3656 1567 3706 vis
1593 3664 1868 3705 exercetur.
1900 3653 2122 3706 Senum.
2145 3654 2266 3704 vid.
2298 3652 2365 3703 ad
2393 3654 2500 3702 De·-

1492 3734 1646 3786 clam.
1673 3735 1813 3800 xm,
1833 3733 1896 3795 63
1917 3735 2006 3786 sed
2027 3752 2125 3804 ego
2140 3732 2358 3784 mallem
2379 3748 2501 3781 cum

1496 3810 1711 3864 AErodio
1729 3849 1745 3876 ,
1768 3831 1926 3885 quarn
1950 3830 2065 3884 quse
2089 3821 2300 3882 propter
2326 3808 2422 3859 hoc
2448 3826 2504 3858 se

1494 3891 1689 3942 exserit.
1717 3892 1788 3942 Ut
1811 3890 1901 3940 lib.
1929 3891 2017 3953 lv,
2042 3889 2166 3939 lust.
2193 3889 2341 3939 Orat.
2370 3904 2416 3939 c.
2445 3902 2464 3936 1
2482 3924 2501 3952 ,

1498 3969 1636 4041 5:55
1656 3992 1667 4019 :
1696 3991 1720 4016 α
1737 3972 1778 4021 F
1779 3968 1954 4021 iducis
1974 3987 2031 4021 se
2050 3971 2161 4040 ipsa
2184 3969 2402 4019 nimium
2421 3987 2504 4020 ex·
2535 4035 2546 4044 ·

1501 4075 1523 4098 ιι
1544 4069 1717 4103 serere
1757 4068 1866 4102 non
1913 4048 2085 4101 debet.
2116 4072 2138 4095 n
2189 4051 2386 4102 Seneca
2434 4048 2501 4100 de

1495 4128 1659 4181 Clem.
1675 4128 1766 4181 lib.
1789 4131 1839 4194 1,
1861 4144 1948 4199 ¹9²
1976 4152 1999 4174 κ
2025 4129 2110 4179 Est
2130 4126 2205 4179 ini
2224 4143 2340 4181 mos
2360 4147 2500 4180 exse-

1503 4234 1525 4257 ·
1547 4229 1662 4263 rere
1681 4229 1738 4264 se
1758 4211 1812 4260 in
1833 4212 2033 4281 parvis,
2051 4234 2072 4257 ιι
2093 4209 2186 4261 uhi
2207 4221 2257 4262 et
2276 4227 2502 4264 exemere

1501 4289 1605 4342 alii.
1634 4291 1799 4342 Banu.
