3200 5117
633 2189 665 2224 q

757 592 794 669 4
1259 591 1350 653 Μ.
1400 589 1649 653 FABII
1694 589 2331 671 QUINTILIANI

754 710 1135 782 contrahit.
1167 766 1181 780 .
1210 766 1224 781 .
1276 729 1482 808 negat
1526 708 1701 780 mihi
1748 709 2020 782 licuisse
2062 711 2423 784 occidere:
2471 712 2782 811 primum
2808 771 2829 804 ,

752 825 939 923 quod
973 825 1090 925 jus
1133 826 1295 897 civis
1338 850 1480 895 non
1526 823 1891 896 habuerim
1934 851 2016 897 eo
2059 846 2367 925 tempore
2394 885 2412 916 ,
2457 853 2595 924 quo
2641 829 2829 899 exsul

752 968 972 1031 eram,
1010 969 1135 1013 nec
1178 940 1267 1013 ad
1310 966 1422 1011 me
1453 938 1616 1039 jura
1644 941 2084 1039 pertinuisse,
2125 942 2313 1040 quod
2345 943 2600 1014 exsulo.
2644 944 2716 1016 Si
2757 943 2828 1014 in

751 1077 1163 1155 perpetuum
1212 1054 1533 1127 exsilium
1569 1055 1816 1127 missus
1862 1082 2122 1146 essem,
2156 1057 2439 1128 forsitan
2484 1078 2706 1156 posset
2742 1058 2829 1130 de

752 1172 882 1244 hoc
939 1172 1194 1270 quaeri,
1238 1199 1326 1244 an
1370 1171 1455 1242 ad
1506 1172 1689 1269 leges
1731 1171 2225 1270 pertinuerim,
2273 1201 2496 1269 quum
2533 1173 2705 1245 illud
2749 1202 2829 1246 ex

750 1287 903 1385 lege
949 1287 1171 1373 fieret,
1215 1285 1402 1383 quod
1450 1286 1845 1357 exsularem.
1883 1287 2430 1385 Quinquennale
2459 1314 2616 1359 vero
2651 1287 2828 1358 exsi-

749 1400 928 1472 lium
968 1400 1268 1473 dubium
1301 1421 1435 1490 est,
1469 1400 1641 1498 quin
1664 1454 2071 1471 ...........
2112 1401 2508 1499 processerit
2543 1399 2828 1472 absente

750 1544 898 1609 rne,
946 1544 1171 1614 neque
1200 1539 1345 1589 erat
1377 1543 1611 1605 causa,
1646 1536 1926 1615 propter
1953 1543 2166 1615 quam
2196 1516 2294 1587 vis
2330 1516 2698 1588 inferretur
2729 1518 2827 1607 ei,

750 1632 871 1732 qui
908 1631 1318 1730 imprudens
1346 1631 1706 1703 occidisset
1728 1686 1743 1701 .
1767 1687 1781 1701 .
1805 1686 1819 1701 .
1853 1657 1996 1702 non
2026 1632 2492 1703 damnabatur
2526 1633 2787 1703 ¹animo
2806 1690 2825 1722 ,

750 1769 869 1820 aut
898 1746 1168 1819 sceleris
1193 1773 1273 1818 ea
1302 1772 1502 1844 poena
1530 1767 1704 1817 erat:
1733 1744 1850 1816 sed
1879 1767 1953 1817 ut
1982 1748 2417 1845 pertinuerit,
2451 1747 2710 1844 inquit,
2741 1746 2826 1818 ad

749 1880 815 1932 te
857 1860 962 1932 lex
986 1916 1196 1932 ......
1233 1881 1468 1932 tamen
1509 1859 1638 1931 tibi
1679 1886 1821 1931 non
1855 1859 2083 1951 licuit,
2128 1888 2349 1959 quum
2384 1860 2470 1932 ad
2508 1861 2830 1933 occiden-

751 1977 923 2048 dum
970 1977 1205 2049 venire
1262 2003 1404 2047 uon
1452 1976 1744 2048 licuerit.
1806 1978 1948 2047 Lex
1994 1977 2185 2048 enim
2232 1977 2718 2075 quinquennio
2764 1998 2827 2048 te

741 2090 945 2192 jubet
976 2093 1276 2164 exsulare
1301 2147 1316 2162 .
1341 2148 1356 2162 .
1383 2149 1398 2164 .
1426 2148 1441 2162 .
1487 2112 1659 2189 puta
1701 2117 1815 2162 me.
1858 2112 2090 2162 contra
2121 2090 2235 2190 jus
2278 2091 2551 2164 rediisse
2576 2148 2590 2162 .
2615 2148 2629 2162 .
2653 2149 2667 2162 .
2695 2149 2709 2163 .
2755 2092 2826 2163 in

748 2206 1109 2306 praesentia
1130 2261 1145 2276 .
1168 2261 1183 2276 .
1205 2262 1220 2278 .
1252 2225 1612 2303 tamquam
1647 2225 1883 2276 contra
1915 2205 2031 2304 jus
2058 2203 2384 2276 redissem
2406 2261 2421 2276 .
2445 2261 2460 2275 .
2484 2262 2498 2276 .
2533 2209 2689 2278 Non
2723 2229 2829 2279 ta-

750 2347 914 2392 men
946 2320 1118 2392 mihi
1150 2321 1450 2422 objicere
1476 2321 1685 2393 debes
1714 2315 1903 2417 quod
1932 2319 2298 2391 occiderim
2316 2376 2334 2409 ,
2376 2320 2494 2393 sed
2521 2322 2706 2418 quod
2733 2378 2747 2392 .
2772 2377 2786 2392 .
2809 2379 2823 2393 .

748 2438 1056 2536 tingente
1084 2439 1318 2510 fecisse
1348 2459 1584 2509 contra
1612 2436 1794 2533 leges
1812 2492 1827 2507 .
1850 2491 1865 2506 .
1893 2492 1907 2506 .
1945 2456 2180 2507 contra
2207 2435 2402 2507 illam
2429 2458 2662 2508 tamen
2692 2437 2828 2535 legi

749 2553 881 2624 feci
903 2609 917 2622 .
941 2609 954 2623 .
979 2608 993 2623 .
1018 2608 1032 2623 .
1069 2551 1155 2624 ad
1192 2551 1544 2650 judicium
1580 2548 1876 2649 pertinet
1895 2605 1909 2620 .
1934 2606 1947 2620 .
1976 2606 1989 2620 .
2013 2606 2027 2620 .
2061 2551 2155 2622 sic
2183 2550 2388 2622 etiam
2416 2550 2632 2623 redire
2659 2551 2828 2622 mihi

749 2664 1022 2737 licuisse
1047 2721 1230 2738 .....
1268 2665 1398 2737 hoc
1434 2691 1667 2736 rerum
1693 2721 1707 2735 .
1736 2721 1750 2735 .
1774 2720 1788 2735 .
1818 2722 1834 2736 .
1856 2721 1872 2738 .
1908 2663 2214 2737 occidere
2247 2665 2448 2736 licere
2469 2721 2483 2737 .
2508 2722 2521 2740 .
2551 2721 2568 2737 .
2592 2721 2607 2738 .
2647 2667 2829 2764 Ergo

750 2777 857 2848 lex
885 2806 979 2875 qu
998 2835 1015 2849 .
1043 2834 1058 2850 .
1079 2829 1098 2862 ,
1123 2836 1139 2850 .
1166 2835 1180 2849 .
1215 2777 1557 2877 significat
1583 2778 1820 2849 omnia
1844 2834 2075 2850 ......
2108 2805 2261 2878 quae
2288 2778 2609 2850 adversus
2636 2778 2830 2850 adul-

750 2914 927 2966 teros
955 2895 1201 2995 scripta
1234 2916 1365 2984 est,
1397 2916 1473 2967 ut
1506 2915 1743 2966 contra
1770 2894 1933 2966 alias
1966 2896 2149 2991 leges
2175 2950 2391 2967 ......
2424 2894 2512 2965 ab
2551 2894 2784 2967 exsilio
2807 2940 2841 2985 ,-

751 3035 879 3079 nec
916 3008 1236 3081 homines
1282 3008 1593 3081 occidere
1629 3008 1861 3080 licuit:
1897 3008 2016 3080 sed
2060 3007 2658 3105 quemadmodum
2696 3008 2830 3080 ho-

753 3122 944 3193 mine
965 3178 979 3193 .
1005 3178 1019 3193 .
1044 3178 1063 3193 .
1082 3178 1096 3194 .
1124 3179 1138 3193 .
1177 3143 1372 3195 erant
1403 3121 1498 3195 ita
1526 3148 1750 3194 rever.
1775 3178 1789 3193 .
1812 3177 1826 3192 .
1851 3176 1865 3192 .

1607 3348 1970 3414 SERMO.

840 3524 1056 3588 Locus
1081 3539 1343 3612 patens,
1366 3523 1737 3614 quomodo,
1760 3541 2080 3615 quantum
2103 3525 2295 3589 liceat
2311 3525 2629 3591 adversus
2646 3524 2833 3590 adul-

752 3617 961 3695 teros:
1003 3630 1120 3696 sed
1155 3631 1223 3694 in
1256 3630 1379 3698 hac
1408 3634 1854 3698 controversia
1887 3633 2104 3696 facere
2137 3650 2401 3721 oportet
2431 3634 2498 3698 in
2531 3654 2829 3697 commu-

751 3736 982 3802 nibus²
1010 3739 1183 3818 fere,
1214 3756 1288 3803 ut
1315 3740 1577 3827 quoties
1606 3762 2029 3804 communem
2062 3738 2418 3810 dixerimus
2447 3738 2664 3803 locum
2683 3788 2701 3818 ‚
2743 3739 2826 3804 ad

749 3846 1091 3931 proprium
1116 3862 1540 3912 revertamur.
1571 3849 1956 3913 Communis
1982 3863 2080 3913 est
2103 3850 2286 3913 locus
2309 3846 2622 3914 adversus
2644 3847 2826 3913 adul-

751 3964 927 4014 teros
953 3972 1214 4017 omnes:
1248 3949 1582 4043 proprius,
1614 3953 1964 4020 adversum
1988 3952 2111 4021 hos
2133 3954 2488 4036 adulteros.

827 4149 870 4184 1.
908 4135 1273 4188 Damnabatur
1303 4139 1497 4190 animo.
1533 4137 1746 4204 Malim,
1904 4155 1951 4189 α.
1980 4139 2044 4189 In
2084 4139 2456 4191 communibus.
2483 4139 2653 4208 Lege,
2683 4147 2745 4189 ut
2773 4137 2827 4187 in

749 4211 956 4264 animus
973 4234 987 4262 .·
1007 4228 1057 4266 et
1074 4215 1235 4286 paulo
1251 4231 1402 4289 post,
1412 4220 1503 4289 jus
1528 4218 1745 4271 rediisse.
1828 4217 2201 4270 communibus.
2222 4218 2440 4271 Senum.
2457 4216 2597 4289 quod
2620 4216 2674 4267 ιἰι
2695 4233 2825 4267 com.

748 4289 820 4342 Si.
840 4293 989 4344 Pu-u.
1826 4297 2036 4368 Bipont.
2056 4298 2150 4349 Eo.
