3200 5117
825 569 1661 642 DECLAMATIONES.
1705 580 1971 648 CCLX.
2356 592 2441 680 69
2487 607 2496 624 ⁸

347 685 482 754 hac
518 680 928 758 excusandu’s
960 690 1061 759 sit.
1092 694 1390 760 Alterum
1424 697 1590 763 illud
1630 719 1760 779 est,
1798 706 1980 794 quod
2020 709 2073 773 si
2105 707 2442 777 defensio·

348 817 510 859 nem
540 796 711 862 ultra
736 800 1170 866 excusationis
1208 805 1565 869 terminum
1603 808 2033 895 proferimus,
2070 816 2441 884 laudandus

350 919 455 967 est
480 900 886 971 adolescens.
911 910 1310 997 Arroganter
1331 927 1554 976 autem
1583 913 1778 978 faciet
1807 934 1872 980 et
1902 921 2152 988 tumide
2169 961 2198 1005 ,Δ
2213 928 2269 991 si
2293 948 2440 991 coe-

346 1010 526 1095 perit
549 1033 619 1075 se
639 1014 781 1101 ipse
798 1012 1103 1079 laudare:
1128 1020 1491 1104 praesertim
1512 1019 1875 1110 jactaturus
1900 1025 1998 1104 id,
2017 1029 2197 1117 quod
2220 1032 2441 1098 facere

348 1117 593 1200 possit,
622 1141 662 1182 a
698 1118 964 1186 fortuna
996 1144 1159 1188 esse.
1200 1122 1519 1191 Dabimus
1549 1149 1709 1216 ergo
1737 1129 1866 1210 illi,
1905 1131 2006 1197 his
2044 1139 2285 1216 causiS,
2329 1137 2441 1203 ad·
2513 1223 2517 1228 ἢ

345 1238 678 1290 vocatum.

1038 1381 1098 1444 D
1113 1382 1168 1445 E
1184 1382 1235 1445 C
1250 1382 1305 1445 L
1318 1385 1373 1447 A
1388 1385 1463 1447 M
1477 1386 1603 1448 AT
1618 1385 1648 1447 I
1664 1387 1743 1450 O.

445 1530 605 1602 Non
621 1558 892 1608 necesse
911 1553 1080 1610 erat¹
1102 1539 1301 1631 mihi,
1312 1540 1343 1640 j
1353 1540 1611 1632 udices,
1630 1543 1714 1616 de
1729 1545 1892 1618 facti
1912 1547 2227 1651 hujusce,
2247 1552 2436 1651 quod

346 1714 443 1767 Ιιίο
474 1726 672 1771 tantum
706 1720 1027 1794 infirmitatis
1056 1725 1236 1777 animo
1266 1725 1353 1777 de-
1434 1726 1545 1782 aliis
1570 1729 1811 1802 adoptari
1830 1754 1940 1787 non
1958 1724 2317 1807 prohibet,‘rsi
2337 1739 2438 1805 202?

331 1793 636 1864 senderedus
665 1800 749 1850 sit.
769 1801 897 1866 Vel,
922 1814 982 1854 ut
1012 1803 1149 1854 idem
1177 1821 1274 1875 pro
1301 1821 1353 1855 se

344 1871 701 1945 dicatfiducia
720 1879 912 1944 oetatis,
932 1882 1019 1931 cui
1038 1891 1241 1933 tantum
1261 1883 1355 1933 cri·

346 1970 465 2003 men
484 1955 743 2027 adficitur,
762 1972 822 2012 ut
839 1958 1158 2032 infirmitatis
1173 1963 1351 2016 αηίηιο

342 2035 664 2087 excusandus
678 2037 759 2087 sit.
778 2038 958 2092 AEnou.
975 2040 1241 2091 Asterisco
1261 2059 1351 2091 no-

342 2113 474 2164 tavit
504 2114 687 2167 locum
709 2116 1027 2172 Obrechtus.
1058 2119 1135 2172 Cl.
1164 2119 1347 2173 Schul-

340 2193 543 2261 tingius
580 2195 654 2246 ita
691 2194 968 2267 supplebat
984 2235 1000 2264 ,
1038 2209 1100 2248 ut
1128 2199 1263 2250 idem
1296 2211 1349 2251 et

333 2291 436 2342 pro
459 2292 515 2325 se
534 2273 696 2341 dicat,
724 2289 776 2329 et
802 2287 1005 2330 tantum
1031 2277 1349 2352 infirmitatis

336 2355 523 2406 animo
562 2355 778 2426 habeat,
816 2372 878 2411 ut
906 2360 1003 2412 hac
1031 2363 1346 2417 excusandus

338 2432 837 2487 sit.—Asteriscum
863 2441 1059 2511 recepit
1083 2439 1166 2492 ed.
1193 2442 1306 2513 Bip.

420 2529 462 2563 1.
490 2511 619 2564 Non
647 2532 838 2569 necesse
862 2528 988 2569 erat.
1014 2520 1164 2571 Unus
1190 2519 1342 2572 locus

339 2606 422 2646 est
444 2594 498 2644 in
519 2597 641 2666 jure
666 2610 851 2651 nostro
866 2638 883 2665 ,
906 2598 1001 2652 ubi
1026 2603 1224 2653 mentio
1251 2603 1343 2654 fiat

338 2670 407 2722 de
440 2670 790 2728 abdicatione.
830 2698 852 2723 ιι
869 2676 1148 2730 Abdicatio
1168 2701 1191 2724 ιο
1227 2676 1344 2747 (in-

339 2755 455 2824 quit
491 2755 854 2811 Diocletianus
890 2761 1208 2831 imperator,
1245 2760 1337 2814 lib.

339 2835 437 2898 Vl,
474 2833 530 2886 C.
568 2833 635 2888 de
666 2852 803 2910 patr.
841 2840 1143 2910 potestate)
1182 2859 1338 2912 mque

342 2933 366 2956 ι
386 2930 555 2981 graeco
575 2934 723 2969 more
741 2917 809 2969 ad
825 2915 1132 2971 alienandos
1146 2917 1341 2971 liberos

342 3012 365 3036 ι
386 3006 694 3065 usurpatur,
724 3009 776 3047 et
810 2985 1094 3064 inanimem
1124 2993 1341 3050 dic'eba-

342 3094 365 3118 ·
388 3084 497 3137 tur,
538 3078 768 3129 romanis
808 3077 1013 3147 legibus
1046 3096 1154 3131 non
1192 3096 1337 3131 com-

340 3170 364 3194 ·
390 3151 691 3219 probatur.»
708 3153 789 3206 Ad
800 3155 1119 3221 alienandos,
1135 3159 1335 3228 accipe,

338 3244 453 3278 non
474 3230 777 3286 vendendos
802 3233 1016 3305 quidem
1040 3246 1131 3286 aut
1153 3236 1338 3306 pigne-

338 3304 572 3372 randos,
600 3310 691 3363 sed
727 3312 1003 3383 pellendos
1034 3324 1088 3363 et
1121 3313 1337 3380 ejicien-

334 3383 441 3436 dos
460 3383 618 3438 domo
636 3390 1021 3461 penatibusque
1038 3391 1259 3457 nostris,
1279 3403 1338 3442 ut

326 3471 448 3538 jam
472 3485 697 3537 prorsus
712 3469 862 3523 nobis
885 3472 1042 3524 alieni
1064 3472 1168 3524 siut
1185 3507 1201 3533 ‚
1226 3489 1336 3524 non

332 3546 437 3596 sui.-
456 3546 569 3597 Hac
588 3559 733 3598 certe
750 3565 903 3618 poena
922 3552 1001 3602 usi
1015 3564 1137 3604 sunt
1147 3550 1333 3619 Greci,

334 3644 431 3678 nec
464 3626 576 3680 ulla
606 3645 731 3698 erga
764 3629 955 3683 liberos
986 3634 1060 3684 eis
1088 3632 1190 3684 alia
1220 3645 1332 3685 erat

329 3708 553 3775 gravior,
576 3722 710 3762 teste
730 3712 888 3764 Dion.
910 3713 1077 3765 Halic-
1101 3714 1202 3767 Sed
1223 3733 1333 3767 non

332 3787 436 3839 nisi
450 3787 518 3838 ob
532 3791 728 3860 grande
747 3792 1086 3858 maleficium,
1109 3792 1189 3845 καὶ
1204 3791 1332 3861 μετὰ

330 3862 483 3930 φέρου
501 3867 770 3921 δικανικοῦ
780 3869 870 3940 (ut
888 3873 1044 3923 etiam
1064 3891 1094 3924 a
1115 3872 1331 3926 Platone

332 3946 584 4017 scriptum
612 3961 692 4000 est
713 3947 806 4001 lib.
833 3951 910 4014 11,
943 3949 1011 4001 de
1036 3950 1330 4020 Legibus),

329 4023 478 4094 quod
506 4024 726 4096 publico
759 4029 1026 4098 preconio
1064 4028 1242 4092 fieret,
1279 4044 1334 4082 et

328 4121 488 4157 causa
502 4108 753 4179 utrinque
769 4107 1085 4180 amplissime
1096 4112 1328 4180 cognita.

328 4180 439 4235 mic
448 4183 598 4236 Plato
610 4186 837 4237 formam
849 4186 1196 4240 abdicationis
1205 4207 1331 4259 prae·

325 4261 528 4316 scribit.
553 4263 712 4320 Certe
737 4263 1010 4320 abdicatos
1043 4265 1142 4333 ali,
1176 4281 1227 4319 et
1260 4266 1328 4320 ab

1430 1810 1522 1862 ord-‘v
1545 1807 1648 1864 rim
1669 1813 1747 1866 ὅθι
1763 1852 1780 1876 ,
1804 1814 1993 1873 couci:
2010 1817 2278 1883 paenoecomic
2304 1819 2349 1873 iv
2368 1822 2438 1889 τῇ

1429 1889 1517 1958 βίῳ
1529 1892 1838 1956 μπαξείλλυν
1855 1896 2071 1951 inim·
2084 1898 2304 1962 σίφωιυ.
2319 1904 2432 1954 Hac

1428 1975 1736 2046 praescripta
1754 1978 1922 2032 forma
1946 1979 2015 2031 ab
2032 1982 2185 2033 initio
2205 1984 2431 2035 Romani

1428 2048 1563 2103 filios
1581 2070 1705 2106 suos
1729 2074 1838 2108 non
1861 2056 2208 2112 abdicabantz
2235 2080 2336 2113 nec
2357 2064 2430 2113 eis

1427 2145 1613 2181 causas
1647 2134 1862 2202 probari
1895 2135 2037 2208 apud
2064 2140 2427 2207 magistratum

1425 2224 1642 2261 necesse
1661 2211 1789 2277 fuit,
1815 2231 1977 2284 quum
2001 2216 2241 2286 privatim
2265 2222 2431 2290 majo-

1425 2303 1537 2338 rem
1560 2290 1719 2340 etiam
1742 2303 2056 2360 potestatem
2077 2292 2335 2348 haberent
2356 2299 2428 2348 vi-

1422 2379 1487 2418 tae
1515 2381 1564 2420 et
1593 2372 1770 2423 necis:
1803 2372 1898 2425 sed
1925 2391 2032 2425 una
2054 2388 2165 2425 erat
2190 2377 2423 2445 cognitio

1420 2447 1586 2515 patris
1617 2461 1668 2500 et
1692 2450 2092 2503 animadversio.
2118 2451 2279 2522 Quod
2304 2456 2426 2523 quia

1420 2525 1582 2597 longo
1620 2531 1897 2584 intervallo
1934 2531 2271 2586 emendatum
2310 2548 2389 2586 est
2408 2571 2426 2601 ‚

1420 2618 1480 2657 ut
1498 2605 1550 2658 id
1570 2610 1708 2678 patri
1720 2648 1736 2675 ‚
1757 2612 1860 2663 nisi
1877 2629 2038 2665 causa
2056 2614 2293 2682 cognita,
2312 2632 2424 2665 non

1418 2682 1626 2753 liceret,
1648 2706 1762 2758 quae
1774 2690 1948 2742 forma
1964 2709 1993 2742 a
2007 2691 2198 2744 Graecis
2211 2706 2424 2764 sumpta

1419 2775 1523 2830 est,
1543 2763 1663 2818 idco
1684 2770 1891 2840 scripsit
1908 2769 2298 2836 Diocletianus,
2314 2772 2422 2824 suis

1417 2844 1747 2914 temporibus
1770 2845 1881 2899 haec
1902 2865 2074 2918 groeco
2098 2867 2246 2900 more
2269 2867 2424 2901 usur-

1416 2923 1547 2990 pari.
1580 2925 1720 2975 Nam
1752 2926 1800 2977 si
1832 2927 1948 2997 quis
1981 2927 2422 2997 interpretaretur

1417 2997 1624 3070 legibus
1669 3004 1902 3056 romanis
1948 3021 2158 3056 omnem
2202 3005 2418 3056 omnino

1415 3077 1738 3150 prohibitam
1783 3084 1946 3137 fuisse
1992 3084 2385 3137 abdicationem
2403 3125 2419 3152 ,

1415 3161 1747 3228 ignoratione
1762 3161 1989 3215 historias
2005 3165 2287 3220 aberraret.
2304 3165 2413 3218 Cic.

1415 3235 1510 3288 lib.
1535 3240 1557 3288 Ι
1580 3236 1646 3289 de
1673 3237 1865 3292 finibus
1882 3278 1899 3306 ,
1923 3240 1989 3292 de
2017 3241 2127 3294 filio
2159 3243 2418 3314 Torquati

1418 3313 1594 3367 Silano
1608 3338 1624 3379 ;
1636 3316 1752 3368 val.
1770 3318 1908 3369 Max.
1925 3317 2086 3386 lib.V,
2102 3318 2163 3387 8‘,
2178 3320 2211 3373 3
2222 3358 2239 3386 ‚
2253 3320 2320 3374 de
2334 3341 2420 3375 eo-

1416 3395 1553 3449 dem.
1570 3396 1716 3449 Idem
1731 3397 1890 3466 lib.V‚
1904 3416 2022 3470 cap.
2037 3417 2089 3470 7,
2104 3418 2131 3452 2
2146 3425 2158 3452 ε
2172 3403 2418 3457 Caesetius

1416 3494 1577 3548 eques
1628 3493 1878 3529 romanus
1898 3514 1916 3543 ,
1958 3480 2048 3549 qui
2095 3480 2285 3532 Caesari
2329 3485 2417 3552 ju-

1410 3556 1557 3609 benti
1594 3569 1656 3608 ut
1692 3558 1972 3627 quemdam
2002 3559 2229 3613 filiorum
2266 3562 2416 3614 abdi-

1412 3647 1557 3688 caret
1573 3672 1589 3699 ‚
1613 3636 1886 3707 respondit
1906 3660 1918 3689 :
1958 3660 1980 3685 κ
1998 3638 2231 3694 Celerius
2258 3639 2387 3691 mihi
2402 3675 2419 3703 ‚

1419 3737 1442 3760 κ
1461 3715 1647 3780 caesar,
1668 3732 1849 3768 omnes
1868 3716 2004 3769 filios
2021 3736 2168 3770 meos
2192 3718 2385 3788 eripies
2398 3755 2415 3781 ,

1416 3817 1439 3841 ι
1461 3814 1619 3866 quam
1650 3813 1713 3846 ex
1745 3794 1825 3848 his
1856 3815 2022 3848 unum
2053 3810 2185 3848 nota
2219 3794 2415 3866 pellam

1417 3895 1440 3919 ι
1458 3890 1593 3924 mea.
1620 3895 1642 3920 n·
1677 3872 1958 3924 Suetonius
1993 3876 2047 3925 in
2077 3875 2331 3939 Octavio,
2363 3893 2412 3926 c.

1409 3949 1509 4003 65:
1541 3972 1563 3995 ι
1582 3950 1870 4021 Agrippam
1905 3949 1975 4001 ob
2006 3951 2274 4020 ingenium
2303 3969 2414 4004 sor-

1416 4051 1440 4075 ·
1459 4027 1641 4079 didum
1685 4045 1746 4078 ac
1791 4029 1943 4079 ferox
1987 4026 2253 4081 abdicavit
2270 4067 2288 4096 ,
2334 4048 2413 4086 se·

1415 4131 1437 4155 ι
1456 4110 1745 4180 posuitque
1777 4108 2106 4162 Surrentum.
2126 4134 2149 4158 ιι
2184 4113 2406 4176 Festus:

1414 4211 1437 4237 a
1455 4189 1718 4243 Abdicare
1730 4231 1747 4258 ,
1767 4204 1847 4243 est
1867 4195 2017 4264 quasi
2033 4212 2142 4246 non
2164 4193 2338 4248 dicere
2357 4209 2413 4248 et

1414 4291 1436 4316 α
1458 4285 1649 4339 negare
1695 4267 1922 4323 filium.»
1978 4270 2107 4325 Pfin.
2152 4272 2243 4329 lib.
2273 4275 2413 4340 vlL,
