3200 5117
762 540 1604 609 DECLAMATIONES.
1652 543 2031 612 CCCXIV.
2324 549 2452 638 269

352 691 476 765 per
498 688 746 736 omnes
770 688 1004 735 rerum
1028 683 1291 736 naturae
1322 683 1545 763 partes
1571 664 1852 764 spiritus
1876 667 2114 740 affuit:
2139 688 2281 741 erat
2307 668 2452 742 illie

354 780 704 880 potentior
729 778 951 853 testis:
989 805 1135 852 non
1172 780 1463 879 quidem
1500 780 1691 880 apud
1720 780 2038 881 judicem
2075 784 2288 879 dicet,
2323 812 2455 859 nec

354 918 705 970 oratorum
736 891 1274 996 interrogabitur
1298 897 1561 968 artibus
1580 911 1598 941 ¹
1619 951 1639 986 ,
1671 896 1793 969 sed
1822 896 2145 996 loquetur
2168 928 2283 973 ore
2306 927 2455 975 ves-

354 1033 481 1085 tro.
524 1015 634 1084 Tu
681 1012 1010 1104 forsitan,
1058 1038 1283 1111 quum
1333 1011 1672 1084 miserum
1719 1031 1988 1111 patrem
2033 1014 2453 1108 trucidares,

358 1128 722 1200 tollentem
772 1127 863 1199 ad
907 1127 1129 1199 sidera
1175 1153 1426 1199 manus
1473 1126 1739 1216 resisti3
1793 1127 2005 1198 inane
2052 1126 2186 1199 hoc
2247 1156 2456 1228 supra

356 1269 516 1336 noS,
535 1269 977 1343 vacuumque
999 1269 1165 1316 cura
1184 1243 1564 1315 caelestium
1586 1241 1899 1341 putabas.
1921 1244 2100 1316 Sunt
2129 1241 2247 1314 illa
2264 1269 2452 1336 vera,

358 1341 509 1458 quae
556 1381 858 1432 extremo
904 1359 1142 1432 miseri
1187 1358 1435 1458 spiritu
1482 1357 1923 1449 dicebantur,
1973 1357 2190 1430 Dabis
2236 1358 2454 1450 mihi,

356 1473 707 1567 scelerate,
746 1489 1052 1574 poenas2:
1087 1498 1460 1574 persequar
1484 1472 1944 1571 quandoque,
1975 1494 2042 1545 et
2069 1499 2454 1546 occurram.

354 1592 442 1662 Et
482 1589 673 1689 quod
715 1588 803 1661 ad
845 1616 961 1662 me
1004 1588 1292 1686 quidem
1335 1587 1669 1686 pertinet,
1707 1587 2017 1686 judices,
2059 1615 2200 1660 non
2243 1589 2453 1662 aliam

356 1705 569 1807 hujus
590 1705 958 1778 dementiae
986 1724 1228 1804 putem
1246 1702 1459 1775 fuisse
1480 1703 1856 1795 rationem,
1888 1731 2043 1803 quae
2079 1706 2283 1806 coepit
2301 1728 2457 1807 post
2555 1797 2560 1801 .

358 1819 913 1894 absolutionem:
954 1845 1086 1891 nec
1120 1839 1357 1890 tamen
1400 1817 1525 1890 illa
1559 1818 1738 1890 mihi
1766 1846 1946 1891 vana
1984 1823 2454 1920 quorumdam

359 1934 634 2008 videtur
675 1962 816 2007 esse
858 1934 1245 2035 persuasio,
1293 1934 1416 2034 qui
1465 1934 1795 2025 credunt,
1848 1962 1993 2007 non
2040 1936 2454 2010 extrinsecus

361 2052 490 2123 has
539 2051 753 2122 furias
800 2051 1036 2124 venire
1065 2109 1085 2144 ,
1132 2077 1260 2123 nec
1312 2049 1526 2124 ullius
1572 2050 1866 2124 deorum
1916 2052 2223 2152 impulsu
2273 2052 2457 2125 hanc

364 2165 772 2240 mortalibus
802 2166 1124 2240 incidisse
1155 2166 1623 2238 dementiam:
1657 2167 1780 2240 sed
1802 2168 1993 2240 nasci
2030 2168 2258 2241 intus:
2295 2195 2459 2241 con-

362 2280 731 2354 scientiam
765 2308 914 2355 esse
933 2341 951 2373 ,
981 2309 1132 2382 quae
1166 2301 1530 2381 torqueat:
1563 2282 1888 2354 animum
1917 2308 2098 2372 esse,
2134 2283 2255 2383 qui
2281 2304 2452 2355 urat.

363 2397 630 2467 Iterum
659 2398 1005 2494 gratulor:
1031 2396 1210 2470 bene
1233 2396 1514 2468 hercule
1538 2397 1801 2469 factum
1822 2416 1949 2488 est,
1975 2396 2163 2497 quod
2190 2397 2460 2470 etiamsi

362 2538 609 2585 omnes
647 2507 1144 2604 fefellerimuS,
1189 2509 1496 2612 effugere
1549 2539 1695 2584 non
1748 2538 2116 2613 possumus
2157 2538 2308 2585 nos.
2359 2509 2459 2585 Ite

363 2652 591 2719 nunc,
627 2648 693 2699 et
725 2626 933 2700 dicite
962 2655 976 2698 :
1023 2626 1313 2699 demens
1347 2645 1528 2715 erat,
1568 2653 1795 2724 quum
1830 2627 2180 2698 confessus
2214 2646 2333 2698 est.
2373 2630 2463 2698 At

366 2745 542 2817 mihi
566 2741 843 2819 videtur
867 2745 1154 2817 demens
1186 2744 1435 2836 fuisse,
1471 2753 1696 2843 quum
1724 2743 1996 2816 occidit.
2021 2746 2205 2843 Ergo
2236 2743 2462 2842 quod-

367 2885 642 2959 cunque
674 2859 852 2932 illud
885 2860 1137 2932 furoris
1166 2886 1426 2960 genuS,
1460 2879 1582 2931 aut
1617 2885 1819 2959 poena
1852 2886 1894 2930 a
1920 2858 2053 2930 diis
2086 2858 2461 2930 immorta-

367 2969 553 3044 libus
585 2975 947 3046 constituta
968 3030 988 3064 ,
1023 2995 1146 3047 aut
1172 2974 1510 3046 confessio
1542 2974 1865 3071 quaedam
1897 2973 2211 3045 nocentis
2244 2972 2463 3045 animi

369 3085 728 3161 videretur.
753 3090 1139 3175 Videamus
1171 3111 1406 3162 tamen
1434 3088 1792 3189 quomodo
1820 3088 2214 3160 insanierit:
2248 3087 2303 3160 si
2342 3113 2464 3187 per

368 3199 742 3301 praecipitia
776 3205 1088 3295 ferretur,
1128 3204 1428 3276 dicerem
1454 3259 1474 3292 ,
1515 3202 1658 3300 agit
1697 3202 1953 3302 aliquis
1987 3200 2360 3274 deorum-³:
2403 3202 2460 3274 si

447 3398 490 3433 t.
514 3382 640 3436 Non
663 3382 929 3455 quidem...
955 3383 1164 3434 artibus.
1189 3381 1272 3432 An
1294 3382 1376 3432 in-
1454 3381 1634 3432 Amer.
1666 3375 1863 3440 XXIV3
1904 3392 1955 3430 et
1989 3375 2056 3429 de
2087 3373 2269 3448 Legit).
2304 3380 2353 3446 1,
2380 3378 2461 3445 14.

365 3461 652 3534 telligenda
668 3465 1044 3516 tormenta?an
1063 3460 1373 3542 legendum,
1453 3489 1525 3501 -
1552 3461 1840 3514 Videt-etur.
1865 3457 2064 3511 Schult.
2093 3459 2306 3512 videtur.

369 3560 478 3595 non
496 3544 705 3615 quidem
733 3546 947 3599 testibus.
973 3545 1192 3597 Senum.
1218 3540 1377 3594 Artu-
1526 3539 1578 3591 3.
1614 3539 1741 3613 Agit
1771 3538 1978 3609 aliquis.
2013 3536 2223 3611 Aliquis
2253 3540 2465 3590 deorum

371 3622 489 3687 bus,
506 3623 759 3674 Latinius.
780 3625 905 3676 Non
925 3621 1136 3695 quidem
1156 3621 1372 3686 artibus,
1456 3615 1598 3668 hunc
1630 3616 1823 3689 agitat,
1850 3616 1957 3666 ΔΕΓ.
1987 3614 2132 3666 Nihil
2159 3627 2337 3679 muta,
2371 3610 2468 3663 sed

368 3702 458 3753 sed
489 3701 733 3775 loquetur
756 3723 807 3757 o.
838 3722 888 3754 v.
922 3703 1128 3754 omissis
1159 3699 1377 3772 reliquis
1456 3695 1563 3750 vid.
1596 3698 1778 3748 Heius.
1809 3693 1878 3747 ad
1900 3693 2054 3749 Ovid.
2082 3697 2194 3749 Art.
2224 3697 2302 3759 11,
2330 3691 2464 3760 4965

371 3777 508 3830 Pith.
536 3779 659 3832 edit.
1459 3786 1514 3829 et
1535 3794 1637 3828 nos
1665 3774 1733 3827 ad
1760 3774 1943 3827 Vellei.
1974 3776 2051 3841 11,
2077 3775 2164 3826 31.
2195 3775 2363 3824 Bonu.
2395 3799 2467 3808 —
2573 3799 2584 3812 ·

447 3871 498 3906 2.
528 3855 814 3924 Scelerate,
844 3874 1039 3929 ρωπος.
1069 3857 1146 3907 Ex
1172 3853 1378 3925 Virgilii
1456 3856 1525 3906 In
1570 3853 1741 3905 obvios
1787 3862 2083 3905 occurreret.
2135 3851 2428 3901 lucan-eret
2448 3886 2467 3913 ,

371 3937 491 3989 AEn.
508 3937 596 4004 lv,
611 3937 745 3992 386:
774 3961 797 3985 ι
815 3937 1075 3992 Omnibus
1094 3934 1280 3988 umbra
1300 3935 1377 3986 lo—
1455 3935 1568 3986 Lat.
1607 3944 1661 3984 et
1690 3932 1764 3983 ita
1796 3929 2172 3999 Schultingius.
2209 3925 2285 3977 lta
2318 3923 2464 3978 Decl.

378 4035 403 4061 α
422 4016 498 4068 cis
512 4014 693 4085 adero,
712 4015 881 4084 dabis,
897 4013 1159 4087 improbe,
1174 4031 1378 4087 poenas,
1457 4014 1530 4065 111
1540 4035 1552 4064 ε
1576 4035 1599 4060 «ι
1622 4013 1893 4064 Incurrere
1913 4010 1967 4063 in
1989 4028 2197 4070 sexum3
2219 4032 2240 4056 ι
2267 4021 2320 4061 et
2337 4008 2464 4059 lust.

377 4117 402 4143 α
421 4108 524 4149 etc.
546 4120 569 4146 ιο
610 4093 716 4151 Ubi
752 4095 1009 4151 videndus
1045 4094 1215 4149 cerda
1233 4135 1251 4163 ,
1289 4096 1379 4168 qui
1459 4090 1551 4143 lib.
1574 4089 1674 4157 XI,
1700 4108 1819 4163 cap.
1848 4107 1894 4156 r,
1917 4091 1965 4158 S.
1997 4088 2096 4142 86:
2126 4083 2467 4141 «Pestilentia

370 4174 516 4229 hunc
540 4176 718 4231 locum
744 4193 960 4248 quoque
984 4174 1058 4226 ibi
1085 4172 1284 4227 laudat.
1311 4204 1380 4214 —
1465 4194 1489 4219 ι
1508 4172 1726 4225 incurrit
1767 4171 1823 4223 in
1868 4167 2125 4242 aliqueun
2147 4193 2171 4217 ιι
2222 4179 2273 4220 et
2321 4165 2462 4220 alibi.

374 4254 485 4310 Has
495 4254 687 4327 fimas.
702 4255 839 4309 vide
857 4255 1102 4308 Ciceron.
1126 4271 1225 4327 pro
1249 4249 1376 4306 Ros.
1460 4251 1632 4304 Bm.
