3200 5117
819 548 947 616 530

1396 539 1930 605 CALPURNII
1978 538 2315 604 FLACCI

815 671 1005 772 quod
1051 695 1140 740 ne
1188 687 1343 767 post
1383 667 1996 739 denunciationem
2044 664 2331 762 quidem
2378 665 2720 738 creditum
2774 662 2927 739 est!

816 786 976 858 Fuit
1008 786 1078 856 in
1112 783 1247 855 illis
1279 808 1557 854 summa
1591 782 1851 880 pietas;
1888 781 2207 881 placuere
2240 781 2689 879 parentibus:
2720 808 2927 854 snm-

817 928 939 975 ma
983 897 1382 998 frugalita53
1437 896 1850 997 displicuere
1904 897 2160 969 lenoni.
2215 899 2326 969 Tu
2374 917 2439 969 te
2474 898 2637 999 jure
2690 896 2925 969 audes

819 1015 1243 1089 defendere?
1291 1014 1468 1087 nihil
1520 1015 1584 1086 ei
1634 1013 1832 1102 licet,
1888 1014 1959 1084 in
2018 1040 2233 1112 quem
2276 1014 2468 1086 -uihil
2521 1040 2667 1085 non
2724 1015 2917 1087 licet.

816 1129 1282 1221 Denunciavi,
1319 1127 1581 1227 inquit:
1620 1127 1944 1200 novimus
1977 1126 2316 1200 lenonum
2352 1125 2625 1200 venales
2656 1130 2919 1201 minas.

815 1246 1188 1347 lujat-iam,
1216 1244 1469 1344 inquit,
1497 1243 1846 1315 faciebant
1879 1243 2251 1342 mancipiis
2278 1242 2487 1316 meis:
2515 1242 2691 1341 quid
2715 1245 2920 1315 enim

820 1362 1013 1434 aliud
1044 1362 1116 1433 in
1150 1360 1290 1452 his,
1320 1386 1535 1459 quam
1563 1358 1895 1459 injuriam
1924 1357 2209 1431 vendis?

1571 1565 1767 1611 PARS

1816 1564 2159 1611 ALTERA.

915 1697 1053 1769 Ubi
1077 1697 1252 1797 quid
1282 1698 1600 1770 futurum
1637 1717 1736 1771 est
1767 1696 2304 1785 denunciatum,
2338 1695 2548 1797 culpa
2578 1696 2913 1794 patientis

829 1832 946 1883 est.

822 2055 910 2074 m
919 2054 1208 2075 mmm
1213 2054 1597 2076 mm
1603 2054 1698 2074 m

1790 2245 1942 2319 VI.

1374 2474 1660 2545 Decreto
1689 2472 1770 2543 de
1798 2475 2013 2545 reditu
2040 2489 2057 2520 ¹
2096 2479 2366 2547 occisus.

826 2675 1186 2738 Adolescens
1230 2676 1404 2736 dives
1459 2677 1735 2752 nobilia,
1791 2676 2134 2760 hospitatus
2180 2677 2345 2760 apud
2395 2677 2685 2740 exsulem:
2731 2680 2914 2739 exsul

906 2774 1143 2855 scripsit
1182 2775 1461 2849 senatui,
1498 2773 1653 2833 velle
1695 2794 1761 2832 se
1801 2774 2073 2834 indicare
2112 2774 2188 2834 de
2230 2776 2510 2835 affectata
2550 2774 2913 2856 tyrannide.

904 2873 1157 2932 Senatus
1176 2870 1593 2929 revocandum
1615 2872 1876 2948 censuit,
1896 2870 2015 2932 hoe
2034 2873 2225 2932 divite
2245 2874 2731 2935 contradicente:
2752 2872 2926 2934 dum

907 2968 1231 3030 revertitur
1249 2966 1447 3042 exsul,
1471 2968 1706 3027 occisus
1724 2982 1842 3027 est:
1864 2985 2183 3030 accusatur
2205 2970 2374 3031 dives
2398 2972 2691 3034 affectam
2710 2986 2926 3055 tyran-

908 3066 1093 3126 nidis.

1493 3215 1819 3261 CONTRA
1870 3216 2256 3263 DIVITEM.

927 3348 1419 3447 Intercepisse²
1445 3367 1509 3419 te
1552 3368 1751 3446 putas
1788 3349 2164 3422 indicium:
2198 3350 2344 3449 ipse
2375 3350 2617 3424 fecisti.
2657 3352 2929 3424 Secun-

835 3550 992 3586 ausos
1012 3532 1170 3601 dicis,
1187 3536 1278 3606 qui
1300 3546 1399 3585 tuoe
1419 3533 1619 3586 scilicet
1638 3534 1840 3588 denun-

837 3616 1054 3669 ciationi
1083 3635 1190 3667 nou
1220 3615 1573 3669 erediderunt.
1602 3617 1837 3670 Gnonov.

841 3700 1104 3768 Quantum
1133 3697 1247 3748 ausi
1279 3708 1431 3759 simu·
1462 3710 1519 3748 ut
1550 3697 1696 3749 Decl.
1733 3699 1836 3748 lx:

842 3802 866 3824 a
885 3779 1111 3829 Tantum
1133 3793 1292 3828 ausus
1313 3789 1409 3827 est.
1433 3801 1455 3824 n
1479 3777 1699 3829 Senum.
1716 3777 1842 3828 Mal·

836 3855 971 3921 lem,
1004 3865 1259 3930 quantum
1296 3874 1448 3908 ausus
1479 3867 1582 3923 est,
1618 3858 1705 3906 cui
1742 3873 1838 3907 ne.-

840 3938 1036 3990 acilieet
1091 3936 1244 3999 leno;
1288 3952 1545 4009 quantum
1589 3950 1641 3989 et
1680 3954 1840 4010 quam

839 4015 1149 4068 incredibile
1193 4014 1363 4068 scelus
1401 4017 1528 4068 fecit
1577 4016 1733 4081 leno,
1773 4014 1840 4067 de

840 4111 949 4164 quo
974 4096 1146 4146 omnia
1174 4094 1446 4147 credibilia
1471 4108 1621 4164 sunt,
1641 4093 1734 4147 sed
1753 4095 1842 4147 cui

837 4185 961 4241 post
1010 4172 1476 4225 denunciationem
1522 4176 1681 4229 etiam
1729 4192 1840 4226 non

838 4252 1123 4318 creditum,
1148 4266 1247 4306 etc.
1275 4256 1440 4307 Buau.

1998 3553 2042 3588 1.
2067 3536 2280 3589 Decreta
2304 3539 2367 3589 de
2388 3537 2573 3590 reditu.
2604 3539 2826 3594 Demea
2856 3558 2931 3591 re·

1919 3616 2030 3667 dita
2053 3616 2257 3668 occisus.
2283 3619 2501 3671 Sem-r.
2525 3647 2600 3657 -
2620 3618 2930 3671 Adolescens

1920 3698 2074 3749 dives.
2092 3699 2305 3750 Confer.
2326 3697 2475 3751 Decl.
2492 3700 2679 3767 Quint·
2705 3699 2930 3765 Occu,

1921 3797 2037 3850 quae
2057 3792 2135 3831 est
2155 3778 2389 3849 ejusdem
2410 3780 2727 3849 argumenti.
2752 3780 2873 3833 scu.

1995 3875 2040 3909 2.
2076 3858 2418 3930 Inter-cepisse.
2451 3858 2594 3911 Suet.
2629 3859 2761 3911 Ces.
2796 3858 2894 3912 XX
2914 3879 2931 3908 ε

1926 3960 1949 3985 ι
1967 3940 2310 4011 Intercepisse
2328 3938 2556 3992 indicem
2575 3958 2804 3991 veneno.
2827 3963 2849 3985 ιι
2868 3941 2938 3992 Et

1918 4017 1991 4070 ita
2022 4016 2162 4070 idem
2194 4017 2377 4071 Claud.
2403 4021 2451 4085 1,
2472 4019 2598 4070 Ner.
2625 4018 2837 4070 XXXV.
2858 4047 2939 4059 --

1920 4097 2035 4169 Ipse
2063 4097 2257 4167 fecisti.
2294 4094 2415 4150 Scil.
2458 4096 2733 4150 indicium.
2768 4094 2937 4149 ovid.

1918 4175 2014 4245 Ep.
2045 4175 2192 4241 XVI,
2221 4175 2314 4243 241
2338 4196 2351 4227 ε
2382 4195 2404 4221 α
2421 4174 2785 4250 Indiciumque
2812 4177 2931 4230 mei

1927 4278 1950 4303 ιι
1968 4255 2091 4308 licto
2120 4256 2222 4309 sub
2255 4259 2471 4311 nomine
2505 4258 2626 4311 feci.
2649 4279 2673 4307 ι
