3200 5117
757 519 884 605 472
1252 515 1348 580 M.
1396 516 1646 580 FABII
1693 515 2336 598 QUINTILIANI

758 637 983 710 vellet.
1012 637 1427 726 Inimicum,
1453 638 1713 736 inquit,
1740 665 1980 709 meum
2010 637 2269 711 alebat:
2297 638 2610 713 miraris?
2639 640 2850 713 mise-

761 755 968 827 ricors
995 776 1137 827 est:
1182 775 1248 826 et
1272 755 1404 825 hoc
1440 768 1455 798 ¹
1474 753 1794 826 accusas?
1822 756 2053 826 forsan
2083 781 2227 827 non
2263 781 2627 854 personam
2662 758 2849 829 aesti-

761 871 1010 958 mavit,
1054 869 1172 940 sed
1214 870 1613 941 fortunam:
1659 891 1760 941 est
1798 869 1928 941 hoc
1962 870 2216 940 vitium
2258 869 2486 941 illius:
2523 895 2752 967 nuper
2782 891 2850 941 et

763 984 1050 1084 raptoris
1086 985 1387 1056 miserita
1415 1007 1539 1057 est.
1570 985 1707 1058 Sed
1739 984 1912 1084 quid
1948 1006 2090 1056 tam
2125 983 2320 1056 valde
2354 985 2478 1057 iste
2508 985 2844 1084 peccavit,

764 1123 840 1172 ut
881 1101 1057 1172 mori
1103 1100 1386 1173 debeat?
1428 1128 1571 1191 me,
1623 1101 1882 1198 inquit,
1935 1102 2158 1199 perire
2195 1100 2434 1172 voluit.
2472 1101 2845 1192 'latitat-is,

764 1215 954 1312 quod
990 1215 1220 1314 arguis
1254 1244 1269 1287 :
1308 1241 1467 1313 ergo
1510 1216 1845 1314 peccavit,
1894 1215 2084 1287 idem
2122 1214 2329 1305 facis3
2374 1214 2847 1288 crudelitatem

763 1352 829 1402 et
851 1357 1126 1402 accusas
1150 1351 1216 1402 et
1238 1331 1548 1402 imitaris.
1570 1329 1704 1402 Sed
1734 1329 1847 1402 ille
1873 1330 2150 1419 merito;
2175 1331 2433 1430 quippe
2461 1351 2802 1429 raptorem
2827 1359 2845 1402 :

764 1466 932 1545 puta
960 1472 1266 1545 peccasse
1295 1474 1309 1518 :
1348 1445 1703 1535 satisfecit,
1738 1464 1964 1544 rogat,
1999 1444 2210 1517 miser
2242 1465 2382 1516 est:
2417 1443 2647 1517 hostes
2681 1471 2848 1543 quo-

766 1587 904 1656 que
945 1580 1278 1658 parcunt:
1323 1559 1626 1657 denique
1668 1558 1812 1630 haec
1843 1559 2142 1630 meruit:
2179 1558 2364 1630 hanc
2407 1557 2688 1656 respice.
2751 1558 2848 1628 Te

766 1701 1082 1772 quoque,
1108 1674 1373 1772 inquit,
1403 1675 1749 1746 abdicavit
1776 1701 1790 1743 t
1826 1673 2136 1770 relinque
2166 1673 2691 1745 aestimationem
2725 1673 2850 1771 ipsi

771 1789 1027 1861 doloris
1057 1790 1161 1861 sui
1190 1817 1205 1860 ε
1243 1789 1390 1861 sine
1424 1790 1571 1887 ipsa
1593 1786 1960 1860 vindicet-³.
1994 1788 2130 1861 Sed
2164 1815 2290 1860 cur
2322 1788 2672 1861 vindicet?
2705 1814 2855 1860 me-

771 1902 903 1974 rito
939 1902 1254 1976 abdicata
1294 1923 1394 1975 est
1429 1931 1444 1974 z
1491 1923 1554 1973 te
1598 1922 2012 1991 servaverat,
2055 1903 2317 1974 meruit
2353 1904 2682 1974 exsulare.
2722 1904 2853 1975 Sed

772 2040 944 2117 puta
982 2018 1232 2118 injuste
1281 2019 1671 2108 abdicasse,
1714 2038 1904 2115 pater
1943 2037 2087 2088 est:
2143 2044 2284 2088 non
2334 2017 2738 2117 respicimus
2785 2017 2856 2088 in

775 2132 1120 2231 ejusmodi
1155 2133 1472 2222 fortuna,
1499 2132 1669 2229 quid
1710 2132 2060 2204 meruerit.
2085 2131 2408 2228 Denique
2445 2131 2619 2229 quid
2657 2132 2860 2203 faciet

768 2244 1052 2333 mulier,
1085 2272 1307 2344 quum
1352 2246 1439 2318 ad
1469 2245 1813 2345 januam4
1839 2244 2140 2318 venerit?
2172 2266 2242 2317 et
2268 2247 2693 2344 quantulum
2722 2267 2855 2334 est,

776 2356 965 2455 quod
994 2358 1302 2456 praestat?
1331 2386 1471 2456 quo
1498 2386 1689 2432 nunc
1720 2387 1791 2432 se
1820 2359 2074 2432 misera
2101 2359 2447 2432 conferet?
2476 2387 2636 2432 cum
2665 2381 2860 2458 patre

772 2472 1115 2545 nimirum
1148 2475 1702 2548 mendicandum
1736 2475 1945 2547 habet
1974 2502 1989 2545 :
2024 2475 2226 2546 facile
2254 2495 2489 2548 tamen
2525 2473 2858 2545 maritum

777 2587 1117 2661 inveniet:
1151 2611 1422 2662 tantum
1446 2616 1536 2662 ne
1567 2589 1860 2687 impune
1888 2589 2044 2662 laesa
2070 2589 2190 2679 sit,
2218 2590 2532 2661 solatium
2558 2586 2745 2684 petit.

778 2774 1004 2825 rioribus
1025 2796 1038 2825 ε
1080 2775 1126 2826 si
1161 2775 1232 2827 ad
1270 2777 1532 2850 inqu-atum
1576 2776 1777 2827 reverti.
1849 2776 2053 2847 forsan.
2091 2777 2216 2830 Non
2248 2792 2510 2847 personam
2528 2810 2544 2838 ,
2586 2769 2852 2824 AErodius.

775 2853 941 2905 Grion.
973 2853 1407 2905 Matrimonium?
1416 2856 1543 2926 jure
1568 2872 1662 2907 suo
1684 2872 1783 2926 po-
1934 2874 1982 2909 2.
2002 2857 2245 2910 rmum-is.
2266 2857 2521 2909 Imitan's:
2543 2852 2667 2925 quid
2679 2853 2861 2924 arquis

778 2945 927 2998 terat,
945 2948 1043 2987 etc.
1063 2936 1279 2986 Scnnvr.
1295 2935 1591 3005 Distingue‚
1611 2934 1784 3004 Quid?
1861 2940 2015 3013 erqo?
2031 2940 2293 3011 peccavit,
2315 2954 2484 3007 marg.
2511 2933 2684 2988 AErod.
2698 2963 2771 2974 -—
2789 2934 2866 2985 Ec

775 3015 921 3088 quod
941 3016 1337 3068 matrimonium
1353 3016 1380 3065 Ρ
1398 3016 1656 3088 mijun‘s:
1683 3034 1781 3087 po-
1858 3034 2078 3069 accusas.
2107 3020 2188 3069 Cr.
2213 3018 2318 3089 ejus
2334 3033 2568 3068 noctuas.-
2591 3013 2678 3066 sed
2692 3012 2863 3065 imita-

779 3105 912 3147 terat
932 3095 1015 3148 sui
1028 3095 1196 3166 juris,
1219 3107 1279 3147 ut
1299 3108 1448 3160 ante,
1472 3095 1679 3165 nuptias
1700 3095 1782 3147 sui
1859 3094 1926 3148 ris
1944 3133 1961 3159 ,
2004 3094 2186 3147 AErod.
2225 3123 2297 3135 -
2339 3095 2547 3167 Quippe
2587 3105 2859 3165 raptarent.

763 3175 929 3243 juris,
956 3175 1079 3245 quia
1106 3174 1270 3225 invito
1297 3187 1449 3244 patre
1473 3185 1780 3243 optaverat,

780 3266 832 3305 et
847 3256 919 3305 ita
937 3256 1017 3308 sui
1033 3253 1233 3307 arbitrii
1249 3268 1301 3306 et
1319 3253 1523 3307 consilii
1542 3266 1652 3305 erat
1675 3250 1780 3304 hoc

781 3333 1198 3398 matrimonium,
1218 3351 1326 3386 non
1346 3334 1539 3404 patris,
1560 3334 1655 3403 qui
1675 3349 1783 3383 non

780 3407 1011 3478 elegerat
1050 3430 1316 3481 generum.
1363 3410 1502 3463 Male
1550 3408 1784 3461 distinxit

783 3491 940 3540 etiam
954 3488 1271 3544 Obrechms.
1292 3492 1351 3545 Sa·
1369 3489 1525 3544 vellet
1543 3489 1781 3555 mallem;

784 3585 904 3619 nam
924 3565 1011 3619 hic
1032 3566 1214 3620 durior
1231 3568 1318 3621 illa
1339 3568 1533 3640 ellipsis
1559 3567 1785 3634 videtur,

784 3664 943 3720 «luam
989 3647 1115 3702 alias
1155 3652 1505 3718 agnoscimus.
1544 3647 1674 3700 Vide
1720 3647 1785 3699 ad

784 3725 940 3778 ovid.
970 3727 1084 3779 Am.
1107 3730 1158 3790 1,
1185 3728 1248 3794 4,
1274 3744 1356 3797 29.
1383 3728 1550 3779 Banu.

863 3823 905 3857 ι.
948 3807 1061 3861 Hoc
1098 3826 1316 3861 accusas.
1352 3808 1423 3860 Et
1457 3806 1551 3862 hoc
1582 3826 1788 3860 accusas

1863 3175 2068 3247 Quippe
2092 3184 2348 3246 ruptorem
2380 3173 2465 3225 lex
2482 3173 2657 3246 punit.
2683 3170 2861 3225 ahod.

1931 3252 1981 3304 3.
2012 3252 2139 3304 Sina
2160 3252 2268 3324 ipse
2291 3251 2534 3304 vindicet.
2561 3252 2728 3323 Lege:
2757 3252 2866 3303 sine

1865 3329 1975 3403 ipsa
1994 3329 2231 3383 vindicet.
2258 3331 2430 3399 Rapta
2454 3328 2697 3381 dolorem
2721 3327 2867 3380 abdi·

1862 3412 2104 3462 cationis.
2130 3412 2297 3463 Gnon.
2328 3412 2406 3462 Ita
2429 3409 2630 3463 Schult.
2656 3424 2710 3462 et
2736 3408 2865 3463 Obr.

1863 3491 1980 3562 Ipse
1996 3509 2046 3542 se
2071 3488 2324 3557 vindicet,
2349 3490 2530 3544 AErod.

1937 3572 1987 3639 4.
2012 3569 2357 3643 :idjam-am.
2387 3572 2473 3623 Al.
2501 3569 2573 3622 ad
2593 3589 2767 3645 yenua
2791 3590 2872 3622 ve-

1866 3649 2031 3711 nerit,-
2058 3649 2279 3721 supple,
2298 3660 2468 3723 pater,
2496 3669 2661 3722 marg.
2687 3649 2866 3704 AEcod.

1863 3758 1936 3770 —-
1958 3730 2210 3780 Maritum
2236 3728 2478 3781 inveniet.
2506 3728 2588 3780 Al.
2617 3741 2864 3783 manen.-

1867 3825 2034 3877 marg.
