3200 5117
752 575 1593 644 DECLAMATIONES.
1639 579 2009 647 CCCLXI.
2299 585 2425 673 459

327 844 1590 867 wmmmmm

1917 847 1974 869 a
1983 848 2432 872 mmmmm

1135 1044 1549 1122 CCCLX
1580 1046 1641 1119 Ι.

871 1275 1178 1372 Depositi
1202 1277 1385 1372 rapti
1409 1272 1896 1374 quadruplum.

331 1476 469 1554 Qui
507 1492 850 1535 numm-rum
897 1447 1295 1550 amdan-r,
1338 1492 1563 1549 sunm,
1591 1493 1668 1533 ιτ
1708 1492 1826 1533 sm!
1864 1493 2122 1534 untur.
2157 1474 2430 1551 Quidam

420 1594 617 1656 quum
664 1572 1014 1654 depositum
1062 1569 1225 1632 furto
1275 1572 1613 1648 amisisset,
1654 1571 1925 1653 juravit:
1975 1586 2183 1654 postea
2229 1572 2431 1633 furem

421 1672 743 1730 damnavit
757 1713 774 1743 ,
792 1670 993 1749 exegit
1014 1668 1439 1750 quadruplum
1456 1683 1470 1712 ¹
1494 1691 1507 1728 ε
1535 1668 1828 1730 dominus
1851 1668 1972 1731 hoc
1991 1691 2241 1752 quoque
2263 1672 2431 1754 petit.

1037 1859 1738 1926 DECLAMATIO.

443 2018 621 2089 Meae
645 2016 955 2116 pecuniae
984 2018 1281 2090 accessio
1311 2017 1399 2089 ad
1434 2043 1546 2090 me
1582 2017 1896 2118 pertinet.
1928 2018 2123 2110 Quid
2149 2019 2206 2092 si
2241 2020 2430 2092 enim

342 2130 654 2230 cognitor
672 2155 903 2222 mene,
925 2132 1097 2231 quid
1120 2133 1175 2204 si
1199 2153 1594 2233 procurator
1617 2134 1749 2205 hoc
1775 2133 1968 2206 idem·
1990 2133 2436 2234 respondeat?

342 2247 686 2344 denique,
728 2247 899 2345 quid
941 2249 999 2319 si
1043 2246 1414 2320 damnatus
1464 2249 1579 2320 fur
1629 2274 1772 2321 non
1821 2269 2044 2321 totum
2089 2247 2437 2322 solvisset?

345 2385 605 2460 nempe
636 2383 876 2432 meum
910 2361 1251 2433 damnum
1291 2382 1475 2433 erat:
1517 2388 1610 2433 an
1637 2360 1981 2463 jacturam
2020 2361 2240 2433 debeo
2278 2389 2437 2434 sen-

344 2475 510 2565 tire,
551 2476 1014 2549 accessionem
1056 2502 1202 2549 non
1245 2475 1506 2549 debeo?
1548 2477 1697 2577 Ego
1740 2478 1934 2550 enim
1973 2506 2012 2549 a
2049 2499 2114 2550 te
2149 2479 2436 2565 recessi,

346 2618 569 2689 quum
599 2589 881 2693 jurasti3
914 2590 1063 2692 jam
1102 2618 1264 2662 cum
1301 2591 1457 2663 fure
1499 2589 1674 2663 mihi
1717 2591 2084 2692 negotium
2124 2612 2224 2664 est
2261 2620 2275 2662 :
2326 2592 2438 2666 hic

345 2705 695 2806 quidquid
730 2705 1039 2798 solverit,
1076 2704 1164 2778 ad
1199 2734 1312 2779 me
1347 2706 1667 2807 pertinet.

1208 2908 1575 2976 SERMO.

436 3069 712 3150 Contra,
743 3069 854 3136 ille
891 3091 1012 3136 suo
1048 3071 1319 3135 nomine
1362 3071 1571 3160 egisse
1612 3091 1682 3134 se
1725 3066 1934 3146 dicet,
1974 3069 2436 3156 investigasse,

348 3169 710 3242 laborasse:
738 3175 901 3242 illud
930 3196 1249 3268 praeterea
1273 3196 1510 3267 potens
1536 3194 1637 3242 est
1659 3199 1784 3266 pro
1808 3176 1956 3256 illo;
1982 3199 2116 3241 non
2148 3177 2437 3265 potuisse

346 3283 696 3349 dominum
721 3285 905 3350 illum
933 3288 1092 3352 furti
1116 3308 1332 3376 agere.
1366 3289 1599 3376 Itaque
1619 3284 1827 3377 judex
1850 3283 2014 3376 quid
2043 3286 2436 3374 pronuncia-

348 3391 485 3455 vit?
508 3391 818 3457 nimirum
848 3392 1009 3458 mihi
1034 3394 1286 3459 furtum
1313 3415 1455 3461 esse
1481 3393 1751 3459 factum.

430 3583 470 3617 ι.
506 3567 693 3643 Exegit
721 3569 1095 3643 quadruplum.
1128 3571 1350 3641 Quintil.
1430 3567 1553 3636 Vn,
1578 3571 1639 3639 6,
1674 3590 1734 3623 2:
1768 3593 1789 3618 οι
1809 3571 1917 3621 Fur
1944 3569 2300 3642 quadruplum
2328 3569 2439 3622 sol-

352 3647 474 3696 lnst.
498 3647 589 3697 Vl!
608 3684 623 3710 ‚
647 3647 679 3712 4
695 3684 711 3712 ,
735 3646 803 3714 44
819 3686 834 3711 .,
866 3650 1153 3702 certissime
1181 3650 1250 3702 ad
1277 3651 1356 3703 le·
1442 3674 1464 3696 ιι
1483 3665 1589 3703 vat.
1614 3676 1636 3699 n
1664 3653 1760 3703 En.

349 3742 469 3794 gem
493 3725 621 3776 furis
646 3725 906 3791 damnati,
930 3746 1023 3779 seu
1048 3730 1352 3780 manifesta·
1505 3747 1552 3782 2.
1587 3730 1773 3801 Itaque
1793 3730 1979 3801 judex.
2018 3730 2138 3781 Haec
2169 3727 2330 3780 verba
2358 3728 2438 3779 vi-

350 3806 440 3870 rii,
461 3819 518 3856 ut
540 3819 692 3859 vocat
710 3808 946 3861 Tui-neb.
970 3828 1030 3861 ex
1045 3814 1165 3881 jure
1184 3809 1351 3875 civili,
1430 3809 1625 3863 dentur
1651 3828 1764 3862 esse
1795 3810 2206 3862 Declamationis
2221 3847 2238 3874 ‚
2271 3820 2324 3860 et
2356 3827 2438 3860 se-

349 3900 554 3959 spectat
569 3909 582 3939 ε
600 3891 759 3941 immo
775 3889 945 3962 legem
960 3892 1127 3962 ipsam
1141 3893 1324 3944 recitat
1334 3929 1352 3958 ‚
1430 3893 1657 3965 paratim
1672 3891 1923 3964 ponenda
1935 3930 1954 3960 ‚
1969 3904 2027 3944 ut
2041 3909 2194 3962 saepe.
2216 3890 2434 3943 Senum.
