<?xml version="1.0" encoding="UTF-8"?>
<!DOCTYPE html PUBLIC "-//W3C//DTD XHTML 1.0 Transitional//EN"
    "http://www.w3.org/TR/xhtml1/DTD/xhtml1-transitional.dtd">
<html xmlns="http://www.w3.org/1999/xhtml" xml:lang="en" lang="en">
 <head>
  <title>
</title>
<meta http-equiv="Content-Type" content="text/html;charset=utf-8" />
  <meta name='ocr-system' content='tesseract 3.04.00' />
  <meta name='ocr-capabilities' content='ocr_page ocr_carea ocr_par ocr_line ocrx_word'/>
</head>
<body>
  <div class='ocr_page' id='page_1' title='image "./deinstitutioneo00flacgoog_0095.png"; bbox 0 0 3200 5117; ppageno 0'>
   <div class='ocr_carea' id='block_1_1' title="bbox 778 551 2452 643">
    <p class='ocr_par' dir='ltr' id='par_1_1' title="bbox 778 551 2452 643">
     <span class='ocr_line' id='line_1_1' title="bbox 778 551 2452 643; baseline 0.003 -27"><span class='ocrx_word' id='word_1_1' title='bbox 778 551 1617 617; x_wconf 87' lang='lat' dir='ltr'><strong>DECLAMATIONES.</strong></span> <span class='ocrx_word' id='word_1_2' title='bbox 1664 554 2041 619; x_wconf 85' lang='lat' dir='ltr'>CCLXIV.</span> <span class='ocrx_word' id='word_1_3' title='bbox 2369 556 2452 643; x_wconf 88' lang='lat'><strong>89</strong></span> 
     </span>
    </p>
   </div>
   <div class='ocr_carea' id='block_1_2' title="bbox 354 674 2477 4347">
    <p class='ocr_par' dir='ltr' id='par_1_2' title="bbox 354 674 2477 4347">
     <span class='ocr_line' id='line_1_2' title="bbox 360 674 2454 782; baseline 0.001 -33"><span class='ocrx_word' id='word_1_4' title='bbox 360 677 489 749; x_wconf 85' lang='lat' dir='ltr'><strong>tati</strong></span> <span class='ocrx_word' id='word_1_5' title='bbox 528 675 710 748; x_wconf 88' lang='lat' dir='ltr'><strong>hanc</strong></span> <span class='ocrx_word' id='word_1_6' title='bbox 749 674 1702 780; x_wconf 22' lang='lat' dir='ltr'><strong>legumflinterpretationem:</strong></span> <span class='ocrx_word' id='word_1_7' title='bbox 1742 704 1906 750; x_wconf 91' lang='lat' dir='ltr'><strong>nam</strong></span> <span class='ocrx_word' id='word_1_8' title='bbox 1940 680 1996 751; x_wconf 91' lang='lat' dir='ltr'><strong>si</strong></span> <span class='ocrx_word' id='word_1_9' title='bbox 2030 680 2218 779; x_wconf 89' lang='lat' dir='ltr'><strong>apud</strong></span> <span class='ocrx_word' id='word_1_10' title='bbox 2248 681 2454 782; x_wconf 91' lang='lat' dir='ltr'><strong>judi-</strong></span> 
     </span>
     <span class='ocr_line' id='line_1_3' title="bbox 363 788 2456 892; baseline 0.001 -29"><span class='ocrx_word' id='word_1_11' title='bbox 363 792 602 863; x_wconf 81' lang='lat' dir='ltr'><strong>cium¹</strong></span> <span class='ocrx_word' id='word_1_12' title='bbox 629 791 761 863; x_wconf 91' lang='lat' dir='ltr'><strong>hoc</strong></span> <span class='ocrx_word' id='word_1_13' title='bbox 784 816 1060 888; x_wconf 84' lang='lat' dir='ltr'><strong>semper</strong></span> <span class='ocrx_word' id='word_1_14' title='bbox 1088 790 1301 890; x_wconf 86' lang='lat' dir='ltr'><strong>quaeri</strong></span> <span class='ocrx_word' id='word_1_15' title='bbox 1330 790 1415 861; x_wconf 88' lang='lat' dir='ltr'><strong>de</strong></span> <span class='ocrx_word' id='word_1_16' title='bbox 1440 788 1710 889; x_wconf 82' lang='lat' dir='ltr'><strong>legibus</strong></span> <span class='ocrx_word' id='word_1_17' title='bbox 1731 814 2025 890; x_wconf 83' lang='lat' dir='ltr'><strong>oportet,</strong></span> <span class='ocrx_word' id='word_1_18' title='bbox 2050 794 2218 892; x_wconf 90' lang='lat' dir='ltr'><strong>quid</strong></span> <span class='ocrx_word' id='word_1_19' title='bbox 2245 794 2317 865; x_wconf 92' lang='lat' dir='ltr'><strong>in</strong></span> <span class='ocrx_word' id='word_1_20' title='bbox 2345 792 2456 868; x_wconf 74' lang='lat' dir='ltr'><strong>his</strong></span> 
     </span>
     <span class='ocr_line' id='line_1_4' title="bbox 354 905 2457 1009; baseline 0 -31"><span class='ocrx_word' id='word_1_21' title='bbox 354 907 633 1009; x_wconf 84' lang='lat' dir='ltr'><strong>justum</strong></span> <span class='ocrx_word' id='word_1_22' title='bbox 653 964 673 996; x_wconf 86' lang='lat'><strong>,</strong></span> <span class='ocrx_word' id='word_1_23' title='bbox 707 905 880 1005; x_wconf 91' lang='lat' dir='ltr'><strong>quid</strong></span> <span class='ocrx_word' id='word_1_24' title='bbox 911 932 1189 1004; x_wconf 78' lang='lat' dir='ltr'><strong>aequum</strong></span> <span class='ocrx_word' id='word_1_25' title='bbox 1209 962 1228 995; x_wconf 99' lang='lat'><strong>,</strong></span> <span class='ocrx_word' id='word_1_26' title='bbox 1260 905 1430 1001; x_wconf 92' lang='lat' dir='ltr'><strong>quid</strong></span> <span class='ocrx_word' id='word_1_27' title='bbox 1459 906 1873 978; x_wconf 88' lang='lat' dir='ltr'><strong>conveniens</strong></span> <span class='ocrx_word' id='word_1_28' title='bbox 1901 908 1988 981; x_wconf 89' lang='lat' dir='ltr'><strong>sit</strong></span> <span class='ocrx_word' id='word_1_29' title='bbox 2013 908 2298 998; x_wconf 82' lang='lat' dir='ltr'><strong>civitati3</strong></span> <span class='ocrx_word' id='word_1_30' title='bbox 2333 936 2457 980; x_wconf 88' lang='lat' dir='ltr'><strong>su-</strong></span> 
     </span>
     <span class='ocr_line' id='line_1_5' title="bbox 366 1022 2455 1123; baseline 0.002 -28"><span class='ocrx_word' id='word_1_31' title='bbox 366 1049 793 1123; x_wconf 87' lang='lat' dir='ltr'><strong>pervacuum</strong></span> <span class='ocrx_word' id='word_1_32' title='bbox 839 1022 973 1094; x_wconf 87' lang='lat' dir='ltr'><strong>fuit</strong></span> <span class='ocrx_word' id='word_1_33' title='bbox 1017 1022 1224 1094; x_wconf 86' lang='lat' dir='ltr'><strong>scribi</strong></span> <span class='ocrx_word' id='word_1_34' title='bbox 1275 1022 1566 1094; x_wconf 90' lang='lat' dir='ltr'><strong>omnino</strong></span> <span class='ocrx_word' id='word_1_35' title='bbox 1614 1023 1818 1123; x_wconf 76' lang='lat' dir='ltr'><strong>leges.</strong></span> <span class='ocrx_word' id='word_1_36' title='bbox 1867 1025 1953 1095; x_wconf 89' lang='lat' dir='ltr'><strong>Et</strong></span> <span class='ocrx_word' id='word_1_37' title='bbox 1996 1025 2196 1098; x_wconf 90' lang='lat' dir='ltr'><strong>credo</strong></span> <span class='ocrx_word' id='word_1_38' title='bbox 2247 1025 2455 1099; x_wconf 87' lang='lat' dir='ltr'><strong>fuisse</strong></span> 
     </span>
     <span class='ocr_line' id='line_1_6' title="bbox 368 1138 2461 1240; baseline 0.002 -29"><span class='ocrx_word' id='word_1_39' title='bbox 368 1161 688 1238; x_wconf 86' lang='lat' dir='ltr'><strong>tempora</strong></span> <span class='ocrx_word' id='word_1_40' title='bbox 710 1139 1088 1238; x_wconf 86' lang='lat' dir='ltr'><strong>aliquando</strong></span> <span class='ocrx_word' id='word_1_41' title='bbox 1106 1194 1127 1228; x_wconf 91' lang='lat'><strong>,</strong></span> <span class='ocrx_word' id='word_1_42' title='bbox 1148 1166 1302 1238; x_wconf 82' lang='lat' dir='ltr'><strong>quae</strong></span> <span class='ocrx_word' id='word_1_43' title='bbox 1326 1138 1544 1212; x_wconf 89' lang='lat' dir='ltr'><strong>solam</strong></span> <span class='ocrx_word' id='word_1_44' title='bbox 1571 1160 1640 1211; x_wconf 88' lang='lat' dir='ltr'><strong>et</strong></span> <span class='ocrx_word' id='word_1_45' title='bbox 1656 1140 1921 1212; x_wconf 89' lang='lat' dir='ltr'><strong>nudam</strong></span> <span class='ocrx_word' id='word_1_46' title='bbox 1937 1140 2222 1240; x_wconf 83' lang='lat' dir='ltr'><strong>justitiae</strong></span> <span class='ocrx_word' id='word_1_47' title='bbox 2247 1141 2461 1215; x_wconf 90' lang='lat' dir='ltr'><strong>habe-</strong></span> 
     </span>
     <span class='ocr_line' id='line_1_7' title="bbox 368 1254 2465 1355; baseline 0.001 -27"><span class='ocrx_word' id='word_1_48' title='bbox 368 1275 527 1328; x_wconf 87' lang='lat' dir='ltr'><strong>rent</strong></span> <span class='ocrx_word' id='word_1_49' title='bbox 549 1256 1068 1328; x_wconf 81' lang='lat' dir='ltr'><strong>aestimationem</strong></span> <span class='ocrx_word' id='word_1_50' title='bbox 1095 1283 1109 1327; x_wconf 90' lang='lat'>:</span> <span class='ocrx_word' id='word_1_51' title='bbox 1139 1256 1260 1328; x_wconf 89' lang='lat' dir='ltr'><strong>sed</strong></span> <span class='ocrx_word' id='word_1_52' title='bbox 1289 1255 1624 1355; x_wconf 87' lang='lat' dir='ltr'><strong>quoniam</strong></span> <span class='ocrx_word' id='word_1_53' title='bbox 1655 1254 1800 1328; x_wconf 83' lang='lat' dir='ltr'><strong>haec</strong></span> <span class='ocrx_word' id='word_1_54' title='bbox 1821 1257 2119 1355; x_wconf 76' lang='lat' dir='ltr'><strong>ingeniis</strong></span> <span class='ocrx_word' id='word_1_55' title='bbox 2146 1257 2218 1328; x_wconf 89' lang='lat' dir='ltr'><strong>in</strong></span> <span class='ocrx_word' id='word_1_56' title='bbox 2245 1257 2465 1331; x_wconf 87' lang='lat' dir='ltr'><strong>diver-</strong></span> 
     </span>
     <span class='ocr_line' id='line_1_8' title="bbox 367 1369 2458 1472; baseline 0 -28"><span class='ocrx_word' id='word_1_57' title='bbox 367 1397 533 1444; x_wconf 87' lang='lat' dir='ltr'><strong>sum</strong></span> <span class='ocrx_word' id='word_1_58' title='bbox 577 1369 1005 1462; x_wconf 80' lang='lat' dir='ltr'><strong>trahebatur,</strong></span> <span class='ocrx_word' id='word_1_59' title='bbox 1056 1398 1184 1444; x_wconf 91' lang='lat' dir='ltr'><strong>nec</strong></span> <span class='ocrx_word' id='word_1_60' title='bbox 1224 1397 1544 1470; x_wconf 87' lang='lat' dir='ltr'><strong>unquam</strong></span> <span class='ocrx_word' id='word_1_61' title='bbox 1591 1371 1750 1443; x_wconf 85' lang='lat' dir='ltr'><strong>satis</strong></span> <span class='ocrx_word' id='word_1_62' title='bbox 1792 1372 2114 1445; x_wconf 88' lang='lat' dir='ltr'><strong>constitui</strong></span> <span class='ocrx_word' id='word_1_63' title='bbox 2155 1393 2458 1472; x_wconf 85' lang='lat' dir='ltr'><strong>poterat,</strong></span> 
     </span>
     <span class='ocr_line' id='line_1_9' title="bbox 368 1485 2465 1585; baseline -0.001 -27"><span class='ocrx_word' id='word_1_64' title='bbox 368 1485 547 1585; x_wconf 90' lang='lat' dir='ltr'><strong>quid</strong></span> <span class='ocrx_word' id='word_1_65' title='bbox 573 1506 910 1584; x_wconf 83' lang='lat' dir='ltr'>oporteret</span> <span class='ocrx_word' id='word_1_66' title='bbox 926 1543 946 1577; x_wconf 90' lang='lat'><strong>,</strong></span> <span class='ocrx_word' id='word_1_67' title='bbox 972 1506 1152 1559; x_wconf 89' lang='lat' dir='ltr'><strong>certa</strong></span> <span class='ocrx_word' id='word_1_68' title='bbox 1176 1487 1399 1557; x_wconf 74' lang='lat' dir='ltr'><strong>forma</strong></span> <span class='ocrx_word' id='word_1_69' title='bbox 1417 1542 1435 1576; x_wconf 90' lang='lat'><strong>,</strong></span> <span class='ocrx_word' id='word_1_70' title='bbox 1469 1485 1557 1557; x_wconf 90' lang='lat' dir='ltr'><strong>ad</strong></span> <span class='ocrx_word' id='word_1_71' title='bbox 1581 1512 1796 1584; x_wconf 89' lang='lat' dir='ltr'><strong>quam</strong></span> <span class='ocrx_word' id='word_1_72' title='bbox 1817 1486 2199 1559; x_wconf 85' lang='lat' dir='ltr'>viveremus</span> <span class='ocrx_word' id='word_1_73' title='bbox 2216 1544 2235 1576; x_wconf 90' lang='lat'><strong>,</strong></span> <span class='ocrx_word' id='word_1_74' title='bbox 2271 1485 2465 1558; x_wconf 88' lang='lat' dir='ltr'><strong>insti-</strong></span> 
     </span>
     <span class='ocr_line' id='line_1_10' title="bbox 365 1599 2459 1701; baseline 0 -31"><span class='ocrx_word' id='word_1_75' title='bbox 365 1619 522 1671; x_wconf 88' lang='lat' dir='ltr'><strong>tuta</strong></span> <span class='ocrx_word' id='word_1_76' title='bbox 547 1620 667 1672; x_wconf 87' lang='lat' dir='ltr'><strong>est.</strong></span> <span class='ocrx_word' id='word_1_77' title='bbox 693 1602 898 1672; x_wconf 88' lang='lat' dir='ltr'><strong>Hanc</strong></span> <span class='ocrx_word' id='word_1_78' title='bbox 926 1599 1026 1671; x_wconf 91' lang='lat' dir='ltr'><strong>illi</strong></span> <span class='ocrx_word' id='word_1_79' title='bbox 1052 1620 1360 1672; x_wconf 83' lang='lat' dir='ltr'>auctores</span> <span class='ocrx_word' id='word_1_80' title='bbox 1388 1599 1624 1698; x_wconf 76' lang='lat' dir='ltr'><strong>legum</strong></span> <span class='ocrx_word' id='word_1_81' title='bbox 1648 1600 1868 1672; x_wconf 85' lang='lat' dir='ltr'><strong>verbis</strong></span> <span class='ocrx_word' id='word_1_82' title='bbox 1893 1601 2235 1701; x_wconf 85' lang='lat' dir='ltr'><strong>complexi</strong></span> <span class='ocrx_word' id='word_1_83' title='bbox 2260 1620 2459 1672; x_wconf 88' lang='lat' dir='ltr'><strong>sunt:</strong></span> 
     </span>
     <span class='ocr_line' id='line_1_11' title="bbox 373 1712 2460 1815; baseline 0.001 -31"><span class='ocrx_word' id='word_1_84' title='bbox 373 1740 592 1811; x_wconf 89' lang='lat' dir='ltr'><strong>quam</strong></span> <span class='ocrx_word' id='word_1_85' title='bbox 635 1715 689 1786; x_wconf 91' lang='lat' dir='ltr'><strong>si</strong></span> <span class='ocrx_word' id='word_1_86' title='bbox 735 1734 1040 1804; x_wconf 87' lang='lat' dir='ltr'><strong>mutare,</strong></span> <span class='ocrx_word' id='word_1_87' title='bbox 1085 1734 1149 1785; x_wconf 87' lang='lat' dir='ltr'><strong>et</strong></span> <span class='ocrx_word' id='word_1_88' title='bbox 1191 1713 1282 1785; x_wconf 88' lang='lat' dir='ltr'><strong>ad</strong></span> <span class='ocrx_word' id='word_1_89' title='bbox 1315 1712 1637 1788; x_wconf 76' lang='lat' dir='ltr'><strong>utilitates</strong></span> <span class='ocrx_word' id='word_1_90' title='bbox 1670 1740 1823 1787; x_wconf 88' lang='lat' dir='ltr'><strong>suas</strong></span> <span class='ocrx_word' id='word_1_91' title='bbox 1851 1737 2229 1815; x_wconf 82' lang='lat' dir='ltr'><strong>pervertere</strong></span> <span class='ocrx_word' id='word_1_92' title='bbox 2271 1716 2460 1807; x_wconf 89' lang='lat' dir='ltr'><strong>licet,</strong></span> 
     </span>
     <span class='ocr_line' id='line_1_12' title="bbox 370 1828 2463 1931; baseline -0 -30"><span class='ocrx_word' id='word_1_93' title='bbox 370 1829 610 1901; x_wconf 89' lang='lat' dir='ltr'><strong>omnis</strong></span> <span class='ocrx_word' id='word_1_94' title='bbox 641 1830 742 1902; x_wconf 85' lang='lat' dir='ltr'><strong>vis</strong></span> <span class='ocrx_word' id='word_1_95' title='bbox 758 1829 977 1931; x_wconf 87' lang='lat' dir='ltr'><strong>juris,</strong></span> <span class='ocrx_word' id='word_1_96' title='bbox 1013 1828 1244 1901; x_wconf 89' lang='lat' dir='ltr'><strong>omnis</strong></span> <span class='ocrx_word' id='word_1_97' title='bbox 1272 1855 1438 1912; x_wconf 85' lang='lat' dir='ltr'><strong>usus</strong></span> <span class='ocrx_word' id='word_1_98' title='bbox 1471 1829 1762 1927; x_wconf 88' lang='lat' dir='ltr'><strong>eripitur</strong></span> <span class='ocrx_word' id='word_1_99' title='bbox 1790 1858 1804 1901; x_wconf 90' lang='lat'>:</span> <span class='ocrx_word' id='word_1_100' title='bbox 1843 1858 2011 1903; x_wconf 86' lang='lat' dir='ltr'><strong>narn</strong></span> <span class='ocrx_word' id='word_1_101' title='bbox 2043 1832 2215 1928; x_wconf 90' lang='lat' dir='ltr'><strong>quid</strong></span> <span class='ocrx_word' id='word_1_102' title='bbox 2243 1831 2463 1904; x_wconf 90' lang='lat' dir='ltr'><strong>inter-</strong></span> 
     </span>
     <span class='ocr_line' id='line_1_13' title="bbox 376 1941 2459 2045; baseline 0.001 -30"><span class='ocrx_word' id='word_1_103' title='bbox 376 1965 481 2016; x_wconf 87' lang='lat' dir='ltr'><strong>est</strong></span> <span class='ocrx_word' id='word_1_104' title='bbox 505 1943 713 2016; x_wconf 85' lang='lat' dir='ltr'><strong>nullae</strong></span> <span class='ocrx_word' id='word_1_105' title='bbox 753 1945 929 2036; x_wconf 91' lang='lat' dir='ltr'><strong>sint,</strong></span> <span class='ocrx_word' id='word_1_106' title='bbox 968 1971 1061 2016; x_wconf 86' lang='lat' dir='ltr'><strong>an</strong></span> <span class='ocrx_word' id='word_1_107' title='bbox 1090 1941 1364 2016; x_wconf 81' lang='lat' dir='ltr'><strong>incertae</strong></span> <span class='ocrx_word' id='word_1_108' title='bbox 1398 1943 1621 2042; x_wconf 78' lang='lat' dir='ltr'><strong>leges?</strong></span> <span class='ocrx_word' id='word_1_109' title='bbox 1643 1948 1784 2018; x_wconf 86' lang='lat' dir='ltr'><strong>Lex</strong></span> <span class='ocrx_word' id='word_1_110' title='bbox 1809 1944 1924 2017; x_wconf 91' lang='lat' dir='ltr'><strong>illa</strong></span> <span class='ocrx_word' id='word_1_111' title='bbox 1948 1946 2306 2045; x_wconf 85' lang='lat' dir='ltr'><strong>complexa</strong></span> <span class='ocrx_word' id='word_1_112' title='bbox 2330 1969 2431 2018; x_wconf 89' lang='lat' dir='ltr'><strong>est</strong></span> <span class='ocrx_word' id='word_1_113' title='bbox 2441 1975 2459 2035; x_wconf 82' lang='lat'>3</span> 
     </span>
     <span class='ocr_line' id='line_1_14' title="bbox 374 2058 2467 2159; baseline 0 -29"><span class='ocrx_word' id='word_1_114' title='bbox 374 2085 469 2131; x_wconf 86' lang='lat' dir='ltr'><strong>ne</strong></span> <span class='ocrx_word' id='word_1_115' title='bbox 510 2059 666 2157; x_wconf 86' lang='lat' dir='ltr'><strong>plus</strong></span> <span class='ocrx_word' id='word_1_116' title='bbox 707 2058 947 2150; x_wconf 87' lang='lat' dir='ltr'><strong>liceat,</strong></span> <span class='ocrx_word' id='word_1_117' title='bbox 985 2085 1202 2157; x_wconf 88' lang='lat' dir='ltr'><strong>quam</strong></span> <span class='ocrx_word' id='word_1_118' title='bbox 1236 2058 1602 2132; x_wconf 87' lang='lat' dir='ltr'><strong>dimidiam</strong></span> <span class='ocrx_word' id='word_1_119' title='bbox 1638 2080 1906 2159; x_wconf 89' lang='lat' dir='ltr'><strong>partem</strong></span> <span class='ocrx_word' id='word_1_120' title='bbox 1940 2061 2212 2133; x_wconf 90' lang='lat' dir='ltr'><strong>mulieri</strong></span> <span class='ocrx_word' id='word_1_121' title='bbox 2249 2060 2467 2132; x_wconf 91' lang='lat' dir='ltr'><strong>relin-</strong></span> 
     </span>
     <span class='ocr_line' id='line_1_15' title="bbox 364 2172 2468 2275; baseline 0.001 -29"><span class='ocrx_word' id='word_1_122' title='bbox 364 2201 595 2274; x_wconf 76' lang='lat' dir='ltr'><strong>quere</strong></span> <span class='ocrx_word' id='word_1_123' title='bbox 631 2202 646 2245; x_wconf 90' lang='lat'>:</span> <span class='ocrx_word' id='word_1_124' title='bbox 691 2174 918 2247; x_wconf 82' lang='lat' dir='ltr'><strong>neutri</strong></span> <span class='ocrx_word' id='word_1_125' title='bbox 952 2201 1034 2247; x_wconf 81' lang='lat' dir='ltr'><strong>ex</strong></span> <span class='ocrx_word' id='word_1_126' title='bbox 1065 2174 1209 2266; x_wconf 90' lang='lat' dir='ltr'><strong>his,</strong></span> <span class='ocrx_word' id='word_1_127' title='bbox 1259 2174 1517 2274; x_wconf 89' lang='lat' dir='ltr'><strong>quibus</strong></span> <span class='ocrx_word' id='word_1_128' title='bbox 1562 2173 1931 2265; x_wconf 87' lang='lat' dir='ltr'><strong>adsumus,</strong></span> <span class='ocrx_word' id='word_1_129' title='bbox 1980 2175 2135 2275; x_wconf 86' lang='lat' dir='ltr'><strong>plus</strong></span> <span class='ocrx_word' id='word_1_130' title='bbox 2171 2172 2468 2248; x_wconf 83' lang='lat' dir='ltr'><strong>dimidia</strong></span> 
     </span>
     <span class='ocr_line' id='line_1_16' title="bbox 373 2283 2463 2389; baseline 0 -29"><span class='ocrx_word' id='word_1_131' title='bbox 373 2309 574 2389; x_wconf 90' lang='lat' dir='ltr'><strong>parte</strong></span> <span class='ocrx_word' id='word_1_132' title='bbox 604 2289 918 2362; x_wconf 88' lang='lat' dir='ltr'><strong>relictum</strong></span> <span class='ocrx_word' id='word_1_133' title='bbox 950 2316 1093 2363; x_wconf 90' lang='lat' dir='ltr'><strong>esse</strong></span> <span class='ocrx_word' id='word_1_134' title='bbox 1123 2283 1570 2362; x_wconf 83' lang='lat' dir='ltr'><strong>manifestum</strong></span> <span class='ocrx_word' id='word_1_135' title='bbox 1592 2308 1727 2362; x_wconf 86' lang='lat' dir='ltr'><strong>est:</strong></span> <span class='ocrx_word' id='word_1_136' title='bbox 1763 2311 1832 2362; x_wconf 90' lang='lat' dir='ltr'><strong>et</strong></span> <span class='ocrx_word' id='word_1_137' title='bbox 1855 2311 2141 2389; x_wconf 88' lang='lat' dir='ltr'><strong>apparet</strong></span> <span class='ocrx_word' id='word_1_138' title='bbox 2167 2291 2463 2389; x_wconf 88' lang='lat' dir='ltr'><strong>potuisse</strong></span> 
     </span>
     <span class='ocr_line' id='line_1_17' title="bbox 373 2403 2464 2506; baseline -0.001 -30"><span class='ocrx_word' id='word_1_139' title='bbox 373 2405 617 2504; x_wconf 79' lang='lat' dir='ltr'><strong>legum</strong></span> <span class='ocrx_word' id='word_1_140' title='bbox 651 2404 980 2496; x_wconf 87' lang='lat' dir='ltr'><strong>latorem,</strong></span> <span class='ocrx_word' id='word_1_141' title='bbox 1012 2427 1125 2498; x_wconf 88' lang='lat' dir='ltr'><strong>ut,</strong></span> <span class='ocrx_word' id='word_1_142' title='bbox 1155 2405 1211 2478; x_wconf 89' lang='lat' dir='ltr'><strong>si</strong></span> <span class='ocrx_word' id='word_1_143' title='bbox 1236 2425 1506 2506; x_wconf 89' lang='lat' dir='ltr'><strong>partem</strong></span> <span class='ocrx_word' id='word_1_144' title='bbox 1539 2404 1833 2478; x_wconf 89' lang='lat' dir='ltr'><strong>demum</strong></span> <span class='ocrx_word' id='word_1_145' title='bbox 1861 2403 2267 2504; x_wconf 81' lang='lat' dir='ltr'><strong>&#39;patrimonii</strong></span> <span class='ocrx_word' id='word_1_146' title='bbox 2303 2430 2464 2501; x_wconf 90' lang='lat' dir='ltr'><strong>per-</strong></span> 
     </span>
     <span class='ocr_line' id='line_1_18' title="bbox 374 2516 2465 2618; baseline -0.001 -28"><span class='ocrx_word' id='word_1_147' title='bbox 374 2518 608 2591; x_wconf 83' lang='lat' dir='ltr'><strong>venire</strong></span> <span class='ocrx_word' id='word_1_148' title='bbox 627 2519 715 2591; x_wconf 91' lang='lat' dir='ltr'><strong>ad</strong></span> <span class='ocrx_word' id='word_1_149' title='bbox 736 2520 1037 2592; x_wconf 89' lang='lat' dir='ltr'><strong>feminas</strong></span> <span class='ocrx_word' id='word_1_150' title='bbox 1055 2520 1291 2605; x_wconf 84' lang='lat' dir='ltr'><strong>vellet,</strong></span> <span class='ocrx_word' id='word_1_151' title='bbox 1317 2539 1583 2618; x_wconf 88' lang='lat' dir='ltr'><strong>partem</strong></span> <span class='ocrx_word' id='word_1_152' title='bbox 1611 2520 1851 2618; x_wconf 91' lang='lat' dir='ltr'><strong>utique</strong></span> <span class='ocrx_word' id='word_1_153' title='bbox 1871 2518 2028 2592; x_wconf 88' lang='lat' dir='ltr'><strong>viris</strong></span> <span class='ocrx_word' id='word_1_154' title='bbox 2049 2516 2432 2615; x_wconf 85' lang='lat' dir='ltr'><strong>relinquere</strong></span> <span class='ocrx_word' id='word_1_155' title='bbox 2446 2574 2465 2607; x_wconf 99' lang='lat'><strong>,</strong></span> 
     </span>
     <span class='ocr_line' id='line_1_19' title="bbox 377 2634 2466 2734; baseline -0.001 -27"><span class='ocrx_word' id='word_1_156' title='bbox 377 2635 449 2707; x_wconf 91' lang='lat' dir='ltr'><strong>id</strong></span> <span class='ocrx_word' id='word_1_157' title='bbox 487 2635 718 2734; x_wconf 86' lang='lat' dir='ltr'><strong>ipsum</strong></span> <span class='ocrx_word' id='word_1_158' title='bbox 747 2657 1051 2710; x_wconf 84' lang='lat' dir='ltr'><strong>caveret:</strong></span> <span class='ocrx_word' id='word_1_159' title='bbox 1083 2662 1310 2734; x_wconf 89' lang='lat' dir='ltr'><strong>neque</strong></span> <span class='ocrx_word' id='word_1_160' title='bbox 1341 2636 1412 2706; x_wconf 92' lang='lat' dir='ltr'><strong>id</strong></span> <span class='ocrx_word' id='word_1_161' title='bbox 1446 2662 1707 2734; x_wconf 77' lang='lat' dir='ltr'><strong>magno</strong></span> <span class='ocrx_word' id='word_1_162' title='bbox 1730 2656 1851 2707; x_wconf 88' lang='lat' dir='ltr'><strong>aut</strong></span> <span class='ocrx_word' id='word_1_163' title='bbox 1876 2634 2146 2707; x_wconf 87' lang='lat' dir='ltr'><strong>difficili</strong></span> <span class='ocrx_word' id='word_1_164' title='bbox 2179 2634 2466 2706; x_wconf 84' lang='lat' dir='ltr'><strong>circuitu</strong></span> 
     </span>
     <span class='ocr_line' id='line_1_20' title="bbox 377 2747 2471 2849; baseline -0.001 -29"><span class='ocrx_word' id='word_1_165' title='bbox 377 2747 562 2820; x_wconf 87' lang='lat' dir='ltr'><strong>effici</strong></span> <span class='ocrx_word' id='word_1_166' title='bbox 590 2749 820 2848; x_wconf 89' lang='lat' dir='ltr'><strong>potuit</strong></span> <span class='ocrx_word' id='word_1_167' title='bbox 848 2777 862 2820; x_wconf 91' lang='lat'><strong>:</strong></span> <span class='ocrx_word' id='word_1_168' title='bbox 900 2749 1018 2821; x_wconf 90' lang='lat' dir='ltr'><strong>sed</strong></span> <span class='ocrx_word' id='word_1_169' title='bbox 1044 2749 1149 2821; x_wconf 88' lang='lat' dir='ltr'><strong>vel</strong></span> <span class='ocrx_word' id='word_1_170' title='bbox 1178 2750 1274 2822; x_wconf 89' lang='lat' dir='ltr'><strong>sic</strong></span> <span class='ocrx_word' id='word_1_171' title='bbox 1304 2750 1553 2847; x_wconf 85' lang='lat' dir='ltr'><strong>scripta</strong></span> <span class='ocrx_word' id='word_1_172' title='bbox 1580 2750 1763 2849; x_wconf 80' lang='lat' dir='ltr'><strong>lege,</strong></span> <span class='ocrx_word' id='word_1_173' title='bbox 1794 2777 1938 2822; x_wconf 92' lang='lat' dir='ltr'><strong>non</strong></span> <span class='ocrx_word' id='word_1_174' title='bbox 1968 2749 2342 2849; x_wconf 82' lang='lat' dir='ltr'><strong>plusquam</strong></span> <span class='ocrx_word' id='word_1_175' title='bbox 2372 2747 2471 2819; x_wconf 90' lang='lat' dir='ltr'><strong>di·</strong></span> 
     </span>
     <span class='ocr_line' id='line_1_21' title="bbox 378 2863 2468 2964; baseline -0 -29"><span class='ocrx_word' id='word_1_176' title='bbox 378 2863 603 2936; x_wconf 89' lang='lat' dir='ltr'><strong>midia</strong></span> <span class='ocrx_word' id='word_1_177' title='bbox 632 2890 789 2963; x_wconf 90' lang='lat' dir='ltr'><strong>pars</strong></span> <span class='ocrx_word' id='word_1_178' title='bbox 817 2863 1221 2963; x_wconf 86' lang='lat' dir='ltr'><strong>&#39;patrimonii</strong></span> <span class='ocrx_word' id='word_1_179' title='bbox 1250 2864 1336 2935; x_wconf 88' lang='lat' dir='ltr'><strong>ad</strong></span> <span class='ocrx_word' id='word_1_180' title='bbox 1362 2865 1660 2937; x_wconf 85' lang='lat' dir='ltr'><strong>feminas</strong></span> <span class='ocrx_word' id='word_1_181' title='bbox 1687 2865 2088 2964; x_wconf 87' lang='lat' dir='ltr'><strong>perveniret.</strong></span> <span class='ocrx_word' id='word_1_182' title='bbox 2118 2866 2468 2961; x_wconf 78' lang='lat' dir='ltr'><strong>Interrogo</strong></span> 
     </span>
     <span class='ocr_line' id='line_1_22' title="bbox 378 2975 2471 3077; baseline -0.001 -27"><span class='ocrx_word' id='word_1_183' title='bbox 378 2978 608 3067; x_wconf 90' lang='lat' dir='ltr'><strong>enim;</strong></span> <span class='ocrx_word' id='word_1_184' title='bbox 649 2978 707 3050; x_wconf 89' lang='lat' dir='ltr'><strong>si</strong></span> <span class='ocrx_word' id='word_1_185' title='bbox 739 2975 1060 3077; x_wconf 88' lang='lat' dir='ltr'><strong>pluribus</strong></span> <span class='ocrx_word' id='word_1_186' title='bbox 1091 2977 1407 3068; x_wconf 88' lang='lat' dir='ltr'><strong>feminis,</strong></span> <span class='ocrx_word' id='word_1_187' title='bbox 1445 2977 1563 3050; x_wconf 91' lang='lat' dir='ltr'><strong>sed</strong></span> <span class='ocrx_word' id='word_1_188' title='bbox 1602 2978 1909 3050; x_wconf 87' lang='lat' dir='ltr'><strong>minores</strong></span> <span class='ocrx_word' id='word_1_189' title='bbox 1936 2977 2290 3076; x_wconf 90' lang='lat' dir='ltr'><strong>aliquanto</strong></span> <span class='ocrx_word' id='word_1_190' title='bbox 2313 3003 2471 3074; x_wconf 91' lang='lat' dir='ltr'><strong>por-</strong></span> 
     </span>
     <span class='ocr_line' id='line_1_23' title="bbox 376 3091 2471 3192; baseline -0 -28"><span class='ocrx_word' id='word_1_191' title='bbox 376 3093 601 3165; x_wconf 85' lang='lat' dir='ltr'><strong>tiones</strong></span> <span class='ocrx_word' id='word_1_192' title='bbox 637 3091 1031 3192; x_wconf 88' lang='lat' dir='ltr'><strong>reliquerit,</strong></span> <span class='ocrx_word' id='word_1_193' title='bbox 1072 3118 1223 3190; x_wconf 86' lang='lat' dir='ltr'><strong>quae</strong></span> <span class='ocrx_word' id='word_1_194' title='bbox 1261 3113 1495 3164; x_wconf 89' lang='lat' dir='ltr'><strong>tamen</strong></span> <span class='ocrx_word' id='word_1_195' title='bbox 1539 3113 1992 3190; x_wconf 80' lang='lat' dir='ltr'><strong>computatae,</strong></span> <span class='ocrx_word' id='word_1_196' title='bbox 2036 3113 2106 3163; x_wconf 88' lang='lat' dir='ltr'><strong>et</strong></span> <span class='ocrx_word' id='word_1_197' title='bbox 2131 3092 2206 3163; x_wconf 93' lang='lat' dir='ltr'><strong>in</strong></span> <span class='ocrx_word' id='word_1_198' title='bbox 2242 3116 2471 3163; x_wconf 90' lang='lat' dir='ltr'><strong>unum</strong></span> 
     </span>
     <span class='ocr_line' id='line_1_24' title="bbox 382 3206 2468 3307; baseline 0.001 -30"><span class='ocrx_word' id='word_1_199' title='bbox 382 3228 748 3281; x_wconf 65' lang='lat' dir='ltr'><strong>contractae</strong></span> <span class='ocrx_word' id='word_1_200' title='bbox 808 3209 1190 3307; x_wconf 82' lang='lat' dir='ltr'><strong>plusquam</strong></span> <span class='ocrx_word' id='word_1_201' title='bbox 1250 3206 1607 3279; x_wconf 85' lang='lat' dir='ltr'><strong>semissem</strong></span> <span class='ocrx_word' id='word_1_202' title='bbox 1666 3206 2068 3305; x_wconf 86' lang='lat' dir='ltr'><strong>patrimonii</strong></span> <span class='ocrx_word' id='word_1_203' title='bbox 2126 3207 2468 3298; x_wconf 83' lang='lat' dir='ltr'><strong>efficiant3</strong></span> 
     </span>
     <span class='ocr_line' id='line_1_25' title="bbox 384 3322 2469 3422; baseline 0.002 -30"><span class='ocrx_word' id='word_1_204' title='bbox 384 3347 656 3421; x_wconf 67' lang='lat' dir='ltr'><strong>quaro,</strong></span> <span class='ocrx_word' id='word_1_205' title='bbox 688 3350 777 3396; x_wconf 90' lang='lat' dir='ltr'><strong>an</strong></span> <span class='ocrx_word' id='word_1_206' title='bbox 806 3325 1069 3396; x_wconf 84' lang='lat' dir='ltr'><strong>moveri</strong></span> <span class='ocrx_word' id='word_1_207' title='bbox 1103 3324 1188 3396; x_wconf 92' lang='lat' dir='ltr'><strong>lis</strong></span> <span class='ocrx_word' id='word_1_208' title='bbox 1220 3322 1471 3422; x_wconf 83' lang='lat' dir='ltr'><strong>possit?</strong></span> <span class='ocrx_word' id='word_1_209' title='bbox 1510 3348 1679 3394; x_wconf 87' lang='lat' dir='ltr'><strong>nam</strong></span> <span class='ocrx_word' id='word_1_210' title='bbox 1720 3323 1775 3395; x_wconf 88' lang='lat' dir='ltr'><strong>si</strong></span> <span class='ocrx_word' id='word_1_211' title='bbox 1818 3344 2131 3394; x_wconf 80' lang='lat' dir='ltr'><strong>movetur</strong></span> <span class='ocrx_word' id='word_1_212' title='bbox 2169 3322 2291 3414; x_wconf 90' lang='lat' dir='ltr'><strong>lis,</strong></span> <span class='ocrx_word' id='word_1_213' title='bbox 2323 3352 2469 3397; x_wconf 89' lang='lat' dir='ltr'><strong>non</strong></span> 
     </span>
     <span class='ocr_line' id='line_1_26' title="bbox 384 3424 2469 3537; baseline 0.001 -29"><span class='ocrx_word' id='word_1_214' title='bbox 384 3437 520 3508; x_wconf 88' lang='lat' dir='ltr'><strong>hac</strong></span> <span class='ocrx_word' id='word_1_215' title='bbox 536 3494 555 3526; x_wconf 90' lang='lat'><strong>,</strong></span> <span class='ocrx_word' id='word_1_216' title='bbox 577 3458 654 3509; x_wconf 89' lang='lat' dir='ltr'><strong>ut</strong></span> <span class='ocrx_word' id='word_1_217' title='bbox 672 3439 939 3536; x_wconf 85' lang='lat' dir='ltr'><strong>opinor,</strong></span> <span class='ocrx_word' id='word_1_218' title='bbox 961 3440 1111 3537; x_wconf 80' lang='lat' dir='ltr'><strong>lege</strong></span> <span class='ocrx_word' id='word_1_219' title='bbox 1127 3437 1531 3537; x_wconf 77' lang='lat' dir='ltr'><strong>litigabitur,</strong></span> <span class='ocrx_word' id='word_1_220' title='bbox 1555 3465 1692 3536; x_wconf 86' lang='lat' dir='ltr'><strong>qua</strong></span> <span class='ocrx_word' id='word_1_221' title='bbox 1712 3437 2085 3537; x_wconf 86' lang='lat' dir='ltr'><strong>plusquam</strong></span> <span class='ocrx_word' id='word_1_222' title='bbox 2102 3424 2469 3511; x_wconf 84' lang='lat' dir='ltr'><strong>dimidiam</strong></span> 
     </span>
     <span class='ocr_line' id='line_1_27' title="bbox 380 3554 2473 3654; baseline 0.001 -30"><span class='ocrx_word' id='word_1_223' title='bbox 380 3572 651 3653; x_wconf 88' lang='lat' dir='ltr'><strong>partem</strong></span> <span class='ocrx_word' id='word_1_224' title='bbox 675 3555 1073 3652; x_wconf 86' lang='lat' dir='ltr'><strong>patrimonii</strong></span> <span class='ocrx_word' id='word_1_225' title='bbox 1103 3554 1494 3654; x_wconf 87' lang='lat' dir='ltr'><strong>relinquere</strong></span> <span class='ocrx_word' id='word_1_226' title='bbox 1518 3555 1802 3627; x_wconf 85' lang='lat' dir='ltr'><strong>feminae</strong></span> <span class='ocrx_word' id='word_1_227' title='bbox 1827 3581 1970 3627; x_wconf 86' lang='lat' dir='ltr'><strong>non</strong></span> <span class='ocrx_word' id='word_1_228' title='bbox 1992 3554 2219 3647; x_wconf 88' lang='lat' dir='ltr'><strong>liceat,</strong></span> <span class='ocrx_word' id='word_1_229' title='bbox 2246 3582 2473 3654; x_wconf 90' lang='lat' dir='ltr'><strong>quum</strong></span> 
     </span>
     <span class='ocr_line' id='line_1_28' title="bbox 384 3667 2471 3771; baseline -0 -30"><span class='ocrx_word' id='word_1_230' title='bbox 384 3696 469 3741; x_wconf 83' lang='lat' dir='ltr'><strong>ex</strong></span> <span class='ocrx_word' id='word_1_231' title='bbox 497 3667 628 3742; x_wconf 90' lang='lat' dir='ltr'><strong>illis</strong></span> <span class='ocrx_word' id='word_1_232' title='bbox 657 3671 853 3743; x_wconf 86' lang='lat' dir='ltr'><strong>nulla</strong></span> <span class='ocrx_word' id='word_1_233' title='bbox 876 3670 1243 3743; x_wconf 86' lang='lat' dir='ltr'><strong>dimidiam</strong></span> <span class='ocrx_word' id='word_1_234' title='bbox 1271 3692 1543 3771; x_wconf 88' lang='lat' dir='ltr'><strong>partem</strong></span> <span class='ocrx_word' id='word_1_235' title='bbox 1569 3670 1947 3768; x_wconf 85' lang='lat' dir='ltr'><strong>acceperit:</strong></span> <span class='ocrx_word' id='word_1_236' title='bbox 1985 3671 2121 3742; x_wconf 88' lang='lat' dir='ltr'><strong>sive</strong></span> <span class='ocrx_word' id='word_1_237' title='bbox 2146 3670 2232 3741; x_wconf 87' lang='lat' dir='ltr'><strong>ad</strong></span> <span class='ocrx_word' id='word_1_238' title='bbox 2259 3691 2471 3742; x_wconf 88' lang='lat' dir='ltr'><strong>totam</strong></span> 
     </span>
     <span class='ocr_line' id='line_1_29' title="bbox 385 3783 2477 3885; baseline 0 -33"><span class='ocrx_word' id='word_1_239' title='bbox 385 3807 516 3853; x_wconf 86' lang='lat' dir='ltr'><strong>nos</strong></span> <span class='ocrx_word' id='word_1_240' title='bbox 539 3811 736 3857; x_wconf 83' lang='lat' dir='ltr'><strong>vocas</strong></span> <span class='ocrx_word' id='word_1_241' title='bbox 766 3784 1356 3884; x_wconf 87' lang='lat' dir='ltr'><strong>computationem</strong></span> <span class='ocrx_word' id='word_1_242' title='bbox 1378 3844 1397 3878; x_wconf 90' lang='lat'><strong>,</strong></span> <span class='ocrx_word' id='word_1_243' title='bbox 1430 3784 1606 3857; x_wconf 90' lang='lat' dir='ltr'><strong>nihil</strong></span> <span class='ocrx_word' id='word_1_244' title='bbox 1642 3785 1925 3859; x_wconf 90' lang='lat' dir='ltr'><strong>interest</strong></span> <span class='ocrx_word' id='word_1_245' title='bbox 1957 3805 2298 3885; x_wconf 89' lang='lat' dir='ltr'><strong>quantum</strong></span> <span class='ocrx_word' id='word_1_246' title='bbox 2332 3783 2477 3854; x_wconf 89' lang='lat' dir='ltr'><strong>cui-</strong></span> 
     </span>
     <span class='ocr_line' id='line_1_30' title="bbox 383 3898 2475 3999; baseline 0 -31"><span class='ocrx_word' id='word_1_247' title='bbox 383 3923 526 3995; x_wconf 86' lang='lat' dir='ltr'><strong>que</strong></span> <span class='ocrx_word' id='word_1_248' title='bbox 557 3900 832 3972; x_wconf 80' lang='lat' dir='ltr'><strong>feminae</strong></span> <span class='ocrx_word' id='word_1_249' title='bbox 864 3899 1336 3999; x_wconf 89' lang='lat' dir='ltr'><strong>relinquatur:</strong></span> <span class='ocrx_word' id='word_1_250' title='bbox 1368 3899 1582 3999; x_wconf 84' lang='lat' dir='ltr'><strong>quid?</strong></span> <span class='ocrx_word' id='word_1_251' title='bbox 1619 3899 1676 3972; x_wconf 96' lang='lat' dir='ltr'><strong>si</strong></span> <span class='ocrx_word' id='word_1_252' title='bbox 1708 3925 1797 3972; x_wconf 88' lang='lat' dir='ltr'><strong>ne</strong></span> <span class='ocrx_word' id='word_1_253' title='bbox 1837 3899 2005 3971; x_wconf 88' lang='lat' dir='ltr'><strong>ratio</strong></span> <span class='ocrx_word' id='word_1_254' title='bbox 2039 3898 2327 3997; x_wconf 91' lang='lat' dir='ltr'><strong>quidem</strong></span> <span class='ocrx_word' id='word_1_255' title='bbox 2362 3924 2475 3969; x_wconf 88' lang='lat' dir='ltr'><strong>re-</strong></span> 
     </span>
     <span class='ocr_line' id='line_1_31' title="bbox 377 4012 2475 4116; baseline 0 -31"><span class='ocrx_word' id='word_1_256' title='bbox 377 4037 651 4115; x_wconf 77' lang='lat' dir='ltr'><strong>pugnat</strong></span> <span class='ocrx_word' id='word_1_257' title='bbox 685 4017 973 4115; x_wconf 88' lang='lat' dir='ltr'><strong>scripto,</strong></span> <span class='ocrx_word' id='word_1_258' title='bbox 1008 4036 1080 4088; x_wconf 91' lang='lat' dir='ltr'><strong>et</strong></span> <span class='ocrx_word' id='word_1_259' title='bbox 1104 4016 1329 4089; x_wconf 86' lang='lat' dir='ltr'><strong>verbis</strong></span> <span class='ocrx_word' id='word_1_260' title='bbox 1366 4017 1536 4116; x_wconf 81' lang='lat' dir='ltr'><strong>legis</strong></span> <span class='ocrx_word' id='word_1_261' title='bbox 1580 4015 1815 4088; x_wconf 86' lang='lat' dir='ltr'><strong>istius?</strong></span> <span class='ocrx_word' id='word_1_262' title='bbox 1848 4014 2017 4114; x_wconf 90' lang='lat' dir='ltr'><strong>quid</strong></span> <span class='ocrx_word' id='word_1_263' title='bbox 2051 4012 2239 4085; x_wconf 92' lang='lat' dir='ltr'><strong>enim</strong></span> <span class='ocrx_word' id='word_1_264' title='bbox 2275 4034 2475 4112; x_wconf 89' lang='lat' dir='ltr'><strong>putas</strong></span> 
     </span>
     <span class='ocr_line' id='line_1_32' title="bbox 380 4128 2475 4234; baseline 0.001 -33"><span class='ocrx_word' id='word_1_265' title='bbox 380 4129 681 4202; x_wconf 85' lang='lat' dir='ltr'><strong>voluisse</strong></span> <span class='ocrx_word' id='word_1_266' title='bbox 723 4130 1225 4230; x_wconf 80' lang='lat' dir='ltr'><strong>legislatorem,</strong></span> <span class='ocrx_word' id='word_1_267' title='bbox 1274 4159 1497 4231; x_wconf 90' lang='lat' dir='ltr'><strong>quum</strong></span> <span class='ocrx_word' id='word_1_268' title='bbox 1541 4130 1673 4204; x_wconf 90' lang='lat' dir='ltr'><strong>hoc</strong></span> <span class='ocrx_word' id='word_1_269' title='bbox 1708 4130 1826 4234; x_wconf 89' lang='lat' dir='ltr'><strong>jus</strong></span> <span class='ocrx_word' id='word_1_270' title='bbox 1861 4128 2347 4203; x_wconf 84' lang='lat' dir='ltr'><strong>constitueret?</strong></span> <span class='ocrx_word' id='word_1_271' title='bbox 2384 4156 2475 4203; x_wconf 87' lang='lat' dir='ltr'><strong>ne</strong></span> 
     </span>
     <span class='ocr_line' id='line_1_33' title="bbox 404 4241 1605 4347; baseline 0.002 -25"><span class='ocrx_word' id='word_1_272' title='bbox 404 4241 411 4246; x_wconf 82' lang='grc'><strong>’</strong></span> <span class='ocrx_word' id='word_1_273' title='bbox 462 4288 509 4323; x_wconf 74' lang='grc' dir='ltr'><strong>ι.</strong></span> <span class='ocrx_word' id='word_1_274' title='bbox 530 4269 981 4344; x_wconf 66' lang='lat' dir='ltr'><strong>Apuajudzcsum.</strong></span> <span class='ocrx_word' id='word_1_275' title='bbox 1008 4273 1403 4347; x_wconf 73' lang='lat' dir='ltr'><strong>Apudjude&#39;ees,</strong></span> <span class='ocrx_word' id='word_1_276' title='bbox 1430 4274 1605 4327; x_wconf 71' lang='lat' dir='ltr'><strong>AEvod.</strong></span> 
     </span>
    </p>
   </div>
  </div>
 </body>
</html>
