3200 5117
731 549 1569 617 DECLAMATIONES.
1619 549 1994 616 cchvl.
2373 569 2413 635 9

1180 762 1544 829 SERMO.

402 921 681 1003 Quoties
711 915 1078 987 finiendum
1106 921 1258 1000 erit,
1284 923 1572 1011 primum
1600 922 1841 986 intueri
1867 922 2223 1002 debebitis,
2249 922 2411 1016 quid

325 1039 597 1117 utraque
618 1049 771 1115 pars
788 1028 982 1092 velit:
1010 1026 1284 1106 deinde,
1310 1025 1379 1091 id
1400 1026 1581 1117 quod
1607 1027 1780 1106 vult,
1806 1052 1998 1118 quam
2022 1028 2410 1094 brevissime

322 1133 689 1221 complecti.
714 1134 935 1215 Quare
963 1150 1160 1222 negat
1180 1156 1517 1197 venenum
1545 1155 1692 1197 esse
1728 1133 1842 1223 qui
1875 1156 1996 1222 pro
2025 1157 2170 1198 reo·
2211 1133 2414 1198 dicit?

321 1239 469 1325 quia
514 1261 651 1303 non
693 1237 1012 1305 occiderit
1031 1289 1049 1319 ,
1097 1261 1318 1330 neque
1366 1240 1451 1305 sit
1498 1238 1942 1314 mortiferum.
1988 1242 2206 1321 Quare
2254 1238 2414 1303 dicit

319 1366 655 1409 venenum
680 1366 824 1411 esse
861 1346 973 1435 qui
1006 1346 1309 1412 accusat?
1343 1345 1665 1434 quoniam
1695 1342 2254 1410 medicamentum
2293 1345 2410 1424 sit,

317 1463 379 1510 et
415 1447 666 1513 efficiat
699 1449 954 1539 aliquid
992 1467 1221 1515 contra
1260 1466 1586 1513 naturam.
1629 1449 1807 1536 Ergo
1844 1472 1980 1514 non
2020 1465 2121 1515 est
2158 1449 2311 1514 satis
2348 1447 2415 1513 id

313 1552 519 1618 modo
561 1553 771 1619 videri
818 1561 1195 1619 venenum²
1253 1552 1436 1644 quod
1488 1552 1744 1618 occidat
1777 1578 1790 1617 :
1843 1552 1961 1619 sed
2009 1555 2151 1621 haec
2193 1556 2413 1624 omnia

312 1681 572 1724 venena
611 1677 800 1727 sunt:
840 1658 924 1726 ad
957 1677 1137 1725 tuam
1173 1658 1450 1749 quidem
1483 1658 1854 1724 finitionem
1891 1662 2085 1725 etiam
2115 1661 2412 1726 mortife-

312 1788 463 1828 rum
484 1764 664 1829 istud
691 1767 836 1829 erit.
850 1767 1018 1829 Nam
1039 1788 1249 1854 quum
1279 1762 1347 1826 id
1372 1786 1625 1852 ageres,
1654 1782 1725 1830 ut
1752 1763 2157 1844 desererem,
2185 1764 2410 1832 deser-

312 1887 532 1934 torem
556 1891 755 1958 poena
785 1868 1346 1959 sequatur,''etiam
1376 1868 1445 1933 id
1470 1869 1649 1959 quod
1673 1869 1907 1938 deesse
1930 1871 2084 1937 huic
2107 1872 2406 1937 medica-

312 1991 546 2039 mento
571 1973 925 2038 videbatur
940 1971 990 2052 3,
1015 1971 1351 2064 adjiceres.

1008 2122 1707 2190 DECLAMATIO.

411 2279 764 2351 Veneficii
791 2306 1055 2355 accuso.
1089 2282 1495 2355 Veneficam
1533 2284 1721 2374 dico,
1754 2310 1907 2383 quae
1935 2311 2247 2384 soporem
2280 2286 2408 2358 de-

315 2397 439 2468 dit.
476 2396 686 2468 Unde
724 2396 850 2468 tibi
882 2397 957 2469 in
992 2396 1119 2471 hos
1152 2425 1316 2471 usus
1355 2398 1674 2471 venena?
1706 2400 1978 2472 notiora
2017 2420 2177 2470 sunt
2212 2405 2405 2497 quie-

319 2511 483 2582 dam
504 2510 846 2610 pernicie,
877 2532 943 2584 et
965 2510 1438 2612 experimento
1465 2512 2119 2611 deprehenduntur,
2138 2512 2310 2586 adeo
2333 2534 2411 2585 ut

319 2626 550 2725 aliqua
566 2626 844 2725 publice
862 2629 1133 2702 dentur.
1157 2631 1309 2702 Hoc
1326 2629 1495 2729 quid
1522 2650 1652 2717 est,
1680 2631 1867 2728 quod
1883 2651 1958 2702 tu
1975 2630 2071 2701 vis
2085 2628 2310 2702 vocari
2335 2630 2407 2700 in

320 2740 623 2841 tempus4
650 2770 1028 2834 venenum,
1057 2772 1195 2842 quo
1219 2771 1419 2817 mens
1449 2746 1954 2844 &insertumque
1985 2772 2232 2843 corpus
2260 2771 2406 2842 gra·

321 2879 545 2950 vatur,
576 2886 716 2957 quo
745 2862 1066 2933 membra
1092 2861 1498 2934 solvuntur?
1531 2864 1724 2962 Saepe
1755 2863 1825 2932 in
1861 2862 2114 2935 scelere
2140 2862 2404 2935 virtutis

322 2995 424 3044 est
454 3000 650 3046 nosse
682 2976 934 3048 veneni
967 2978 1294 3069 modum,
1331 3006 1411 3051 eo
1452 2978 1671 3076 magis
1707 2977 1894 3078 quod
1935 2977 2252 3050 videmus
2292 3002 2408 3048 co-

323 3086 436 3183 pia
477 3109 816 3176 constare,
861 3091 1050 3188 quod
1100 3112 1645 3190 temperamento
1687 3091 2034 3190 quodam,
2084 3110 2161 3161 ut
2198 3109 2410 3160 stetur

328 3200 491 3273 citra
521 3224 815 3278 mortem
837 3205 888 3276 ⁵.
936 3207 1006 3278 Si
1050 3208 1208 3306 quis
1255 3232 1579 3279 accusare
1622 3227 1687 3278 te
1727 3205 2044 3278 veneficii
2089 3204 2410 3278 voluisset

408 3409 449 3445 ι.
494 3397 597 3466 Qui
638 3419 728 3469 pro
765 3422 864 3455 reo.
899 3406 1071 3476 Lege,
1100 3422 1198 3478 pro
1236 3424 1319 3457 rea
1400 3403 1707 3475 Respondet
1732 3403 1856 3455 dein
1891 3404 2002 3474 ipse
2027 3403 2159 3455 sibi:
2188 3405 2245 3456 in
2276 3415 2406 3454 tem-

320 3475 559 3527 GRONOV·
1395 3504 1493 3556 pus
1532 3505 1785 3538 venenum
1829 3495 1916 3537 est.
1955 3484 2195 3536 (ἢκουον.
2234 3483 2407 3552 Lege,

392 3573 440 3607 2.
471 3556 655 3610 Viden·
672 3578 936 3615 venenum.
962 3565 1125 3636 Lege,
1151 3564 1322 3617 videre
1402 3563 1497 3614 hoc
1514 3565 1647 3635 quid
1662 3575 1760 3631 est,
1783 3562 1924 3634 quod
1943 3574 1996 3614 tu
2015 3581 2121 3616 non
2143 3564 2217 3615 vis
2235 3563 2412 3614 vocari

318 3653 385 3684 cm
408 3637 499 3700 sit,
522 3656 807 3706 venenum,
828 3660 877 3713 q.
898 3660 946 3694 o.
968 3643 1118 3694 sedet
1139 3642 1235 3695 hoc
1249 3661 1319 3695 an
1402 3643 1691 3692 venenum?
1722 3642 1774 3692 in
1802 3653 1999 3713 tempus
2023 3659 2274 3692 venenum
2313 3650 2402 3691 est.

321 3719 532 3768 omnino
557 3737 813 3772 venenum
848 3724 927 3775 sit.
965 3723 1180 3776 Senum.
1406 3720 1625 3772 Senum-r.

388 3793 439 3847 3.
462 3794 734 3868 Αιῄἳσεκε.
760 3799 928 3871 Lege,
961 3800 1213 3872 aeffecim‘,
1243 3801 1323 3853 vel
1477 3797 1525 3850 5.
1556 3798 1625 3849 Ut
1637 3810 1798 3851 stetur
1820 3799 1947 3848 citra
1967 3810 2202 3849 mortem.
2221 3799 2407 3862 Forte,

318 3869 473 3940 adfici
496 3874 657 3940 vides,
694 3876 941 3950 intelligit
981 3893 1155 3932 antem
1181 3899 1321 3932 mor·
1398 3890 1645 3951 gustetur.
1675 3881 1938 3930 Lumina.
1977 3878 2047 3929 Ut
2071 3877 2220 3929 detur
2248 3878 2406 3945 citra,

318 3961 441 4000 tem.
462 3951 677 4004 Senum.
1399 3959 1652 4013 Obrecht.
1683 3958 1885 4011 Ludov.
1915 3957 2188 4013 d’Orleans
2212 3959 2278 4012 ad
2307 3962 2408 4012 Ta-

386 4027 436 4093 4.
459 4029 575 4080 Hoc
600 4030 732 4103 quid
754 4043 854 4096 est,
887 4033 1031 4105 quod
1056 4045 1113 4084 tu
1136 4037 1207 4087 vis
1232 4054 1320 4087 vo-
1399 4041 1486 4092 cit.
1520 4044 1658 4092 Ann.
1685 4038 1809 4103 xli,
1854 4038 1984 4104 525,
2026 4039 2182 4114 legit,
2224 4055 2282 4094 ut
2317 4052 2413 4093 stet

314 4110 422 4159 cari
434 4109 489 4160 in
507 4121 724 4181 tempus.
745 4112 1024 4187 Distingue
1043 4129 1095 4168 et
1116 4115 1315 4168 scribe:
1399 4121 1482 4173 υἱα
1503 4125 1630 4174 ciera
1657 4133 1874 4173 mortem
1889 4160 1905 4187 ,
1924 4120 2016 4174 sed
2039 4141 2220 4175 omnes
2241 4122 2408 4175 credo

315 4188 428 4241 Hoc
461 4191 589 4263 quid
620 4194 729 4245 est?
758 4195 889 4266 quid
916 4208 971 4248 tu
1010 4196 1085 4248 vis
1116 4196 1321 4249 vocari?
1399 4200 1594 4254 frustra
1629 4223 1640 4252 :
1687 4219 1873 4253 sensus
1913 4213 2021 4252 est:
2067 4203 2138 4253 Ut
2180 4202 2292 4272 ejus
2333 4201 2410 4250 vis
