3200 5117
743 553 1582 640 DECLAMATIONES.
1630 559 1954 624 CCL111.
2308 561 2385 644 4¹

315 679 433 750 ibo
473 678 958 781 qualecunque
1009 682 1446 782 periculum?
1494 684 1630 755 Sed
1675 708 1816 757 non
1865 669 2095 758 solum
2149 686 2394 786 reipu-

316 794 536 889 micae,
578 825 824 870 verum
867 799 1081 873 etiam
1119 828 1277 874 mea
1319 800 1604 873 interest
1634 799 1813 874 hanc
1846 803 2054 903 recipi
2088 804 2393 903 rogatio-

314 936 473 982 nem
508 939 521 982 :
573 938 787 1011 quem
827 913 1031 986 vultis
1078 914 1268 987 enim
1309 915 1549 1013 ponite
1592 936 1959 988 eventum:
2000 918 2392 1018 periculum

312 1024 486 1096 mihi
527 1027 772 1099 mortis
813 1048 929 1100 est.
976 1027 1216 1118 Quid?
1261 1055 1389 1126 ego
1425 1055 1566 1099 non
1603 1028 1761 1100 satis
1800 1029 1976 1102 vixi?
2014 1058 2158 1104 non
2199 1032 2393 1103 enim

310 1166 657 1218 annorum
678 1171 999 1234 numero,
1020 1171 1149 1217 nec
1162 1145 1382 1243 spatio
1408 1145 1617 1217 aetatis
1636 1144 1992 1218 terminari
2011 1169 2272 1220 certum
2293 1167 2396 1220 est

306 1256 593 1330 fortium
619 1259 919 1332 virorum
937 1259 1179 1348 vitam,
1210 1259 1331 1332 sed
1365 1258 1572 1332 laude
1599 1278 1669 1330 et
1694 1260 1924 1346 fama,
1958 1280 2025 1331 et
2046 1273 2396 1360 perpetuat

230 1461 245 1482 ⁶
309 1375 716 1471 posteritatis
759 1375 1291 1449 immortalitate.
1342 1378 1447 1448 Ita
1480 1375 1581 1447 dii
1613 1375 1907 1464 faciant,
1942 1394 2021 1446 ut
2057 1403 2396 1475 magnum

309 1490 710 1588 exemplum
758 1490 1136 1591 posteritati
1183 1490 1396 1562 etiam
1447 1513 1649 1585 poena
1694 1488 1856 1561 dare
1902 1490 2199 1589 possim:
2238 1491 2399 1564 satis

305 1602 653 1676 videbitur
667 1604 844 1679 mihi
868 1606 1113 1678 omnia
1132 1606 1358 1677 facere
1380 1616 1398 1646 ¹
1433 1603 1734 1693 fortuna,
1756 1623 1834 1678 ut
1853 1604 2397 1701 tyrannicidium

310 1744 551 1795 meum
575 1722 800 1822 majus
827 1721 937 1793 sit.
970 1720 1107 1792 Sed
1137 1719 1318 1792 illud
1347 1717 1622 1794 interim
1650 1746 1914 1808 vereor,
1950 1747 2039 1792 ne
2063 1741 2395 1819 tyrannus

306 1859 383 1904 ex
410 1862 537 1906 -me
570 1857 764 1935 petat
800 1837 1073 1908 famam
1100 1833 1439 1905 lenitatis:
1477 1833 1686 1906 habet
1725 1834 1916 1906 enim
1952 1836 2138 1935 apud
2174 1836 2394 1909 malos

306 1975 591 2047 quoque
622 1950 936 2022 multum
965 1948 1383 2021 auctoritatis
1409 1948 1657 2021 virtus:
1699 1970 1764 2022 et
1793 1950 2077 2024 forsitan
2107 1952 2238 2024 hoc
2280 1951 2394 2025 ille

300 2066 672 2138 ambitiose
718 2065 956 2155 faciet,
1006 2086 1082 2137 ut
1115 2085 1447 2164 potestate
1487 2087 1841 2141 contentus
1869 2069 1974 2140 sit.
2020 2068 2394 2168 Quidquid

297 2201 395 2251 est
422 2237 444 2270 ,
483 2179 719 2252 videat
753 2207 864 2252 me
896 2200 961 2253 et
993 2178 1110 2251 illa
1141 2180 1376 2252 civitas
1413 2181 1687 2253 vicina:
1731 2183 2034 2255 multum
2073 2183 2210 2255 illis
2248 2210 2394 2256 ser-

294 2296 453 2367 vien
466 2293 663 2367 tibus
692 2295 984 2393 prodero
1008 2324 1021 2366 ε
1050 2294 1329 2368 videant
1352 2323 1493 2396 quo
1516 2296 1717 2369 vultu
1735 2319 2109 2398 tyrannum
2134 2301 2354 2371 feram
2371 2357 2392 2391 ‚

300 2437 513 2507 quam
546 2411 892 2484 interritus
910 2412 1242 2484 tribunali
1265 2412 1575 2485 assistam
1591 2428 1646 2504 ²,
1671 2441 1885 2512 quam
1915 2439 2029 2484 me
2056 2413 2238 2487 nihil
2262 2417 2359 2486 mi
2383 2460 2397 2470 ·

300 2552 395 2598 nae
415 2584 433 2617 ,
464 2526 659 2601 nihil
679 2528 1021 2627 supplicia
1041 2528 1190 2627 ipsa
1212 2551 1571 2601 moveant:
1607 2550 1829 2628 potest
1857 2528 2036 2619 fieri,
2071 2549 2148 2600 ut
2165 2527 2397 2600 exhor·

300 2663 470 2714 tetur
532 2642 685 2715 illos
729 2643 844 2715 hic
886 2643 1165 2717 animus
1207 2671 1424 2716 meuS.
1466 2643 1683 2716 Vobis
1721 2643 2008 2745 quidem
2049 2642 2396 2716 custodire

299 2783 545 2853 pacem
563 2815 582 2848 ,
630 2757 917 2831 reddere
948 2759 1251 2856 quietem
1277 2761 1500 2862 majus
1529 2760 1684 2858 ipso,
1706 2757 2165 2858 tyrannicidio
2191 2779 2389 2856 puto:

302 2899 465 2946 nam
496 2875 555 2945 si
592 2873 860 2946 bellum
898 2875 1255 2966 imminet,
1297 2875 1351 2948 si
1385 2874 1774 2975 periculum
1807 2876 2130 2949 universa
2157 2874 2390 2948 civitas

302 2986 543 3079 habet,
589 2991 779 3094 quod
816 2991 1052 3084 illum,
1090 2991 1288 3094 cujus
1319 2993 1614 3069 nomine
1647 2992 1824 3065 mihi
1867 2992 2113 3093 gratias
2151 2991 2389 3091 agitis,

305 3103 560 3196 occidi,
592 3106 969 3179 maximam
1003 3107 1196 3181 vobis
1230 3107 1562 3209 injuriam
1590 3108 1743 3180 feci.

392 3302 435 3338 ι.
462 3291 645 3344 Omnia
659 3294 855 3364 facere.
888 3296 1116 3350 omuino
1128 3296 1311 3368 facere
1389 3307 1578 3347 nostrae
1605 3312 1734 3365 quas
1758 3293 2076 3357 contulimus
2098 3287 2153 3342 τό
2175 3292 2280 3364 ejus
2302 3310 2388 3343 ne·

302 3366 533 3438 f⁰r²⁸m⁰
555 3408 571 3432 ν
601 3386 651 3425 et
686 3376 1093 3445 tyrannicidium
1133 3395 1308 3428 meum
1388 3375 1584 3441 sciunt,
1600 3389 1661 3427 ut
1679 3373 1953 3427 credamus
1971 3374 2225 3425 intrusum
2245 3391 2391 3423 meu-

311 3447 609 3519 mey'usfiet.
635 3452 845 3507 Sciant-⁶¹¹.
1386 3454 1455 3507 do
1479 3475 1594 3509 esse
1624 3473 1934 3526 operarum,
1959 3454 2098 3507 velut
2121 3456 2253 3506 infra
2289 3454 2387 3503 De-

384 3545 432 3579 2.
460 3528 513 3579 Τ
509 3529 735 3582 ribunali
756 3535 993 3600 assistam.
1019 3535 1158 3588 Edit.
1190 3537 1300 3608 Rip.
1386 3536 1699 3590 clamatione
1718 3537 1931 3600 CCLIV,
1950 3557 2000 3609 p.
2022 3536 2089 3602 45
2111 3534 2200 3586 fin.
2225 3532 2391 3585 homi-
2451 3551 2458 3564 1

308 3604 520 3657 exhibet
543 3609 791 3661 tribunali
811 3615 910 3683 ejus
926 3617 1151 3667 assistam
1168 3653 1187 3681 ‚
1214 3634 1306 3667 ue-
1384 3636 1511 3669 num
1542 3617 1664 3668 loco
1694 3617 1778 3668 τοῦ
1815 3617 2074 3672 hominem
2103 3617 2389 3670 oscitantes

309 3686 416 3738 ⁵050
434 3705 539 3759 qua
554 3691 896 3761 anctoritate,
914 3713 1105 3768 nempe
1121 3713 1304 3748 omnes
1391 3697 1681 3770 usurpavit.
1707 3699 1800 3752 En.
