3200 5117
741 549 868 616 326
1236 550 1328 612 M.
1375 544 1625 612 FABII
1670 544 2306 630 QUINTILIANI

737 674 927 745 cium
957 670 1080 742 filii
1113 670 1245 742 hoc
1276 696 1683 768 responsum
1718 669 2055 742 dederant
2086 669 2384 742 civitati:
2420 694 2680 768 magna
2710 694 2823 740 ar·-

740 786 1125 860 cessebatur
1142 785 1406 858 anima:
1427 785 1671 858 debuit
1689 784 1846 857 duci
1860 799 1878 829 ¹
1904 784 2193 857 honesta
2214 786 2350 856 via:
2371 810 2586 882 quem
2604 783 2821 882 igitur

739 904 972 1003 potius
1004 904 1076 975 in
1107 903 1245 974 fine
1270 901 1557 973 actionis
1581 926 1755 974 meoe
1785 901 2136 992 invocem,
2163 926 2377 999 quam
2408 899 2611 971 illum
2638 897 2821 970 mihi

739 1020 1102 1118 proprium
1136 1016 1393 1090 deum?

735 1273 2090 1300 mmmmmmmm
2096 1273 2827 1296 mmmmm

1464 1465 2100 1543 CCCXXVII.

1365 1694 1621 1768 Sterilis
1650 1700 1854 1767 trium
1883 1718 2194 1768 noverca.

745 1902 1100 1962 Introducta
1126 1901 1322 1961 tribus
1351 1899 1646 1982 privignis
1660 1912 1702 1974 ¹,
1730 1875 2063 1959 sterilitatis
2091 1896 2609 1962 medicamentum
2635 1899 2827 1960 bibit:

1280 1996 1598 2081 repudiata
1614 2042 1630 2073 ,
1658 1995 1869 2078 injusti
1890 1995 2130 2079 repudii
2156 1997 2301 2078 agit.

1435 2182 2143 2248 DECLAMATIO.

844 2347 1058 2437 Quod
1089 2346 1402 2445 primum
1439 2345 1734 2444 pertinet
1765 2344 1855 2416 ad
1892 2346 2234 2445 pudorem
2272 2346 2481 2449 hujus
2513 2350 2832 2441 feminae,

747 2489 892 2534 non
918 2461 1340 2534 adulterium
1367 2460 1710 2563 objicitur,
1738 2487 1879 2533 non
1904 2462 2136 2562 aliqua
2159 2462 2479 2537 adversus
2502 2466 2831 2539 maritum

746 2578 1059 2651 licentia:
1090 2604 1365 2649 necesse
1396 2598 1491 2649 est
1516 2577 1908 2676 plurimum
1934 2579 2081 2679 ejus
2104 2581 2416 2652 moribus
2437 2581 2719 2670 tribuat,
2748 2607 2830 2651 ex

748 2721 893 2794 qua
910 2694 1160 2765 liberos
1181 2694 1438 2790 quaerit.
1470 2692 1727 2764 Omnis
1753 2694 2025 2794 repudii
2046 2722 2250 2769 causa
2277 2696 2347 2768 in
2368 2696 2654 2767 crimine
2678 2720 2831 2765 uno

751 2808 1103 2882 consistit:
1158 2806 1291 2878 hoc
1335 2805 1538 2904 quale
1587 2808 1715 2896 sit,
1776 2829 2008 2907 postea
2058 2810 2484 2882 videbimus:
2540 2808 2828 2880 interim

751 2948 978 2995 unum
1015 2940 1145 3011 est,
1177 2920 1251 2991 in
1279 2946 1417 3017 quo
1446 2919 1849 2991 mortalium
1883 2942 2070 2994 tanta
2101 2923 2422 3013 facilitas,
2456 2949 2579 2994 nec
2613 2922 2698 2994 de
2730 2922 2838 2994 fe—

753 3037 949 3108 mina
991 3033 1276 3134 loquor,
1326 3035 1524 3134 cujus
1565 3034 1913 3107 infirmior
1955 3063 2150 3109 sexu<
2190 3058 2334 3128 est,
2383 3037 2503 3109 sed
2554 3038 2628 3109 in
2671 3037 2839 3137 ipsis

754 3152 996 3242 ctiam,
1032 3152 1154 3249 qui
1185 3149 1591 3251 prudentia,
1626 3152 2101 3252 sapientiaque
2132 3152 2412 3252 gloriari
2435 3154 2688 3244 solent,
2713 3152 2840 3224 ha-

754 3265 872 3336 bet
914 3265 1150 3338 locum
1197 3265 1636 3364 poenitentiae.
1683 3265 1819 3337 Sed
1864 3294 2091 3339 unum
2135 3268 2223 3341 sit
2263 3295 2429 3341 sane
2471 3295 2712 3368 grave,
2755 3270 2842 3340 sit

757 3380 1115 3451 scelestum
1138 3436 1159 3470 ,
1197 3401 1267 3452 et
1310 3380 1591 3452 hercule
1614 3437 1632 3470 ,
1672 3380 1995 3453 credibile
2035 3381 2200 3472 erit,
2238 3381 2309 3454 in
2354 3409 2469 3472 ea,
2511 3411 2665 3481 quae
2704 3403 2838 3454 tres

757 3493 1106 3592 privignos
1137 3493 1388 3570 habuit
1414 3513 1775 3592 :exspecto
1813 3521 1891 3567 ex
1927 3495 2038 3568 his
2071 3495 2338 3594 aliquid
2364 3497 2842 3570 novercalibus

837 3725 880 3760 1.
898 3708 1046 3761 Daci.
1069 3707 1152 3759 Ad
1171 3708 1518 3780 supplicium,
1533 3726 1651 3761 voc.
1670 3726 1760 3760 so·
1844 3732 1866 3755 α
1887 3706 2105 3760 domum
2130 3727 2301 3762 meam
2328 3708 2576 3762 inductus
2606 3721 2713 3774 est,
2733 3732 2757 3755 n
2792 3719 2845 3759 et

760 3786 1759 3859 lemnietproprio.Vid.Decl.CCCXV.
1839 3790 2037 3861 passim
2070 3791 2126 3840 iu
2154 3788 2236 3842 his
2263 3787 2649 3841 Declamation.
2680 3790 2844 3840 Recte

835 3865 1200 3919 2.Introducta
1218 3866 1374 3918 tribus
1387 3865 1764 3939 privignis.Le-
1842 3870 1999 3920 etiam
2043 3867 2252 3920 inducta
2289 3867 2572 3941 privignis,
2606 3878 2667 3918 ut
2708 3863 2839 3917 Ptin.

760 3965 855 4017 ge:
891 3944 1116 3998 inducta.
1153 3944 1318 3996 Giton.
1356 3947 1432 3996 Ita
1465 3943 1580 3995 Val.
1616 3943 1758 3994 Flac.
1841 3951 2116 4022 Epist.V1,
2149 3949 2251 4002 33:
2285 3947 2541 4000 «Femina
2566 3944 2838 4018 splendide

762 4024 835 4087 ua
867 4023 996 4075 ¹32²
1028 4045 1050 4069 ⁶³
1070 4023 1336 4094 Carasque
1358 4025 1486 4076 ‘0¹1⁸
1509 4021 1762 4075 inducere
1847 4054 1868 4076 ι
1888 4044 2009 4083 nata
2041 4029 2355 4085 exheredata
2393 4029 2461 4081 ab
2501 4024 2837 4097 octogenario

769 4126 791 4148 α
810 4102 1081 4157 Thressas.
1099 4126 1121 4151 ιο
1143 4107 1355 4158 Tacitus
1371 4106 1492 4171 ΧΠ,
1511 4124 1566 4158 2:
1590 4127 1613 4151 ι
1629 4105 1765 4155 Lon·
1847 4131 1869 4156 ιι
1889 4122 2068 4181 patre,
2091 4112 2229 4162 intra
2254 4109 2500 4162 undecim
2523 4108 2658 4168 dies,
2679 4121 2839 4176 quam

772 4204 794 4228 u
813 4201 877 4252 ge
918 4184 1111 4237 rectius
1144 4185 1370 4237 Lolliam
1411 4185 1605 4238 induci.
1630 4208 1652 4233 a
1698 4187 1764 4238 Et
1848 4211 1869 4234 ιι
1890 4187 1977 4240 ille
2002 4204 2286 4241 novercam
2312 4189 2393 4253 ei,
2420 4204 2593 4242 amore
2617 4195 2805 4254 captus
2822 4219 2845 4247 ‚

764 4264 888 4316 infr.
924 4265 1069 4317 Decl.
1108 4266 1455 4321 CCCXLVII:
1505 4289 1528 4314 ι
1547 4267 1654 4347 Qui
1696 4265 1765 4320 ad
1849 4266 2183 4320 «induxerat.
2205 4289 2228 4315 ιο
2258 4269 2430 4320 Eunu.
