3200 5117
913 542 1039 613 588

1485 542 2020 606 CALPURNH
2074 540 2443 604 FLACCI

912 667 1136 751 navit3
1154 664 1306 765 jam
1337 691 1500 736 cum
1540 664 1658 736 illo
1694 691 1852 737 meo
1888 691 2126 737 errore
2149 723 2169 755 ,
2208 662 2324 736 vel
2357 663 2613 750 facto¹‚
2644 660 2941 735 voluntaria

910 779 1329 881 profectione
1355 781 1825 879 transegerim.
1861 780 1996 852 Hic
2023 806 2185 869 me,
2216 778 2524 878 judica,
2552 776 2661 849 hic
2684 805 2830 875 puer
2842 806 2943 875 pro-

911 896 1122 968 didit:
1155 896 1209 967 si
1242 919 1627 996 perseverat
1649 897 1721 967 in
1748 922 1907 967 mea
1935 922 2152 996 poena
2174 952 2194 985 ,
2224 894 2423 967 hunc
2450 913 2666 964 mater
2686 891 2941 964 ²occidet.

908 1012 1151 1083 Dicere
1197 1039 1309 1084 me
1351 1034 1693 1112 raptorem
1739 1039 1948 1084 nemo
1989 1009 2311 1083 debebat
2356 1030 2511 1108 post
2552 1008 2941 1091 intervallum,

911 1146 1062 1224 post
1080 1124 1401 1197 exsilium
1419 1182 1437 1216 ‚
1460 1148 1613 1226 post
1634 1153 1831 1198 reum
1856 1126 2089 1198 filium
2111 1124 2170 1198 ³.
2195 1127 2367 1196 Non
2390 1144 2524 1214 est,
2557 1122 2792 1219 inquit,
2814 1121 2941 1191 filius

910 1322 1100 1380 ruptus
1124 1309 1290 1364 locus.
1317 1313 1572 1382 Cogitavi.
1606 1313 1762 1366 Nihil
1784 1311 1911 1385 prd-

897 1387 1045 1458 fecto
1069 1390 1276 1444 moleste
1299 1390 1422 1455 tuli,
1451 1392 1550 1443 nisi
1569 1392 1708 1464 quod
1728 1403 1781 1444 et
1803 1411 1909 1445 non

911 1467 1049 1520 hunc
1065 1468 1172 1539 ipsa
1184 1469 1474 1521 damnavit.
1484 1472 1607 1522 Jam
1619 1490 1778 1544 quum
1795 1470 1910 1537 illo,

909 1559 1009 1597 etc.
1039 1545 1139 1599 Sed
1165 1546 1373 1612 incidit,
1403 1560 1454 1598 et
1471 1547 1617 1619 forte
1644 1566 1800 1619 posse
1829 1566 1912 1599 re-

909 1631 1093 1694 tineri,
1125 1642 1178 1681 et
1210 1629 1590 1699 significatione
1618 1631 1760 1682 vocis
1789 1648 1912 1701 pro-

898 1706 1059 1775 fecto.
1084 1707 1278 1759 Saltem
1292 1707 1515 1779 fortasse
1534 1710 1603 1759 ita
1625 1710 1792 1780 accipi
1813 1706 1910 1759 du-

909 1784 1053 1835 bium
1078 1803 1185 1837 non
1211 1799 1307 1836 est.
1332 1785 1491 1853 Quod
1515 1787 1689 1837 minus
1715 1786 1911 1837 audac-

909 1878 990 1916 ter
1031 1883 1382 1917 asseverarem
1401 1904 1417 1931 ,
1457 1866 1556 1917 nisi
1598 1867 1910 1918 auctoritate

910 1943 1217 2011 Quintiliani
1245 1946 1327 1995 avi
1355 1962 1468 1995 eam
1496 1962 1605 1995 rem
1629 1943 1911 1995 confirma-

911 2035 1015 2073 tam
1063 2020 1189 2073 dare
1234 2042 1445 2093 possem
1466 2061 1482 2089 ,
1530 2027 1622 2094 qui
1663 2022 1909 2075 omnibus

910 2104 1056 2152 testis
1077 2101 1317 2153 assiduus
1339 2102 1496 2154 debet
1520 2103 1732 2155 haberi:
1759 2105 1801 2155 is
1823 2103 1912 2175 igi-

911 2196 996 2233 tur
1016 2183 1247 2234 Det-lam.
1269 2184 1399 2236 CCC
1419 2184 1531 2235 init.
1564 2207 1586 2229 ι
1606 2183 1910 2255 Despicien-

915 2287 938 2310 ι
958 2263 1083 2315 dum
1104 2264 1198 2316 tibi
1219 2266 1444 2317 fortasse
1465 2267 1621 2317 fuerit
1638 2266 1769 2334 (fuit
1788 2268 1913 2317 scri·

916 2367 938 2392 αι
959 2344 1059 2412 be)
1079 2345 1146 2396 ad
1172 2364 1328 2416 quem
1350 2348 1582 2398 venires:
1611 2345 1910 2416 diligentius

916 2450 937 2472 α
959 2427 1257 2478 excutiendi
1273 2446 1457 2479 mores.
1479 2452 1500 2474 ιι
1521 2426 1742 2479 Eadem:
1766 2450 1786 2473 ιι
1808 2426 1911 2479 Ab·

915 2528 936 2552 α
956 2504 1089 2558 solvi
1113 2520 1328 2558 matrem
1353 2524 1540 2559 meam.
1567 2509 1683 2559 Hoc
1708 2526 1815 2558 non
1846 2527 1911 2559 eo

915 2607 936 2631 σι
956 2587 1180 2656 pertinet
1226 2587 1448 2637 fortasse
1468 2623 1484 2650 ,
1538 2600 1594 2637 ut
1640 2583 1910 2636 debuerim

915 2686 937 2711 α
957 2666 1152 2716 crimen
1169 2666 1431 2716 remittere
1451 2687 1461 2715 :
1486 2664 1648 2715 multa
1666 2667 1912 2735 ignoran-

913 2767 935 2790 α
958 2758 1033 2796 tes
1067 2746 1311 2815 patimur.
1335 2768 1356 2790 n
1395 2742 1685 2794 Declamat.
1721 2740 1908 2794 CCCI:

913 2846 935 2869 α
957 2825 1145 2892 Neque
1159 2835 1335 2874 tamen
1356 2824 1538 2890 (enim,
1548 2822 1693 2891 lego)
1709 2822 1910 2873 irritare

913 2924 934 2947 a
957 2916 1064 2953 tam
1084 2900 1334 2952 delicatas
1350 2904 1462 2970 ejus
1477 2899 1793 2971 cupiditates
1814 2919 1913 2971 po-

915 3002 935 3024 «
956 2981 1138 3031 tuisset
1173 2977 1395 3030 ancilla:
1437 2998 1533 3031 nec
1568 2979 1726 3044 fecit,
1765 2976 1909 3049 quod

913 3080 934 3105 a
957 3058 1204 3111 adversus
1237 3059 1374 3111 hanc
1407 3057 1766 3111 conditionem
1800 3059 1911 3111 fieri

914 3158 936 3180 ι
957 3137 1179 3188 fortasse
1220 3138 1494 3207 potuisset.
1542 3138 1736 3208 Rapuit
1775 3150 1910 3187 tam-

915 3238 936 3259 ·
957 3234 1116 3284 quarn
1174 3218 1474 3285 ingenuam.
1501 3239 1524 3264 ι
1583 3215 1909 3268 Declamatio

908 3291 1308 3348 cccxxxvu:
1333 3318 1355 3340 ι
1377 3295 1910 3363 Afferant(Afferunt

914 3394 935 3418 α
956 3370 1104 3440 lego)
1120 3373 1318 3445 aliquid
1339 3375 1562 3426 fortasse
1581 3373 1755 3426 solatii
1774 3373 1911 3426 mala

915 3471 937 3494 κ
959 3447 1121 3501 divisa
1134 3488 1149 3516 ,
1166 3453 1208 3501 si
1224 3452 1493 3523 partiaris;
1515 3453 1587 3502 ita
1606 3450 1710 3502 hoc
1729 3468 1910 3521 graves

915 3551 935 3574 ν
958 3546 1141 3580 causas
1162 3528 1389 3582 allevare
1413 3531 1610 3601 possis,
1637 3532 1679 3580 si
1704 3547 1811 3580 non
1836 3530 1912 3581 in-

915 3629 936 3650 «
956 3618 1144 3677 gruant
1179 3625 1240 3657 ac
1280 3608 1439 3660 semel
1469 3609 1699 3659 veniant.
1721 3630 1742 3654 ι
1780 3609 1909 3660 &int

908 3699 960 3737 et
986 3686 1105 3738 loca
1135 3685 1285 3756 plura
1303 3724 1320 3751 ‚
1346 3706 1461 3758 quae
1490 3685 1619 3738 alias
1648 3685 1906 3737 dabimus.

906 3768 1123 3818 Scitum.

985 3861 1027 3896 1.
1049 3847 1171 3896 Jam
1197 3863 1312 3898 cum
1335 3845 1430 3898 illo
1454 3863 1621 3899 errore
1644 3846 1906 3919 velfacto.

905 3925 1074 3993 Lego,
1082 3928 1200 3996 jam
1228 3944 1346 3976 cum
1372 3923 1465 3977 ino
1492 3944 1607 3979 meo
1635 3944 1799 3977 errore
1828 3924 1910 3977 vel

895 4005 1039 4075 fato,
1057 4020 1154 4058 etc.
1169 4009 1313 4059 Prrn.
1326 4007 1531 4074 Scribe,
1549 4020 1906 4080 transegeram.

906 4088 1285 4139 Transactione
1308 4089 1368 4139 iis
1394 4088 1697 4153 liberamur,
1719 4087 1910 4157 quibus

908 4181 1159 4220 tenemur.
1189 4170 1266 4218 Ita
1294 4170 1569 4240 transigere
1591 4188 1707 4221 cum
1725 4168 1907 4239 facto,

908 4264 986 4300 est
1005 4266 1189 4320 poena,
1212 4247 1280 4299 ad
1300 4250 1448 4320 quod
1464 4252 1663 4302 factum
1684 4250 1909 4322 obligat,

1992 1332 2046 1366 se
2077 1312 2339 1364 liberare.
2371 1309 2537 1363 Simili
2564 1306 2774 1380 quadam
2798 1308 2941 1357 ratione

1988 1393 2241 1445 decidere
2258 1414 2274 1441 .-
2305 1393 2434 1462 quia
2460 1390 2793 1441 transactione
2813 1387 2860 1437 lis
2880 1384 2943 1435 de-

1990 1469 2226 1536 ciditur,
2253 1471 2444 1522 finitur
2457 1505 2475 1532 ‚
2495 1467 2824 1536 exstinguitur.
2841 1486 2858 1509 ι
2871 1463 2939 1512 De·

1998 1571 2019 1595 ι
2040 1552 2155 1602 cisa
2174 1550 2403 1619 negotia
2420 1570 2443 1593 a
2462 1548 2640 1597 Horat.
2653 1543 2717 1595 ad
2730 1544 2939 1609 finempe

1991 1625 2176 1680 ducta.
2198 1626 2451 1679 Declam.
2464 1624 2644 1689 Quint.
2663 1623 2744 1672 ΧΠ
2756 1643 2766 1671 :
2786 1616 2936 1685 -Effuge

1997 1728 2019 1750 ι
2041 1720 2334 1779 raptores,
2361 1706 2543 1774 effuge
2567 1720 2669 1754 nou
2690 1699 2932 1751 dimissuros

1997 1810 2019 1835 α
2040 1787 2094 1839 Si
2124 1788 2283 1839 aliud
2315 1787 2434 1838 fieri
2462 1803 2569 1835 non
2598 1797 2784 1855 potest,
2807 1775 2936 1829 decide

1999 1888 2020 1912 σι
2043 1884 2167 1916 cum
2210 1876 2572 1937 tempestate,
2611 1860 2844 1926 naufragio
2870 1854 2933 1905 de·

1997 1968 2019 1991 κ
2040 1960 2249 1999 sertum
2286 1947 2417 1998 litus
2457 1945 2692 2015 impinge.
2714 1964 2733 1986 ι
2761 1935 2931 1989 Declam-

1990 2030 2073 2079 avi
2105 2027 2296 2079 OCLII
2316 2049 2329 2078 ε
2369 2050 2392 2073 u
2413 2030 2623 2077 Poterat
2654 2020 2778 2072 brevi
2802 2012 2931 2067 condi-

1996 2128 2018 2151 «
2040 2108 2189 2158 tione
2216 2103 2404 2157 decidi
2420 2143 2436 2171 ‚
2459 2116 2514 2154 ut
2541 2100 2746 2163 diceret,
2763 2113 2842 2166 qua
2860 2090 2928 2142 alia

1997 2187 2152 2257 “lege
2196 2206 2331 2238 cum
2369 2184 2466 2236 illo
2504 2182 2768 2235 consistere
2794 2184 2928 2244 potue·

1995 2287 2020 2312 ι
2040 2268 2155 2316 rim.
2182 2290 2207 2312 n
2250 2265 2381 2317 Seu.
2417 2264 2661 2316 Controv.
2690 2254 2754 2307 H:
2785 2244 2924 2301 «Unde

1996 2370 2018 2393 α
2041 2348 2240 2399 scimus
2264 2385 2282 2412 ,
2328 2364 2399 2397 an
2441 2335 2831 2395 convenientibus
2857 2344 2923 2398 ΡΝ

1998 2445 2019 2469 α
2040 2425 2386 2495 virginitate,
2420 2423 2528 2474 alio
2563 2415 2761 2470 libidinis
2788 2421 2923 2479 genere

1996 2524 2019 2547 ι
2040 2500 2322 2555 deciderit.
2346 2526 2372 2549 ιι
2410 2500 2518 2553 Ubi
2552 2510 2602 2549 et
2635 2492 2721 2545 alia
2752 2480 2923 2553 exempla

1994 2579 2112 2631 vide
2132 2582 2187 2632 in
2210 2594 2329 2633 not.
2347 2580 2588 2632 Gronov.
2605 2574 2785 2625 Sclwla‘f·
2797 2565 2919 2630 Quem

1992 2671 2044 2709 et
2062 2657 2169 2710 vid.
2193 2660 2265 2711 ad
2286 2660 2477 2712 Senec.
2500 2656 2726 2706 controv.
2745 2647 2779 2707 l,
2791 2658 2831 2709 P·
2844 2637 2893 2703 57
2901 2654 2912 2693 ἱ

1993 2753 2045 2791 ει
2068 2742 2137 2791 im
2164 2740 2358 2807 Quint.
2385 2742 2516 2791 inst.
2540 2735 2658 2795 vn,
2683 2746 2715 2792 ι,
2732 2738 2774 2775 ut
2794 2714 2913 2789 ‘1³⁰¹'

1998 2842 2021 2865 ι
2039 2821 2167 2872 chre
2186 2822 2356 2873 fuerit
2376 2837 2503 2872 cum
2520 2797 2910 2890 materiiaemfflulm

1998 2925 2020 2950 αι
2040 2918 2091 2954 et
2143 2902 2385 2956 clamore
2439 2908 2791 2954 transactum-2·
2829 2876 2916 2929 *ὼ

1989 2980 2136 3033 nect.
2154 2984 2302 3049 vm,
2332 3000 2418 3034 22.
2442 2981 2523 3031 De
2542 2970 2764 3029 decidere,
2778 2956 2853 3011 vid„
2868 2950 2914 3005 ad

1989 3059 2171 3125 Quint.
2196 3059 2351 3112 Dect.
2382 3059 2506 3121 XII,
2537 3072 2612 3105 ιο.
2636 3050 2775 3099 cht.

2063 3154 2109 3187 2.
2144 3137 2304 3190 Hunc
2332 3147 2506 3187 mater
2529 3126 2720 3185 occidet.
2742 3112 2912 3171 Declam-

1988 3215 2238 3267 XXXIX:
2276 3238 2301 3262 ot
2323 3218 2438 3285 Ego
2473 3227 2554 3276 te,
2581 3209 2742 3264 frater,
2766 3186 2909 3248 OEfldlv

1995 3320 2017 3343 α
2036 3296 2164 3349 dum
2184 3316 2312 3349 cum
2336 3309 2507 3349 matre
2526 3280 2779 3343 contendo.
2795 3299 2812 3322 ι
2830 3270 2910 3322 861-

2050 3375 2102 3427 3.
2117 3377 2240 3428 Post
2247 3375 2514 3437 exsilium,
2522 3349 2907 3443 postreumfilfffl·

1989 3451 2338 3525 Conjeceram
2379 3461 2496 3525 post
2528 3443 2738 3520 qenitum
2763 3427 2908 3553 fila

1989 3532 2147 3598 Quod
2200 3551 2360 3585 sensu
2418 3543 2497 3582 est
2545 3512 2802 3576 commodo.

1992 3631 2154 3685 quum
2196 3615 2375 3683 cogito
2398 3650 2415 3678 ‚
2458 3607 2525 3660 ad
2561 3623 2617 3656 ea
2651 3599 2904 3687 respectu&

1991 3711 2104 3764 quae
2131 3694 2283 3744 initio
2313 3691 2546 3745 Declam.
2568 3694 2681 3738 sunt
2702 3675 2837 3727 dmm
2856 3676 2906 3711 ⁸¹⁰

1990 3776 2181 3825 omissa
2215 3771 2477 3844 particula
2510 3753 2811 3835 supplendum
2821 3780 2838 3834 .'
2861 3753 2901 3787 δι’

1987 3852 2354 3925 reponendum
2368 3892 2385 3919 .,
2402 3850 2499 3901 nisi
2513 3854 2621 3917 post
2635 3823 2898 3947 ’‘eum-fitz?

1988 3933 2295 4003 Suspectam
2316 3931 2455 3983 hanc
2476 3927 2618 3986 facit,
2633 3909 2896 4030 ᾳιιεειειςῶἔ

1990 4012 2132 4063 hunc
2159 4010 2321 4062 filium
2352 4002 2641 4076 susceperit.
2674 3991 2777 4043 Ideo

1990 4106 2074 4144 cet
2088 4090 2250 4143 filium
2267 4089 2466 4141 lubenti
2482 4084 2644 4136 animo
2656 4064 2890 4124 incolumem

1992 4189 2199 4223 servare
2222 4184 2271 4221 et
2296 4168 2434 4221 alere
2449 4207 2465 4230 .,
2492 4178 2584 4216 nec
2606 4156 2667 4207 de
2690 4150 2775 4237 11'00
2793 4146 2889 4204 ‘1¹¹²'

1992 4253 2217 4303 stionem
2240 4266 2477 4311 movere,
2505 4252 2586 4295 aut
2616 4237 2798 4286 movtsse
2818 4221 2891 4263 *Β*
