3200 5117
815 571 1652 639 DECLAMATIONES.
1700 572 1959 639 CCCL.
2308 576 2426 656 44¹

343 722 485 770 esse
514 698 745 798 potuit
772 697 1143 796 prudentia
1174 696 1520 797 majorum
1541 754 1561 787 ,
1597 724 2038 797 quamquam
2074 698 2211 771 fuit
2242 725 2448 771 sum·-

339 838 460 884 ma
476 869 496 902 ,
524 833 603 883 ut
628 811 717 883 ad
736 836 945 884 omne
970 835 1190 909 genus
1219 809 1547 908 nequitiae
1572 831 1888 883 occurrat
1907 825 1923 855 ¹
1952 838 1967 881 :
1996 810 2290 909 ideoque
2314 837 2438 910 per

342 926 743 998 universum
760 982 780 1016 ,
817 946 886 997 et
918 950 1043 1023 per
1071 950 1323 1022 genera
1348 924 1628 1023 singula
1654 924 2039 1024 conscripta
2066 949 2232 999 sunt
2247 926 2432 1027 jura.

342 1038 583 1113 Caedes
609 1039 880 1113 videtur
909 1037 1299 1137 significare
1328 1040 1747 1138 sanguinem
1772 1059 1841 1111 et
1866 1040 2131 1112 ferrum
2157 1069 2172 1112 :
2200 1041 2258 1112 si
2284 1040 2436 1138 quis

341 1153 477 1225 alio
507 1180 755 1253 genere
789 1150 1003 1224 homo
1034 1153 1247 1224 fuerit
1272 1153 1533 1224 occisus
1551 1210 1572 1243 ,
1608 1151 1697 1224 ad
1733 1151 1928 1225 illam
1961 1153 2188 1251 legem
2218 1179 2439 1225 rever-

345 1291 572 1342 temur
599 1297 615 1342 :
656 1270 713 1342 si
741 1268 1066 1342 inciderit
1102 1268 1175 1339 in
1209 1269 1512 1340 latrones
1527 1281 1580 1358 ²,
1616 1269 1836 1341 autin
1868 1257 2083 1367 aquas
2112 1268 2436 1368 praecipi-

342 1405 553 1477 tatus,
601 1384 658 1457 si
704 1384 778 1455 in
825 1382 1134 1482 aliquam
1182 1381 1604 1456 immensam
1651 1381 2090 1455 altitudinem
2135 1381 2440 1484 dejectus

340 1499 547 1571 fuerit
563 1556 582 1590 ,
608 1498 857 1571 eadem
880 1497 1032 1596 lege
1052 1495 1543 1588 vindicabitur,
1570 1522 1708 1596 qua
1739 1496 1859 1570 ille
1877 1555 1897 1587 ,
1926 1497 2049 1596 qui
2082 1498 2262 1569 ferro
2289 1522 2437 1597 per·

342 1640 576 1688 cussus
622 1613 754 1686 sit:
801 1611 1016 1711 igitur
1056 1633 1124 1685 et
1164 1611 1303 1684 alia
1341 1610 1620 1685 similia.
1663 1615 1806 1686 Lex
1847 1614 1935 1686 de
1971 1640 2152 1710 aqua
2184 1611 2438 1711 frigida

341 1729 597 1828 scripta
629 1754 771 1800 non
808 1747 988 1818 erat3
1018 1726 1388 1802 redeamus
1419 1753 1694 1802 necesse
1728 1750 1828 1802 est
1852 1750 2087 1803 tamen
2122 1728 2211 1802 ad
2240 1756 2394 1803 eam
2414 1788 2434 1821 ,

342 1870 497 1942 quae
526 1869 796 1916 venena
831 1862 1176 1933 coerceat,
1211 1870 1437 1941 quum
1480 1870 1663 1943 aqua
1696 1843 1953 1943 frigida
1986 1843 2058 1915 id
2086 1843 2393 1917 effecerit
2415 1902 2434 1933 ,

343 1955 533 2055 quod
558 1983 934 2029 venenum.
971 1958 1137 2029 Haee
1156 2013 1175 2047 ,
1205 1977 1285 2029 ut
1311 1955 1710 2030 remittam³
1741 1984 1886 2031 non
1918 1958 2132 2031 fuisse
2159 1957 2291 2030 hoc
2322 1986 2438 2032 ve-

346 2071 682 2144 neficium
700 2129 720 2163 ,
751 2098 941 2144 nunc
961 2095 1122 2146 vero
1144 2099 1500 2145 venenum
1525 2073 1880 2173 quomodo
1903 2073 2340 2174 interpretari
2372 2096 2439 2146 et

345 2187 730 2287 intelligere
753 2188 1166 2287 possumus?
1192 2208 1270 2261 ut
1293 2188 1562 2288 opinor,
1587 2189 1944 2290 potionem
1970 2189 2212 2263 mortis
2236 2216 2439 2263 causa

347 2301 604 2374 datam.
639 2303 801 2374 Non
827 2302 1161 2401 quaeritur
1189 2302 1414 2401 qualis
1444 2302 1567 2391 sit,
1594 2302 1716 2376 sed
1744 2303 1914 2404 quid
1944 2303 2236 2375 efficiat:
2268 2329 2437 2374 nam

343 2416 656 2517 ipsorum
674 2444 1105 2490 venenorum
1127 2417 1331 2517 plura
1358 2445 1653 2517 genera,
1683 2418 1888 2519 plura
1917 2419 2211 2491 nomina
2239 2439 2434 2508 sunt;
2519 2465 2540 2478 ·

344 2532 591 2605 diversi
642 2532 850 2607 etiam
903 2533 1214 2605 effectus.
1269 2532 1483 2606 Aliud
1535 2558 1619 2606 ex
1667 2532 2014 2606 radicibus
2059 2532 2437 2606 herbarum

342 2650 801 2743 contrahitur,
827 2649 1022 2722 aliud
1043 2677 1121 2722 ex
1146 2648 1570 2723 animalibus
1594 2651 1999 2724 mortiferisff·
2025 2670 2436 2737 reservatur3

342 2787 503 2839 sunt
544 2793 700 2866 quae
741 2767 993 2867 frigore
1033 2765 1497 2866 sanguinem⁵
1532 2766 1804 2865 gelent,
1838 2787 1999 2839 sunt
2031 2794 2184 2867 quae
2217 2765 2439 2839 calore
2505 2767 2509 2772 ’

344 2881 569 2953 nimio
605 2880 839 2953 vitalia
887 2904 1174 2955 exurant
1190 2912 1209 2971 ;
1263 2880 1506 2954 omnia
1552 2902 1793 2955 tamen
1846 2882 1991 2953 haec
2039 2882 2170 2953 sub
2220 2903 2436 2952 unam

343 2995 568 3094 legem
615 2998 930 3071 veneficii
976 3000 1288 3070 veniunt.
1343 2997 1543 3088 Quin
1592 2997 1767 3071 illud
1816 2998 2029 3071 etiam
2081 2997 2435 3071 in'rerum

345 3132 594 3184 natura
635 3113 1088 3187 manifestum
1136 3135 1340 3213 atque
1383 3112 1897 3211 deprehensum
1946 3135 2080 3203 est,
2124 3112 2260 3184 alia
2295 3139 2435 3184 esse

343 3224 496 3297 aliis
518 3231 787 3300 venena
817 3254 831 3297 :
861 3226 1183 3324 quaedam
1209 3225 1565 3299 mortifera
1595 3227 1801 3297 nobis
1819 3282 1838 3315 ‚
1874 3225 2085 3298 etiam
2115 3226 2190 3297 in
2221 3251 2434 3298 reme-

345 3340 547 3413 dium
587 3341 1059 3440 quorumdam
1102 3340 1522 3414 animalium
1560 3340 1857 3412 cedunt:
1892 3339 2251 3437 quaedam,
2278 3367 2433 3438 quae

420 3507 463 3541 ι.
507 3490 578 3541 Ut
609 3490 680 3542 ad
718 3509 875 3544 omne
904 3510 1067 3565 qenus
1102 3491 1346 3564 nequitiae
1496 3490 1654 3558 4.·Ex
1671 3488 1989 3544 animalibus
2005 3489 2430 3563 manifestavi&

343 3581 595 3621 occurrat.
607 3571 809 3641 Regula
822 3570 1077 3644 loquendi
1091 3572 1345 3644 praecipit,
1424 3570 1582 3624 Com.
1618 3568 1862 3635 Celsum,
1895 3567 1985 3621 lib.
2007 3573 2074 3637 V,
2102 3586 2184 3639 17,
2215 3568 2247 3622 5
2281 3587 2429 3639 seqq·

343 3648 632 3698 occurrerit.
656 3647 825 3701 Gnou.
1425 3650 1519 3704 ubi
1542 3653 1650 3722 agit
1674 3650 1742 3703 de
1763 3668 1943 3704 morsu
1971 3663 2275 3722 serpentum
2302 3647 2435 3700 mul-

416 3742 465 3776 a.
490 3726 557 3777 In
583 3724 819 3779 lah‘ones.
849 3727 934 3781 Al.
961 3728 1212 3789 laninas,-
1234 3727 1348 3778 for·
1426 3746 1622 3785 torum.
1639 3732 1732 3783 En.

344 3818 483 3860 tasse
514 3808 740 3874 rectius,
767 3807 850 3860 vel
885 3807 1169 3861 lautumias
1199 3808 1346 3859 Prrn.
1493 3808 2077 3885 5.Friqoresanquinem
2085 3807 2276 3882 qelent.
2289 3805 2434 3862 Idem

342 3887 555 3941 Rectius
570 3886 826 3940 habemus
842 3887 1079 3940 inciderit
1093 3905 1215 3940 cum
1228 3887 1344 3959 Rip.
1426 3888 1518 3940 lib.
1535 3902 1587 3940 et
1603 3907 1721 3959 cap.
1741 3890 1852 3940 citt.
1869 3888 1914 3959 §-
1926 3888 1960 3941 3
1975 3888 2066 3940 fin.
2081 3895 2435 3958 posteaquam

340 3987 440 4039 pro
468 3968 727 4021 incideret.
762 3966 928 4036 Quod
958 3987 1081 4020 mox
1107 3969 1348 4039 sequitur
1426 3971 1677 4041 precepit
1702 3968 1943 4022 antidota
1970 3966 2137 4020 calori
2167 3963 2433 4019 movendo

341 4047 621 4101 relativum
645 4048 1004 4100 vindicabitur.
1031 4050 1123 4100 En.
1429 4050 1649 4116 idonea,
1666 4049 1779 4102 baec
1803 4048 1982 4103 addit:
2016 4072 2038 4095 a
2057 4050 2194 4101 Nam
2210 4050 2435 4102 maxima

410 4128 460 4180 3.
500 4127 627 4180 Hoec
664 4138 725 4178 ut
759 4127 1039 4178 remittam.
1074 4125 1202 4178 Hoec
1234 4121 1351 4176 vult
1434 4151 1457 4175 a
1475 4147 1599 4200 pars
1647 4147 1970 4181 venenorum
2013 4129 2209 4199 frigore
2254 4129 2435 4180 interi-

341 4207 599 4259 remittam
610 4208 725 4274 ,vel
739 4206 1059 4278 proemiuam
1070 4246 1089 4274 ,
1108 4225 1207 4279 pro
1222 4222 1350 4278 γνο-
1434 4229 1457 4254 e
1475 4209 1587 4260 mit.
1610 4231 1634 4255 n
1657 4207 1831 4276 Quam
1846 4207 2163 4262 sententiam
2180 4224 2290 4259 non
2310 4224 2436 4258 con-

342 4288 637 4341 terminam.
662 4291 883 4344 Senum.
1427 4285 1636 4340 firmare
1661 4289 1963 4340 sustineam.
1989 4286 2084 4338 En.
