3200 5117
777 537 1612 610 DECLAMATIONES.
1659 540 2100 609 CCCXXVI.

2347 549 2470 614 323

1363 791 1651 813 mmm
1655 789 1964 813 mm
1973 792 2486 821 ”mmmm

1154 974 1742 1052 CCCXXVI.

846 1203 1295 1305 Leqatifilius
1324 1209 1602 1274 victima
1630 1203 2045 1301 pestilentiae.

406 1402 534 1484 Qui
568 1403 911 1488 pestilentia
950 1402 1356 1476 laborabant,
1399 1404 1701 1460 miserunt
1736 1400 2008 1481 legatum
2050 1402 2128 1462 ad
2171 1404 2492 1466 oraculum

483 1501 859 1585 petendum:
903 1519 1269 1580 responsum
1306 1511 1395 1558 est
1435 1498 1527 1570 ei,
1569 1495 1769 1557 filium
1812 1499 1999 1580 ipsius
2039 1501 2496 1563 immolandum

485 1623 629 1662 esse.
673 1598 785 1659 Ille
829 1598 1150 1658 nunciavit
1185 1598 1420 1657 civitati
1469 1617 1638 1656 sacra
1697 1596 2061 1674 desiderari,
2108 1597 2238 1661 filio
2280 1623 2500 1665 verum

489 1698 798 1760 confessus
834 1711 937 1757 est.
977 1697 1169 1755 Sacris
1207 1693 1401 1754 finitis
1434 1694 1776 1776 pestilentia
1812 1716 1943 1776 non
1974 1709 2063 1755 est
2092 1694 2300 1758 finita:
2334 1699 2498 1761 filius

489 1795 781 1878 processit
807 1795 873 1854 in
901 1794 1293 1866 concionem,
1318 1805 1377 1852 et
1403 1812 1464 1852 se
1493 1794 1621 1874 ipse
1645 1792 1962 1854 interfecit.
1988 1795 2193 1855 Finita
2217 1798 2500 1878 pestilen-

494 1894 577 1952 tia
605 1912 743 1953 reus
770 1904 858 1951 est
880 1890 1114 1972 legatus
1136 1886 1291 1958 l‘aesae
1319 1887 1693 1972 reipublicae.

1108 2075 1805 2180 DECLAMATIO.

514 2197 1042 2306 AEstimaveram
1059 2275 1078 2308 ,
1112 2217 1376 2318 judices
1396 2276 1415 2309 ,
1441 2241 1888 2292 consecutum
1914 2247 2053 2293 esse
2080 2245 2194 2291 me
2219 2219 2351 2291 hoc
2375 2221 2525 2293 sal-⁴

416 2354 559 2408 tem
577 2391 597 2425 ,
624 2353 701 2405 ut
726 2333 1063 2433 sanguine
1088 2358 1244 2405 meo
1266 2354 1528 2404 servata
1556 2334 1790 2406 civitas
1808 2392 1827 2424 ,
1859 2334 2029 2405 datae
2058 2333 2295 2406 salutis
2318 2358 2505 2433 grata

418 2448 887 2551 meminisset¹
924 2474 938 2518 z
982 2467 1190 2547 atque
1238 2475 1317 2520 eo
1361 2448 1619 2547 magis,
1664 2448 1853 2544 quod
1895 2448 2082 2520 filius
2122 2475 2322 2521 meus
2359 2477 2503 2521 non

413 2563 815 2638 necessitate
854 2561 1247 2634 immolatus
1281 2585 1457 2652 erat,
1501 2563 1619 2636 sed
1664 2563 2035 2637 voluntate.
2067 2533 2335 2642 Vinum
2370 2563 2502 2636 hoc

417 2679 590 2751 adeo
610 2677 685 2749 in
707 2677 1127 2749 contrarium
1147 2677 1376 2767 cessit,
1399 2699 1480 2749 ut
1510 2677 1770 2748 inventi
1799 2677 1938 2749 sint
1958 2678 2032 2748 in
2057 2678 2186 2750 hoc
2209 2678 2503 2777 populo,

419 2793 577 2892 qui,
614 2819 760 2863 rem
794 2791 1023 2886 nescio
1053 2791 1529 2889 indignatione
1564 2793 1783 2891 magis
1808 2791 2221 2884 dolendam,
2253 2819 2345 2864 an
2379 2821 2505 2866 va-

421 2907 630 2978 nitate
661 2905 1029 2979 ridendam
1048 2962 1068 2996 ,
1103 2905 1433 3007 objiciant
1462 2905 1739 2977 homini
1765 2905 2262 3004 pestilentiam3
2301 2928 2368 2978 et
2396 2935 2506 2979 re-

422 3020 740 3093 medium
770 3019 1007 3092 deberi
1040 3019 1169 3091 diis
1198 3016 1731 3107 immortalibus,
1756 3039 2024 3116 putent.
2053 3020 2123 3091 Si
2152 3018 2324 3116 quid
2351 3047 2507 3094 vero

422 3133 601 3234 passi
644 3160 883 3205 sumus
930 3133 1049 3205 tali
1089 3131 1396 3205 remedio
1442 3131 1784 3228 dignum,
1832 3153 2076 3203 nostrae
2123 3132 2507 3208 infirmitati

423 3249 908 3349 assignabitur.

1263 3376 1669 3442 SERMO2.

513 3527 678 3589 Fere
707 3519 1194 3590 commendatio
1218 3543 1341 3610 per
1360 3519 1502 3585 haec
1529 3516 1818 3610 petenda
1847 3519 2002 3583 erit:
2040 3541 2187 3610 quae
2209 3519 2306 3585 illi
2334 3520 2512 3586 diffi-

503 3683 547 3718 ι.
576 3669 727 3721 Datoe
752 3666 930 3720 salutis
955 3666 1127 3740 qratia
1159 3666 1426 3718 memim's-

427 3755 515 3800 κε.
557 3744 801 3798 AErodius
822 3768 836 3797 ε
880 3746 1003 3798 data
1042 3744 1221 3798 salutis
1254 3744 1428 3818 qratia

427 3823 751 3877 meminisset.
782 3821 1159 3878 scribendum:
1188 3823 1324 3874 datoe
1345 3841 1429 3875 sa-

429 3903 551 3957 lutis
568 3917 720 3977 qrata
743 3905 1067 3972 meminisset.
1093 3904 1330 3956 (ἔειπον.
1356 3931 1430 3941 -—

381 4009 386 4015 ·
426 3985 613 4040 Nescio
653 3984 1017 4060 indignatione
1051 3985 1216 4058 maqt's
1253 3982 1430 4033 dolen-

427 4062 551 4115 dam
563 4101 583 4129 ,
602 4084 673 4116 an
693 4066 923 4119 vanitate
940 4063 1225 4118 ridendam.
1241 4060 1340 4113 Rei
1357 4062 1432 4132 ip-

428 4144 535 4197 sius
558 4144 901 4198 affectionem
923 4141 1184 4213 significat
1203 4141 1403 4194 vanitas
1410 4162 1432 4203 ‚-

428 4236 541 4274 non
573 4221 866 4277 hominum.
891 4220 1072 4275 Talem
1108 4221 1264 4293 igitur
1296 4238 1433 4291 quo-

1506 3680 1614 3734 que
1634 3679 1820 3714 vocem
1847 3662 2058 3716 citerius
2085 3664 2314 3734 positam
2342 3661 2513 3713 credi-

1505 3741 1612 3793 bile
1649 3753 1744 3793 est.
1783 3742 1952 3810 Erffo,
1990 3739 2159 3793 nescio
2202 3738 2513 3810 indiqnitate

1506 3819 1671 3892 magis
1710 3817 1989 3870 dolendam
2008 3857 2027 3884 ‚
2067 3817 2297 3869 vanitate
2338 3816 2514 3869 n’den-

1507 3898 1644 3949 dam.
1688 3897 1854 3950 Gnon.
1895 3925 1969 3936 --
2012 3893 2135 3947 Tali
2174 3893 2397 3946 remedio
2434 3894 2515 3945 da·-
2550 3883 2568 3903 ‘

1505 3996 1686 4051 quum.
1702 3976 1824 4030 Tali
1839 3977 2087 4041 remedio,
2107 3975 2325 4049 dignum
2347 3986 2516 4028 nostra

1511 4055 1814 4130 &firmitate
1834 4056 2158 4133 affirmatur,
2185 4056 2385 4109 Schult.
2413 4059 2517 4132 Af-

1497 4138 1826 4212 firmabitur,
1850 4139 1975 4193 edit.
2003 4139 2126 4192 aliae.

1586 4238 1635 4274 2.
1667 4222 1861 4275 Sermo.
1896 4222 2165 4275 praemittit
2192 4220 2338 4275 hune
2363 4222 2517 4274 AEro-

2185 4326 2266 4362 αι.
