3200 5117
782 511 912 593 384
1287 507 1381 571 Μ.
1428 505 1681 570 FABII
1729 504 2367 587 QUINTILIANI

780 650 881 700 est
915 632 995 697 lis
1035 630 1189 695 huic
1225 629 1487 694 mulieri
1525 626 1729 698 hodie
1770 651 1921 693 cum
1960 627 2194 692 marito
2234 651 2395 704 suo:
2435 651 2655 718 neque
2700 632 2885 696 enim

768 736 1100 829 judicium
1123 735 1434 801 constitui
1463 750 1687 822 potest
1722 736 1894 799 inter
1930 756 2119 812 eum,
2157 733 2270 822 qui
2311 732 2517 813 cedit,
2556 758 2881 826 eamque,

780 866 930 933 quae
955 843 1079 908 sibi
1101 842 1353 907 asserit.
1373 838 1776 904 Adolescens
1798 839 2110 904 asseritur
2131 862 2169 903 a
2192 862 2485 929 paupere
2511 859 2695 930 patre
2720 867 2735 907 ε
2766 842 2881 909 ille

778 947 1017 1014 cedit¹:
1045 964 1256 1014 mater
1283 970 1417 1013 non
1443 944 1640 1011 cedit.

1471 1151 2174 1218 DECLAMATIO.

873 1312 1165 1387 Etiamsi
1198 1311 1280 1384 lis
1316 1311 1481 1384 huic
1522 1312 1840 1402 mulieri,
1889 1312 2000 1384 cui
2034 1313 2318 1400 adsum,
2350 1310 2659 1414 judiceS,
2705 1335 2877 1386 esset

777 1450 1018 1502 contra
1060 1454 1444 1529 pauperem
1492 1427 1744 1517 istum,
1794 1427 2076 1500 infirmo
2123 1428 2277 1500 loco
2327 1455 2481 1527 pars
2529 1450 2761 1500 nostra
2807 1449 2876 1500 et

777 1544 1051 1642 dignior
1092 1543 1347 1616 auxilio
1374 1542 1720 1615 videretur
1738 1573 1759 1634 Ἰ;
1797 1542 1963 1642 quia
2000 1563 2067 1615 et
2109 1571 2232 1642 per
2268 1570 2339 1615 se
2380 1543 2731 1616 imbecilla
2768 1571 2875 1616 res

778 1679 880 1730 est
906 1658 1208 1747 femina,
1240 1677 1308 1730 et
1333 1658 1534 1730 affert
1568 1657 1957 1730 infirmitati
1998 1655 2296 1730 naturali
2333 1684 2475 1729 non
2507 1659 2655 1731 leve
2688 1685 2872 1758 pon-

777 1772 944 1863 dus,
976 1772 1164 1872 quod
1192 1772 1401 1846 vidua
1438 1792 1553 1844 est.
1588 1772 1774 1844 Huic
1807 1771 2015 1843 etiam
2049 1773 2413 1872 proprium
2457 1772 2632 1845 illud
2673 1800 2872 1845 acce-

778 1888 915 1980 dit,
947 1888 1135 1988 quod
1162 1888 1236 1960 in
1266 1886 1718 1961 solitudinem
1739 1903 1764 1933 ²
1797 1915 2121 1960 conversa
2148 1910 2349 1974 sunt,
2377 1915 2527 1986 quae
2553 1888 2873 1988 praesidia

774 2008 1058 2080 fuerunt
1086 2033 1100 2076 :
1140 2004 1282 2077 haec
1312 2004 1505 2076 enim
1533 2005 1848 2105 quamvis
1883 2004 2211 2077 maritum
2244 2005 2498 2079 habere
2529 2005 2865 2096 desiisset,

776 2141 982 2219 atque
1008 2140 1178 2191 esset
1207 2146 1287 2191 ea
1311 2119 1554 2212 domo,
1587 2120 1663 2191 in
1690 2148 1827 2218 qua
1849 2121 2039 2219 virgo
2065 2143 2425 2221 nupserat,
2456 2121 2653 2220 pulsa
2670 2180 2690 2212 ,
2724 2149 2865 2193 non

776 2237 926 2308 sine
952 2235 1210 2308 auxilio
1239 2257 1473 2308 tamen
1502 2236 1719 2309 videri
1751 2258 2043 2336 poterat,
2077 2265 2299 2337 quum
2329 2236 2615 2309 haberet
2644 2238 2863 2309 filium

764 2349 1126 2451 juvenem.
1156 2353 1404 2443 Quum
1428 2377 1587 2422 vero
1617 2350 1749 2422 hoc
1776 2351 2010 2451 ipsum
2039 2350 2421 2422 deducatur
2444 2352 2517 2421 in
2543 2350 2767 2442 litem,
2797 2371 2866 2422 et

773 2465 905 2537 hoc
940 2488 1252 2566 tempore
1286 2466 1465 2538 nihil
1500 2466 1709 2538 matri
1740 2487 1982 2566 praeter
2015 2465 2558 2539 sollicitudinem
2590 2466 2858 2555 afferat3

773 2603 1007 2656 tamen
1039 2583 1172 2655 hoc
1206 2584 1561 2674 confiteor,
1598 2610 1742 2655 non
1778 2611 1932 2655 eam
1968 2611 2133 2656 cum
2175 2584 2359 2683 ipso,
2395 2610 2602 2680 quem
2639 2608 2716 2652 ex
2749 2582 2861 2651 di-

770 2697 975 2769 versis
1014 2696 1256 2769 videtis
1300 2698 1681 2790 subselliiS,
1729 2699 1995 2799 litigare
2035 2726 2050 2771 ε
2099 2698 2300 2771 altior
2330 2697 2540 2798 gratia
2577 2695 2847 2795 premit.

773 2813 963 2884 Esset
987 2811 1250 2910 quippe
1275 2811 1419 2883 haec
1451 2834 1670 2884 mater
1693 2813 1765 2885 in
1796 2813 1912 2886 lite
1942 2834 2300 2914 utcunque
2324 2809 2599 2901 felicior,
2627 2811 2682 2881 si
2710 2837 2856 2881 ma-

775 2926 944 2998 ritus
965 2925 1111 3026 ejus
1132 2946 1495 2997 contentus
1516 2947 1687 2998 esset
1706 2926 1852 2999 filio
1873 2926 2179 3000 cessisse:
2208 2954 2399 2998 nunc
2418 2924 2665 3026 adjecit
2680 2925 2860 2996 testi-

774 3040 1011 3113 monio
1031 3041 1504 3113 auctoritatem
1518 3041 1571 3134 3,
1595 3063 1661 3113 et
1681 3042 2227 3116 infelicissimam
2247 3043 2590 3115 nutricem
2606 3099 2625 3132 ,
2647 3068 2856 3139 quam

849 3210 892 3245 1.
930 3191 1033 3245 Ille
1063 3192 1212 3246 cedit.
1252 3195 1455 3265 Nempe
1493 3195 1586 3266 qui
1622 3209 1775 3266 pater

771 3270 1062 3324 videbatur.
1109 3274 1372 3325 AEnoums:
1426 3274 1478 3324 A
1523 3292 1770 3345 paupere.

773 3350 931 3402 Pater
960 3353 1057 3404 illo
1088 3353 1239 3406 cedit.
1270 3355 1445 3406 Mater
1478 3372 1584 3405 non
1622 3357 1770 3407 cedit.

771 3427 1160 3483 Soanta-tucius.

842 3527 890 3562 a.
917 3512 983 3563 In
1007 3511 1354 3565 solitudinem.
1381 3513 1446 3564 In
1464 3511 1775 3566 sollicitudi-

770 3607 916 3655 nem,
943 3588 1140 3643 Schult.
1173 3619 1235 3630 —
1263 3592 1345 3641 Ea
1370 3590 1552 3657 domo,
1584 3593 1641 3642 in
1667 3612 1774 3665 qua

769 3672 913 3744 virqo
945 3683 1217 3742 nupserat,
1248 3672 1422 3745 pulsa.
1458 3671 1670 3725 Scribe:
1706 3675 1774 3725 In

766 3769 924 3822 quam
945 3752 1087 3823 vir-90
1106 3761 1362 3822 nupserat.
1380 3751 1544 3803 Guon.
1562 3751 1771 3804 Malim:

765 3830 833 3881 In
878 3850 1035 3902 quam
1096 3831 1239 3904 virgo
1285 3831 1603 3902 innupserat.
1653 3831 1771 3884 vid.

767 3910 1002 3963 Turneb.
1037 3910 1170 3963 Adv.
1203 3911 1379 3976 XXX,
1405 3928 1489 3979 29.
1520 3912 1773 3980 Ovidius,

765 3989 891 4041 Met.
915 3991 1036 4056 xn,
1062 3989 1183 4060 196,
1204 3988 1361 4054 dixit,
1386 4012 1409 4035 ιι
1428 3987 1700 4042 denubere
1716 3991 1771 4041 in

773 4089 795 4113 ιι
815 4069 1104 4132 thalamos;
1141 4084 1193 4122 et
1216 4071 1431 4122 Tacitus
1448 4106 1465 4134 ,
1499 4072 1636 4122 Anu.
1665 4072 1734 4135 VI
1752 4110 1770 4136 ,

769 4164 833 4215 27
853 4170 865 4199 =
893 4171 915 4194 ι
938 4152 993 4201 ln
1014 4149 1232 4202 domum
1249 4148 1539 4202 denubere.
1568 4173 1589 4196 ι
1608 4149 1771 4202 Pulsa

661 4217 670 4232 ⁸
765 4225 919 4279 domo
942 4227 1311 4281 illustravimus
1335 4226 1403 4279 ad
1421 4228 1575 4283 ovid.
1602 4230 1764 4300 Epist.

1850 3195 2113 3268 x11‚†135.
2136 3198 2303 3248 Bunu.
2317 3224 2390 3234 —
2404 3196 2598 3247 Proeter
2610 3191 2859 3245 sollicitu-

1852 3267 2045 3329 diriem.
2072 3278 2274 3329 Proeter
2292 3275 2657 3336 solitudinem,
2680 3272 2854 3324 AErod.

1924 3356 1973 3409 3.
1999 3359 2157 3409 Nunc
2174 3356 2362 3427 adjecit
2381 3354 2674 3406 testimonio
2692 3363 2861 3403 aucto·

1855 3437 2077 3487 ritatem.
2104 3436 2188 3488 Sic
2212 3435 2460 3487 Pithoeus.
2486 3431 2785 3484 Thaddaeus
2809 3443 2857 3483 et

1853 3515 2126 3581 AErodius,
2157 3517 2439 3568 veritatem.
2470 3512 2683 3566 Scribo:
2720 3528 2860 3562 nunc

1852 3597 2037 3666 adjecit
2069 3596 2349 3649 testimonii
2375 3596 2754 3647 auctoritatem.
2780 3594 2859 3643 De

1855 3674 2114 3744 elegantia
2160 3676 2249 3726 «τοῦ
2284 3674 2474 3748 adjecit
2519 3672 2743 3724 diximus
2791 3667 2858 3722 ad

1855 3752 2062 3805 Senecae
2093 3752 2328 3805 Troades
2369 3752 2506 3813 206;
2541 3764 2595 3802 et
2626 3750 2756 3801 Livii
2790 3746 2858 3800 li-

1853 3831 2006 3884 brum
2036 3832 2316 3884 decimum.
2345 3831 2580 3884 Declam.
2608 3827 2853 3882 CCCLII:

1859 3934 1882 3957 a:
1903 3912 1990 3963 Pia
2025 3930 2168 3963 arma
2201 3912 2435 3982 cepisse,
2468 3912 2697 3982 privatas
2722 3924 2887 3978 quo-.

1858 4015 1880 4039 κ
1901 4011 2006 4063 que
2031 3993 2285 4063 adjecisse
2304 3995 2455 4046 vires.
2478 4015 2500 4038 ι
2525 3991 2691 4044 Gnon.
2711 3987 2857 4041 Nihil

1850 4084 2077 4122 mutem:
2116 4091 2238 4123 naun
2271 4071 2411 4123 infra
2445 4069 2546 4120 hac
2576 4067 2857 4121 Declama-

1849 4149 1994 4199 tione
2018 4150 2272 4220 sequitur,
2303 4171 2324 4194 κ
2343 4148 2467 4199 volo
2492 4147 2721 4218 adJ'icere
2744 4160 2854 4198 tor·

1856 4252 1878 4276 κ
1897 4233 2084 4283 mentis
2111 4231 2491 4283 auctoritatem.
2514 4253 2537 4276 u
2598 4295 2605 4302 .
