3200 5117
802 435 1629 504 DECLAMATmnES.
1676 437 2000 506 cchV.
2409 461 2440 525 7

968 697 973 701 -
1051 650 1753 716 DECLAMATIO.

456 803 907 904 Depositum,
942 832 1082 902 quo
1117 826 1427 904 tempore
1453 806 1695 906 'petisti
1724 807 2108 882 luxuriosus
2145 808 2406 882 ¹adhuc
2426 867 2445 901 ,

361 918 417 989 si
443 918 826 992 noluisses²
858 919 1170 993 confiteri
1189 977 1208 1010 ,
1242 919 1529 994 haberes
1553 922 1962 1022 pecuniam:
2001 923 2323 996 nondum
2348 945 2452 996 ta-

364 1060 531 1106 men
566 1035 976 1109 debebatur.
1014 1038 1173 1110 Non
1202 1059 1306 1112 est
1330 1038 1406 1109 in
1438 1038 1769 1138 depositis
1795 1039 2085 1138 simplex
2107 1040 2447 1113 conditio:

362 1148 739 1247 deponitur
761 1151 1057 1252 aliquid,
1086 1152 1278 1250 quod
1300 1153 1893 1252 quandocumque
1917 1155 2244 1252 repetitur
2260 1211 2278 1243 ,
2306 1151 2453 1228 red·

360 1263 683 1338 dendum
705 1287 833 1340 est:
853 1268 1230 1367 deponitur
1247 1267 1517 1366 aliquid
1538 1267 1614 1338 in
1629 1288 1926 1365 tempus.
1940 1269 2094 1341 Hoc
2104 1269 2455 1368 quomodo

360 1377 763 1478 depositum
802 1378 978 1456 erat?
1014 1404 1095 1455 ut
1123 1383 1501 1483 acciperes,
1534 1408 1758 1479 quum
1786 1381 2120 1456 luxuriari
2152 1382 2455 1454 desisses.

358 1495 535 1585 Quo
567 1517 876 1596 tempore
905 1499 1291 1597 repetebas,
1320 1496 1550 1570 adhuc
1567 1497 2026 1572 luxuriabaris
2047 1525 2063 1569 ε
2086 1525 2231 1571 non
2257 1497 2459 1570 debe-

359 1613 572 1684 batur
586 1640 771 1712 ergo,
789 1641 919 1688 nec
936 1636 1158 1713 potest
1169 1614 1395 1686 videri
1417 1613 1829 1703 inficiatum,
1847 1614 2038 1712 quod
2053 1642 2133 1687 eo
2147 1634 2457 1712 tempore

358 1728 677 1824 negavit,
722 1754 864 1827 quo
906 1728 1009 1799 illi
1043 1728 1429 1825 extorqueri
1474 1755 1617 1800 non
1654 1751 1882 1829 posset
1923 1729 2032 1801 vel
2075 1726 2452 1801 confitenti.
2542 1779 2548 1784 -

356 1843 612 1932 Quare
637 1863 881 1914 tamen
910 1869 1164 1940 negare
1198 1842 1479 1932 maluit,
1520 1871 1731 1942 quam
1758 1845 1890 1917 hoc
1912 1845 2073 1946 jure
2102 1843 2253 1916 uti?
2286 1871 2462 1942 quo-

353 1953 563 2027 niam
585 1976 652 2026 te
670 1954 1107 2028 luxuriosum
1126 1983 1276 2055 spes
1295 1956 1437 2028 adh
1446 1984 1530 2029 uc
1545 1959 1853 2055 pecuniae
1869 1957 2182 2032 faciebat.
2201 1961 2458 2030 Annon

354 2072 502 2145 hoc
522 2092 662 2161 est,
684 2071 873 2171 quod
890 2092 953 2144 te
965 2073 1205 2147 feeerit
1218 2073 1439 2173 frugi?
1459 2074 1771 2147 Didicisti
1789 2076 1919 2148 tibi
1939 2074 2457 2175 pecuniam3....

353 2211 432 2261 et
448 2187 695 2260 labore
714 2188 1142 2261 servandam.
1168 2191 1256 2261 At
1278 2189 1682 2263 mehercule
1709 2217 1973 2282 vereor,
1993 2218 2081 2263 ne
2108 2192 2243 2263 cito
2263 2190 2466 2263 obtu-

354 2302 545 2374 lerit.
604 2302 770 2375 Sine
813 2302 1028 2376 dubio
1074 2324 1150 2376 tu
1198 2303 1581 2377 discussam
1631 2304 1980 2376 luxuriam
2033 2305 2134 2375 vis
2180 2304 2467 2403 probare

360 2415 687 2508 avaritia,
734 2436 801 2489 et
845 2416 992 2489 haec
1038 2416 1188 2518 ipsa
1229 2418 1649 2517 accipiendae
1687 2417 2006 2516 pecuniae
2042 2418 2265 2489 fames
2307 2416 2470 2488 alias

361 2532 717 2607 videretur
756 2534 1048 2635 prodere
1079 2535 1514 2634 cupiditates.
1555 2536 1732 2642 Satis
1764 2553 1909 2608 erat
1937 2534 2211 2606 homini
2245 2532 2433 2629 ftugi
2452 2590 2469 2621 ‚

366 2647 564 2744 quod
599 2647 944 2750 accepisti.
981 2652 1227 2748 ltaque
1256 2671 1326 2721 et
1354 2649 1519 2722 alias
1548 2676 1832 2748 quoque
1861 2647 2288 2722 conditiones
2316 2647 2472 2719 fru-

368 2760 639 2858 galitati
669 2782 803 2834 tuae
827 2762 1026 2863 ponit
1049 2763 1318 2835 amicus
1347 2785 1675 2862 paternus
1693 2821 1711 2854 ,
1739 2763 1793 2834 si
1815 2763 2089 2853 vixeris,
2116 2762 2471 2861 quomodo

372 2873 624 2948 videris
641 2876 887 2949 fecisse
902 2934 921 2967 ,
948 2876 1003 2948 si
1025 2877 1307 2950 tenendi
1334 2877 1565 2977 potius
1588 2877 2022 2976 patrimonii,
2053 2902 2268 2974 quam
2287 2877 2475 2946 aufe·

375 2989 577 3062 rendi
612 2990 944 3063 habueris
981 3019 1254 3080 curam,
1299 3014 1399 3064 est
1436 2991 1667 3064 adhuc
1701 2992 1889 3090 quod
1935 2992 2059 3063 tibi
2103 2989 2313 3089 possit
2352 2989 2477 3060 tri—

380 3103 590 3177 buere
608 3105 1116 3204 patrimonium
1133 3125 1503 3206 paternum
1528 3132 1542 3176 :
1575 3106 1697 3177 sed
1715 3105 1944 3176 adhuc
1961 3101 1992 3159 4
2021 3103 2230 3175 habet
2241 3129 2478 3176 suum.

464 3304 507 3338 ι.
563 3288 877 3344 Luxuriosus
939 3290 1129 3344 adhuc.
1195 3292 1384 3359 Forte,
1470 3289 1716 3343 vandum.
1759 3289 1929 3342 Eunu.
1961 3318 2029 3328 —
2059 3287 2141 3340 Tu
2180 3290 2480 3342 discussam.

384 3365 562 3418 adhuc
582 3383 708 3421 eras.
732 3369 946 3422 Sentit-r.
1469 3367 1632 3438 Quod
1649 3370 1830 3440 recepi
1851 3385 1913 3420 ex
1927 3366 2042 3439 Rip.
2057 3386 2157 3439 pro
2179 3365 2362 3420 tedisc.
2380 3368 2475 3419 En.

459 3463 507 3498 2.
540 3446 604 3498 Si
634 3445 891 3500 noluisses.
922 3451 1086 3522 Lege,
1121 3450 1166 3501 .ςὶ
1204 3448 1389 3502 voluis-
1540 3447 2215 3520 4.Habetsuum.Suspecta
2229 3448 2340 3500 heo
2355 3461 2481 3500 sunt

380 3543 483 3578 sem
515 3521 764 3598 confiteri
796 3523 971 3579 habere
990 3545 1074 3580 me
1091 3527 1388 3599 pecuniam.
1472 3526 1820 3598 Schultingio.
1843 3528 2003 3579 Forte
2025 3527 2173 3579 habes
2201 3538 2342 3578 tuum
2358 3562 2376 3590 ,
2403 3525 2486 3576 ni-

380 3607 601 3661 Scflutr.
1470 3608 1663 3658 mirum
1677 3641 1694 3671 ‚
1742 3601 1889 3677 quod
1927 3604 2112 3658 labore
2168 3603 2450 3675 quasivisti
2465 3640 2482 3668 ‚

454 3689 504 3740 3.
527 3688 644 3739 Tibi
661 3691 964 3758 pecuniam.
981 3693 1166 3758 Forte,
1189 3689 1282 3742 tibi
1301 3709 1389 3762 pe-
1470 3705 1592 3738 nam
1622 3699 1675 3738 et
1705 3684 1813 3736 hoc
1841 3686 2217 3756 patrimonium
2245 3683 2351 3735 dici
2384 3681 2485 3734 do-

385 3766 595 3817 cuniam
631 3768 969 3839 quoerendam
1000 3766 1170 3820 labore
1209 3778 1260 3819 et
1290 3785 1392 3818 ser-
1472 3770 1577 3818 cuit
1603 3765 1786 3818 Munk.
1811 3761 1878 3817 ad
1901 3765 2089 3837 Hygia.
2117 3762 2227 3815 fab.
2259 3762 2372 3832 ¹94·
