3200 5117
793 541 1634 612 DECLAMATtoNES.
1677 541 2056 611 cccx-LI,
2339 555 2466 633 403

378 667 562 765 galia
594 691 797 766 porro
822 666 1017 765 quod
1045 666 1305 765 aequius
1330 664 1624 737 inveniri
1657 686 1914 764 potest,
1944 689 2012 740 et
2038 668 2187 746 sine
2212 671 2472 773 majore

380 780 755 856 hominum
777 782 1088 879 querela¹
1108 778 1135 849 i’
1154 800 1416 879 quanto
1438 780 1614 851 illud
1635 780 1959 881 injustius
1979 782 2194 856 videri
2216 808 2468 890 potest,

380 922 522 992 quo
558 917 827 996 partem
870 895 1261 970 hereditatis
1297 896 1427 969 sibi
1463 894 1811 970 vindicat?
1843 899 1936 966 At
1973 895 2360 995 plurimum
2395 905 2470 980 in

380 1011 512 1086 hoc
537 1013 826 1112 vectigal
848 1014 1114 1088 confert
1142 1012 1558 1111 negotiatio:
1596 1010 1943 1109 quidquid
1969 1033 2097 1103 est,
2127 1015 2213 1087 de
2238 1019 2472 1092 futuro

379 1126 571 1200 lucro
605 1150 727 1200 est.
758 1129 1006 1200 Praeter
1038 1127 1107 1199 id
1132 1185 1152 1216 ‚
1182 1126 1373 1226 quod
1406 1153 1549 1199 nou
1589 1147 1812 1224 potest
1846 1126 2062 1200 videri
2099 1129 2427 1228 iniquum
2451 1193 2468 1227 ‚

378 1241 468 1313 ad
497 1243 685 1341 quod
714 1242 943 1318 accedi
956 1255 1143 1314 ειη-ἐ
1181 1262 1248 1312 et
1272 1241 1558 1338 vectigal
1586 1240 1876 1337 quidem
1907 1242 2139 1340 ipsum
2170 1271 2474 1321 necessa-

376 1355 594 1448 rium,
626 1383 773 1430 non
801 1357 1164 1455 iniquum;
1196 1381 1373 1426 num
1400 1354 1531 1426 hoc
1560 1354 1816 1452 injusta
1845 1381 2046 1453 poena
2076 1378 2206 1449 est,
2237 1360 2308 1430 in
2336 1388 2475 1460 qua

373 1472 557 1546 furta
603 1471 1256 1571 deprehenduntur,
1302 1496 1443 1567 qua
1487 1468 1597 1540 lex
1635 1469 2061 1561 vindicatur,
2091 1500 2244 1571 ,qua
2289 1476 2473 1550 fraus

372 1588 939 1660 transferentium
968 1583 1353 1683 detegitur?
1384 1583 1598 1655 Aliter
1629 1604 1806 1656 stare
1842 1585 2128 1684 vectigal
2163 1614 2305 1662 non
2339 1618 2475 1690 po-

374 1721 537 1774 test:
569 1703 819 1776 eodem
849 1700 1255 1774 revertimur
1292 1699 1584 1772 iterum:
1623 1699 1752 1772 hac
1788 1699 2045 1773 ratione
2079 1705 2474 1803 respublica

375 1814 589 1905 locat,
631 1816 765 1888 hac
804 1814 1202 1886 necessitate
1244 1839 1373 1888 nos
1406 1813 1909 1906 conduximus,
1952 1836 2020 1888 et
2061 1818 2277 1914 pretio
2311 1821 2475 1898 vici-

377 1913 601 2001 mus3.
628 1933 716 2006 Et
741 1929 1063 2001 adversus
1088 1927 1330 2025 quales
1353 1926 1679 2000 homines
1704 1927 2206 2003 conduximus?
2234 1959 2476 2030 quam·

373 2043 473 2116 vis
502 2071 706 2143 poena
737 2044 862 2133 sit,
893 2042 1208 2140 quamvis
1248 2044 1323 2115 in
1363 2044 1816 2118 commissum
1850 2046 2133 2118 veniant
2164 2074 2284 2138 ea,
2321 2076 2471 2146 quae

374 2159 528 2256 quis
554 2159 896 2258 professus
921 2185 1064 2230 non
1091 2178 1225 2248 est,
1252 2179 1486 2230 tamen
1512 2158 1747 2230 fallere
1777 2186 1903 2231 nos
1930 2160 2208 2248 volunt,
2235 2183 2466 2240 tamen

372 2274 563 2348 mille
590 2275 855 2348 artibus
882 2273 1625 2348 circumscribuntur4:
1665 2299 2176 2374 quotaquaeque
2209 2306 2312 2372 res
2338 2303 2464 2370 est,

368 2418 525 2489 quae
576 2388 1179 2490 deprehendatur?
1221 2393 1629 2466 Poteramus
1680 2389 1807 2460 tibi
1860 2388 2072 2461 etiarn
2121 2377 2466 2491 imp'utare

368 2506 795 2580 beneficium
841 2506 1021 2578 istud
1046 2564 1065 2596 ,
1108 2505 1297 2604 quod
1340 2505 1469 2577 tibi
1515 2504 1902 2604 extorqueri
1940 2508 2286 2603 quereris,
2323 2537 2462 2582 non

366 2621 557 2721 apud
603 2647 728 2693 nos
781 2618 1137 2719 perdidisti
1164 2647 1178 2690 :
1234 2619 1550 2711 interim,
1602 2620 1790 2717 quod
1844 2620 2003 2691 satis
2052 2641 2187 2708 est,
2228 2624 2461 2696 furem

363 2736 550 2835 apud
573 2762 700 2810 nos
719 2733 1038 2808 invenisti
1062 2760 1077 2803 ε
1103 2733 1483 2831 ignorares,
1508 2733 1642 2804 nisi
1672 2759 1799 2804 nos
1827 2733 2227 2825 fuissemus,
2249 2758 2460 2811 trans·

441 2927 461 2962 1
474 2948 486 2961 .
505 2912 577 2962 Et
597 2912 705 2964 sine
722 2914 919 2984 majore
943 2911 1213 2963 hominum
1238 2929 1367 2983 que-

367 2985 492 3039 rela.
511 2991 798 3043 Fortassis:
824 3002 873 3041 ct
890 2991 1057 3064 maqis
1071 2990 1180 3041 sine
1199 2988 1366 3042 homi·

364 3085 491 3120 mim
511 3070 750 3141 querela?
769 3073 898 3137 Aut,
918 3081 969 3122 et
986 3070 1185 3121 minore
1204 3069 1366 3120 homi·

364 3166 490 3198 num
527 3148 750 3220 querela.
786 3150 953 3201 Gnou.
990 3150 1114 3202 Sine
1142 3148 1360 3200 minore.

363 3226 581 3280 Senum.
604 3257 676 3268 —-
708 3227 820 3298 Quo
842 3237 1043 3299 partem
1074 3226 1364 3279 hereditatis

359 3306 454 3358 sibi
481 3306 725 3360 vindicat.
752 3309 822 3360 Ut
848 3308 933 3360 lex
957 3308 1097 3359 Julia
1125 3321 1177 3358 et
1199 3307 1360 3377 Papia

360 3398 414 3436 et
440 3385 684 3438 Memmia
715 3386 781 3438 de
806 3383 1065 3438 vicesimis
1095 3383 1360 3437 heredita·

360 3476 471 3515 tum
492 3502 509 3529 ‚
550 3465 770 3536 aliisque
811 3460 1133 3532 hujusmodi.
1176 3461 1356 3515 AEnon.

359 3541 545 3594 Utrum
562 3542 835 3598 subaudiri
852 3554 1028 3613 potest
1048 3540 1331 3612 respublica
1342 3580 1359 3608 ,

359 3635 424 3668 an
442 3618 775 3672 scribendum
786 3658 803 3685 ,
818 3620 960 3691 quod
969 3630 1169 3690 partem
1181 3644 1197 3672 .-
1214 3637 1359 3672 nem-

358 3714 427 3766 pe
461 3698 697 3768 vectigal.
732 3697 896 3750 Gnou.
930 3697 1155 3768 intelligi
1183 3712 1357 3770 potest

358 3772 572 3844 quidem
605 3777 848 3828 vicesima
879 3775 1229 3828 hereditatum
1246 3814 1263 3843 ,
1292 3776 1357 3829 de

358 3870 463 3924 qua
484 3856 540 3906 in
566 3853 933 3912 dissertatione
953 3856 1019 3908 de
1040 3856 1277 3927 vectigal.
1298 3858 1353 3907 P.

353 3932 415 3985 R.
442 3951 559 4005 cap.
584 3934 683 3995 X13
709 3934 805 3987 sed
827 3938 1002 4008 potius
1025 3935 1110 3987 hic
1133 3948 1265 4005 puto
1290 3934 1359 3986 le-

350 4010 582 4078 gendum
600 4050 618 4079 ‚
663 4032 768 4086 quo
816 4025 1020 4086 partem
1068 4011 1358 4066 hereditatis

335 4086 497 4158 fiscus
511 4090 757 4143 vindicat.
775 4094 854 4143 lta
871 4106 927 4144 ut
941 4090 1260 4161 intelligatur
1273 4091 1356 4145 lex

352 4170 545 4242 Pappia
587 4173 844 4245 Poppaea,
877 4171 944 4224 de
979 4171 1193 4225 caducis
1225 4175 1354 4227 fisco

352 4249 706 4306 vindicandis:
735 4270 878 4324 que,
904 4269 1070 4324 quum
1091 4253 1359 4325 iniquissi-

1448 2928 1533 2962 ma
1549 2922 1714 2972 esset,
1735 2911 1944 2963 sublata
1962 2930 1992 2962 a
2011 2912 2310 2966 Justiniano
2326 2917 2451 2968 fuit:

1447 3004 1564 3058 quae
1583 3006 1713 3039 vero
1739 2986 1819 3040 lex
1843 2990 2086 3042 Memmia
2113 2992 2270 3042 fuerit
2297 2992 2363 3046 de
2381 2997 2453 3047 vi·

1445 3068 1651 3117 cesimis
1695 3083 1813 3117 cum
1862 3069 2192 3136 ignarissimo
2241 3072 2447 3141 ignoro.

1517 3160 1564 3194 2.
1609 3143 1697 3214 Ad
1728 3146 1872 3216 quod
1904 3147 2176 3199 acceditur.
2207 3149 2340 3200 Vide
2381 3150 2451 3204 ad

1442 3221 1651 3275 Senecae
1680 3226 1844 3295 Epist.
1875 3242 1987 3277 tot.
2019 3227 2182 3279 Gnon.
2208 3230 2445 3301 Accedit,

1439 3304 1702 3357 AErodius.
1741 3334 1811 3346 —-
1845 3308 1988 3359 Nam
2028 3307 2140 3359 hoc.
2176 3312 2288 3364 Nos
2323 3332 2445 3366 cuin

1438 3385 1550 3457 Bip.
1578 3405 1723 3438 num.
1751 3387 1841 3437 Eu.

1508 3462 1558 3513 3.
1586 3464 1832 3516 Vicimus.
1858 3466 2165 3521 Licitatores
2189 3470 2319 3523 alios
2341 3493 2355 3523 ε
2385 3488 2445 3526 ut

1437 3546 1607 3597 Cicer.
1629 3544 1695 3598 ad
1716 3547 1822 3597 An.
1845 3547 1992 3610 xm,
2015 3564 2104 3616 29:
2131 3572 2155 3594 ι
2173 3551 2444 3606 Othonem

1443 3645 1466 3669 ι
1485 3627 1663 3676 vincas
1682 3623 1823 3675 volo.
1846 3649 1868 3671 n
1891 3624 1995 3677 Ubi
2014 3626 2133 3677 vide
2153 3629 2368 3682 Corrad.
2391 3647 2445 3685 et

1436 3707 1511 3758 ita
1523 3707 1680 3777 capio
1695 3705 1783 3757 illa
1800 3708 1845 3775 ej
1854 3706 2033 3758 usdem
2045 3707 2358 3761 Cicer-Nem
2378 3715 2441 3778 11,

1439 3799 1467 3833 2
1480 3820 1498 3848 ‚
1522 3800 1611 3852 19:
1634 3785 1854 3836 «Auctio
1870 3785 2009 3836 facta
2030 3800 2137 3850 est,
2155 3787 2208 3836 in
2231 3806 2336 3857 qua
2352 3807 2444 3840 co·-

1443 3883 1465 3906 ι
1485 3860 1613 3912 hors
1627 3863 1777 3914 istius
1792 3866 1984 3915 invicta
2004 3863 2274 3916 dominata
2296 3879 2391 3918 cst.
2414 3891 2436 3915 ι

1436 3939 1610 4006 Quam
1637 3959 1792 3992 nemo
1816 3940 2070 3993 licitando
2095 3944 2270 4012 potuit
2288 3963 2442 4018 supe·

1437 4035 1570 4068 rare.
1596 4018 1766 4069 Buan.

1506 4094 1557 4161 4.
1582 4096 2089 4149 Circumscribuntur.
2115 4097 2442 4152 Circumscri-

1436 4174 1581 4240 bum,
1596 4174 1725 4228 Obr.
1745 4177 2239 4244 circumscribimur,
2260 4180 2438 4233 AErod.

1436 4268 1489 4306 et
1512 4254 1638 4309 edit.
1666 4256 1731 4309 al.

2113 4347 2192 4397 ηδ.
