3200 5117
758 567 1592 638 DECLAMATIONES.
1639 570 2053 641 CCCXXII.
2316 577 2443 646 305

370 695 856 797 responderet¹
900 696 1031 768 sibi
1066 723 1082 766 ε
1130 721 1274 767 non
1317 715 1536 794 potest
1575 721 1737 792 ergo
1765 697 1975 771 videri
2010 702 2447 802 reipublicae,

370 815 587 913 gratia
614 814 851 898 fecisse
869 868 890 902 ,
920 811 1032 883 cui
1055 810 1215 909 plus
1241 810 1434 883 aliter
1460 811 1894 909 praestitisset.
1920 816 2122 888 Nunc
2148 819 2451 892 excutia-
2560 898 2567 904 ,

253 987 260 998 .
370 954 563 1016 mus,
593 954 733 1026 qua
760 952 964 997 causa
991 925 1231 998 feceris
1260 951 1275 995 ε
1312 945 1469 997 ante
1498 924 1739 997 omnia
1764 925 2015 1024 gratias
2036 931 2453 1029 magistrati·-

370 1043 500 1115 bus
545 1031 954 1143 ago,‘quod
1002 1068 1146 1114 non
1198 1039 1732 1141 deprehendisse
1784 1044 2085 1115 contenti
2129 1071 2247 1135 ea,
2296 1074 2448 1145 quae

370 1156 943 1246 ostendebantur,
992 1155 1261 1254 aliquid
1312 1176 1379 1228 et
1423 1155 1553 1254 ipsi
1600 1155 1918 1229 viderunt
1958 1184 1973 1228 ε
2022 1159 2268 1256 gratias
2319 1188 2450 1258 ago

357 1274 574 1347 'etiam
601 1273 1044 1374 providentiae
1072 1273 1363 1345 deorum
1390 1272 1915 1364 immortalium,
1934 1274 2052 1371 qui
2084 1300 2450 1374 nunquam

370 1380 462 1464 ita
497 1391 800 1491 opprimi
840 1389 1190 1462 veritatem
1227 1388 1634 1476 voluerunt,
1683 1410 1761 1460 ut
1807 1416 1948 1461 non
1990 1391 2275 1488 magnis.
2308 1392 2453 1465 suis

365 1507 666 1604 vestigiis
688 1505 1088 1578 emineret2.
1107 1503 1505 1575 Recitentur
1525 1503 1631 1575 hae
1655 1502 1927 1592 tabulae3
1941 1506 2307 1579 ΑΒΒΙΟΔΒΟ
2322 1527 2447 1580 ΤΕ;

365 1647 508 1693 non
540 1622 695 1718 lego
725 1618 1122 1717 sequentia:
1159 1643 1338 1716 nego
1365 1617 1543 1688 hanc
1573 1643 1718 1689 esse
1750 1617 2080 1690 fiduciam
2110 1619 2294 1718 ejus,
2326 1621 2449 1716 qui

366 1732 452 1805 de
491 1734 876 1806 affectanda
908 1732 1275 1846 tyrannide
1314 1731 1648 1830 cogitavit.
1686 1735 1794 1803 An
1832 1733 1945 1805 ille
1989 1732 2060 1803 in
2097 1732 2445 1833 judicium

365 1873 604 1919 vocare
628 1874 837 1920 ausus
862 1847 1120 1936 fuisset,
1148 1867 1213 1918 et
1238 1846 1625 1944 ignominia
1643 1849 1919 1920 afficere
1937 1846 2445 1923 adolescentem

364 1964 606 2035 omnia
631 1961 1009 2036 scientem?
1036 1989 1179 2033 non
1206 1962 1394 2033 enim
1422 1964 1734 2061 tyrannis
1758 1964 2231 2037 convincenda
2252 1968 2446 2038 vesti-

363 2078 491 2177 giis
513 2100 657 2150 erat
676 2108 693 2166 ;
724 2105 949 2177 neque
973 2077 1398 2176 argumentis
1419 2079 1756 2151 eruenda:
1786 2080 1976 2151 domi
1997 2105 2185 2151 arma
2205 2135 2225 2169 ,
2248 2080 2441 2152 domi

362 2213 726 2293 apparatus
753 2222 767 2265 :
805 2215 876 2265 et
900 2193 955 2264 si
986 2193 1165 2263 hanc
1194 2218 1468 2264 causam
1495 2191 1867 2265 abdicandi
1896 2214 1962 2266 te
1986 2220 2128 2264 non
2160 2193 2436 2286 habuit,

259 2317 270 2327 ’
362 2307 548 2378 dicas
581 2328 880 2407 oportet,
916 2333 1127 2404 quam
1156 2306 1368 2377 aliam
1399 2304 1735 2378 habuerit.
1771 2311 1930 2379 Non
1963 2308 2438 2380 consentiebas

359 2421 657 2493 consiliis
685 2422 833 2523 ejus
860 2449 875 2492 :
912 2421 1042 2492 hoc
1078 2420 1311 2491 minus
1341 2439 1405 2490 te
1440 2420 1735 2492 debebat
1763 2421 2119 2493 offendere
2149 2448 2163 2491 ε
2204 2419 2351 2512 ille,
2381 2425 2438 2495 si

357 2558 422 2610 te
458 2557 816 2634 tamquam
852 2536 1155 2608 indicem
1194 2534 1572 2625 timuisset,
1618 2535 1838 2634 potuit
1878 2535 2177 2607 occidere
2215 2562 2230 2605 ε
2278 2537 2440 2608 satis

360 2681 517 2753 ergo
570 2653 861 2752 plenum
911 2652 1015 2723 vel
1065 2652 1197 2723 hoc
1251 2671 1393 2722 erat
1440 2673 1930 2748 argumentum
1977 2652 2393 2724 innocentiae
2416 2706 2437 2739 ,

357 2766 669 2866 severitas
694 2787 760 2838 et
789 2766 1108 2838 vindicta.
1135 2765 1329 2855 Quid
1365 2786 1600 2837 tamen
1629 2765 1983 2865 adjectum
2014 2766 2153 2838 est?
2177 2768 2245 2837 Sl
2278 2786 2438 2839 RES-

361 2902 740 2972 PONDERIS,
772 2901 1036 2954 CAUSAS
1079 2900 1461 2954 INDICABO:
1505 2883 1786 2979 quaerite
1817 2909 2007 2954 nunc
2039 2903 2194 2953 uter
2235 2882 2434 2953 malae

356 2996 445 3068 sit
463 2997 911 3068 conscientiae.
936 2995 1060 3067 Ille
1082 2996 1419 3067 minatur:
1449 3022 1568 3066 cur
1590 2997 1794 3068 taceri
1821 2996 2071 3069 voluit?
2094 2998 2435 3095 quoniam

355 3131 547 3208 pater
588 3132 762 3202 erat,
812 3112 1144 3210 quoniam
1188 3137 1558 3208 nunquam
1596 3111 1673 3183 hi
1713 3112 2001 3183 affectus
2043 3113 2114 3182 in
2164 3133 2435 3185 tantum

353 3225 725 3298 vincuntur
747 3227 939 3317 odio,
973 3247 1049 3298 ut
1077 3252 1218 3296 non
1251 3223 1338 3295 ad
1374 3245 1695 3295 naturam
1720 3252 1917 3296 suam
1953 3246 2185 3296 tamen
2219 3253 2436 3298 rever-

355 3362 608 3414 tantur.
644 3343 937 3432 CausaS,
986 3367 1155 3438 quas
1188 3337 1305 3410 ille
1338 3363 1408 3410 se
1442 3337 1793 3409 dicturum
1836 3338 2139 3409 minatus
2181 3360 2312 3428 est,
2356 3362 2434 3412 tu

354 3457 710 3530 ostendisti
739 3486 754 3529 :
796 3458 940 3528 haec
976 3482 1170 3527 arma
1201 3454 1589 3526 detecturus
1620 3475 1799 3542 erat,
1834 3453 1889 3523 si
1927 3441 2383 3551 respondisses
2412 3484 2428 3528 ε

352 3571 479 3643 hos
508 3595 879 3672 apparatus
912 3591 1373 3672 protracturus
1410 3569 1484 3639 in
1514 3568 1849 3640 medium.
1891 3569 2063 3641 Satis
2103 3597 2433 3669 apparere

353 3687 682 3759 omnibus
709 3688 1026 3780 arbitror,
1062 3686 1458 3758 affectatam
1491 3683 1578 3754 ab
1609 3684 1738 3753 hoc
1771 3709 1910 3754 esse
1943 3684 2426 3780 tyrannidem:

426 3898 473 3933 1.
520 3881 682 3952 Quem
723 3885 1085 3937 criminaturus
1120 3892 1228 3934 crat
1243 3922 1259 3948 ‚
1297 3890 1357 3933 ut
1433 3881 1726 3931 minaturus
1744 3892 1854 3930 erat
1869 3891 1992 3948 post
2008 3888 2245 3926 mortem.
2261 3874 2428 3928 Grion.

349 3962 688 4031 responderet.
713 3963 955 4016 AErodius
977 3986 989 4015 ε
1021 3964 1152 4014 Erat
1172 3961 1241 4010 ad
1252 3963 1354 4032 ju·
1432 3990 1504 4001 —
1521 3960 1644 4013 Non
1667 3969 1833 4030 potest
1849 3977 1984 4032 erqo.
2006 3958 2127 4008 Non
2150 3965 2293 4029 potes
2314 3974 2358 4006 e.
2381 3976 2428 4008 v.

346 4040 509 4091 dicem
530 4040 809 4110 adducere,
830 4052 889 4093 ut
908 4059 1034 4112 resp.
1062 4043 1170 4109 Ego
1191 4057 1347 4089 vero:
1430 4061 1469 4094 r.
1489 4061 1543 4114 9.
1562 4041 1615 4113 f.
1642 4061 1684 4092 c.
1708 4061 1762 4113 p.
1785 4040 1940 4092 aliter
1961 4037 2282 4109 praestitisses.
2309 4037 2428 4089 Sca.

349 4122 450 4193 Qm'
463 4122 650 4176 occidit
662 4142 974 4197 eum‚quem
989 4122 1352 4174 criminatum
1431 4123 1556 4176 Plus
1578 4121 1713 4175 alter
1728 4121 2065 4193 praestitisset,
2086 4117 2169 4170 ed.
2193 4117 2259 4169 al.

342 4211 479 4266 erat,
503 4221 569 4254 ne
587 4204 907 4275 responderet
923 4202 1035 4255 sthi.
1061 4198 1187 4251 Ideo
1212 4203 1352 4251 enim
1504 4220 1553 4254 2.
1595 4201 1663 4253 Ut
1704 4218 1809 4252 non
1848 4200 2050 4273 maqm‘s
2081 4197 2179 4249 suis
2216 4197 2432 4272 vestigiis

321 4279 568 4384 'accidia
592 4301 660 4334 ne
683 4281 1059 4354 responderet,
1081 4297 1236 4353 quem
1259 4280 1355 4335 cri·
1430 4280 1693 4336 emineret.
1704 4279 1863 4351 Lege,
1878 4288 1935 4331 ut
1951 4297 2055 4331 non
2070 4278 2248 4349 magis.
2265 4277 2428 4330 Giton.

557 4369 607 4421 6.
2121 4382 2188 4419 ao
