3200 5117
767 545 894 635 278
1271 543 1366 609 M.
1413 544 1665 608 FABu
1709 544 2345 630 QomTILIAm

762 687 926 740 sunt
954 667 1027 738 in
1052 665 1300 767 culpa?
1327 663 1460 738 fleo
1492 667 1770 740 fortasse
1790 695 2254 769 supervacua:
2279 672 2379 743 sic
2403 697 2519 743 me
2543 675 2851 747 consola-

763 782 899 855 ris?
926 782 1022 855 sic
1057 783 1396 880 lacrymas
1428 783 1642 880 patris
1673 783 1775 855 tui
1805 783 2061 857 siccas?
2088 783 2405 858 flendum
2437 787 2616 860 mihi
2643 790 2850 864 hodie

761 899 969 992 foret,
1006 896 1272 970 etiamsi
1303 896 1435 968 hoc
1463 919 1668 971 antea
1699 925 1846 970 non
1873 900 2214 973 fecissem.

1626 1098 1990 1167 SERMO.

850 1248 1018 1315 Nolo
1050 1250 1403 1340 quisquam
1434 1271 1541 1314 me
1573 1246 2048 1338 reprehendat,
2082 1229 2418 1339 tamquam
2446 1248 2634 1316 vobis
2670 1251 2846 1318 locos

758 1379 894 1422 non
916 1356 1104 1423 dem.
1131 1358 1185 1423 si
1205 1358 1522 1445 ampliare
1540 1357 2107 1424 Declamationem
2125 1357 2392 1439 voletis,
2418 1375 2487 1422 et
2509 1358 2847 1447 ingenium

759 1486 1095 1543 exercere,
1129 1461 1360 1530 dicetis
1390 1462 1571 1584 quod
1608 1461 1692 1528 ad
1730 1485 1993 1532 causam
2028 1461 2229 1555 hujus
2266 1465 2451 1532 nullo
2481 1466 2726 1546 nodo,
2760 1467 2842 1533 ad

756 1571 1266 1638 delectationem
1288 1572 1548 1636 aurium
1578 1573 1856 1641 fortasse
1885 1573 2232 1661 pertineat.

1450 1762 2148 1829 DECLAMATIO.

854 1917 1192 1988 Nondum
1240 1916 1528 2014 privatas
1571 1943 1649 1988 ac
1698 1917 2073 2015 peculiares
2117 1917 2584 2016 lacrymarum
2631 1918 2842 1991 reddo

758 2058 1018 2103 causas.
1058 2031 1345 2103 Interim
1384 2029 1540 2130 quis
1575 2030 1870 2103 miratur
1905 2029 2070 2103 flere
2104 2033 2517 2105 hominem?
2549 2033 2713 2106 hinc
2746 2034 2844 2106 in·

756 2147 979 2219 santia
1022 2146 1312 2246 incipit:
1356 2147 1428 2218 in
1469 2145 1686 2219 hanc¹
1734 2146 2202 2220 necessitatem
2244 2147 2658 2249 plerumque
2697 2151 2844 2223 for—

758 2284 928 2334 tuna
952 2263 1270 2336 deducit:
1304 2264 1460 2363 quis
1487 2264 1680 2335 enim
1711 2284 1811 2335 est
1834 2264 1977 2336 dies
1994 2321 2014 2353 ,
2049 2265 2170 2363 qui
2203 2291 2350 2338 non
2376 2265 2560 2339 triste
2584 2266 2844 2367 aliquid

760 2397 829 2450 et
852 2376 1087 2450 flebile
1112 2378 1321 2451 'nobis
1350 2378 1700 2453 minetur?
1722 2379 1795 2451 Si
1827 2379 2102 2470 nullam
2135 2380 2349 2452 aliam
2379 2382 2722 2454 rationem
2749 2382 2846 2453 la-

759 2522 1152 2594 crymarum
1192 2496 1648 2586 haberemuS,
1697 2519 2105 2596 conspectus
2146 2518 2380 2572 tamen
2422 2497 2838 2586 hominum,

762 2635 825 2685 et
849 2614 1021 2686 ratio
1046 2613 1479 2686 mortalitatis
1504 2633 1772 2713 poterat
1803 2613 2049 2686 elicere
2081 2613 2316 2688 fletus:
2348 2613 2450 2685 hae
2482 2611 2835 2702 amicitiae,

756 2730 864 2801 hae
897 2729 1480 2829 propinquitateS,
1519 2729 1593 2801 hi
1632 2756 2070 2828 congressus,
2104 2730 2249 2803 haec
2279 2727 2534 2820 studia,
2569 2726 2836 2799 laudes·

759 2874 895 2947 qne
928 2847 1109 2919 intra
1139 2845 1346 2919 breve
1384 2847 1716 2946 temporis
1759 2867 2199 2920 momentum
2242 2846 2586 2936 occident,
2632 2863 2837 2940 atque

758 2963 1119 3034 labentur:
1166 2962 1722 3061 quotusquisque
1764 2963 2010 3035 transit
2051 2962 2229 3051 dies,
2272 2991 2413 3063 quo
2453 2988 2595 3034 non
2626 2961 2841 3033 funus

759 3076 1231 3176 accipiamus?
1271 3075 1479 3148 Flens
1523 3105 1637 3149 me
1675 3078 2012 3178 sequeris,
2056 3098 2128 3150 et
2167 3106 2293 3179 per
2330 3078 2698 3179 publicum
2728 3102 2839 3148 se-
2933 3117 2942 3127 -

757 3191 1033 3289 queris:
1070 3219 1213 3264 non
1247 3213 1472 3265 totum
1506 3195 1771 3266 crimen
1811 3193 2100 3324 objicis-z
2149 3194 2273 3266 diu
2302 3193 2436 3266 hoc
2478 3213 2684 3265 antea
2721 3192 2839 3264 do-

759 3306 857 3375 mi
879 3306 1036 3377 feci.
1064 3287 1513 3397 Quantulum
1542 3310 1874 3409 temporis
1895 3310 2196 3408 spatium
2221 3330 2351 3399 est,
2381 3308 2573 3408 quod
2597 3307 2838 3380 ²talem

758 3447 873 3489 me
905 3420 1092 3492 vides
1131 3417 1294 3494 flere
1333 3445 1623 3515 secreto,
1656 3424 1776 3496 ubi
1813 3425 2257 3517 cubiculum,
2289 3445 2358 3497 et
2384 3451 2557 3514 nox,
2589 3437 2656 3495 et
2683 3422 2840 3494 ani-

760 3551 915 3605 mus
933 3534 1065 3620 sibi
1086 3537 1360 3609 relictus
1380 3559 1501 3610 est.
1528 3542 1583 3609 F
1584 3538 1734 3611 lens
1757 3539 2092 3639 sequeris:
2120 3539 2310 3637 quod
2333 3536 2680 3639 possum-3.
2699 3537 2839 3636 ‚Mi-

832 3721 876 3755 1.
920 3705 987 3755 In
1027 3704 1179 3758 hanc.
1221 3708 1289 3757 In
1339 3708 1478 3759 hanc
1517 3727 1610 3762 nos
1646 3728 1755 3761 nec.
1844 3707 1974 3778 Qui,
1997 3727 2161 3781 marg.
2187 3734 2255 3749 —-
2281 3708 2471 3763 Vides?
2473 3709 2615 3786 flere
2635 3718 2836 3761 secreto.

752 3786 933 3838 AErod.
954 3814 1025 3826 ·-
1044 3785 1362 3861 Plerumque
1373 3789 1619 3859 fortuna.
1640 3791 1759 3843 Ple-
1837 3786 1984 3841 Flevi
2002 3799 2219 3855 secreto,
2242 3786 2443 3841 Schult.
2468 3787 2592 3841 Heo
2618 3798 2666 3839 te
2686 3804 2840 3839 secre-

756 3883 961 3937 tosque,
987 3867 1256 3919 Francius.
1282 3897 1351 3906 —-
1373 3868 1447 3920 Et
1470 3870 1602 3921 ratio
1626 3887 1759 3922 mor-
1838 3874 1918 3931 to,
1951 3868 2219 3919 Francius.
2252 3866 2400 3918 Flere
2432 3867 2488 3918 in
2515 3876 2700 3919 secreto
2733 3883 2835 3916 non

756 3942 985 3997 talitatis.
1009 3946 1131 3996 Non
1153 3944 1421 4018 displicet;
1443 3965 1543 3999 nec
1562 3950 1760 4019 impro-
1838 3946 2044 4015 ιιίιίἰςεί,Δ
2076 3949 2197 4015 ubi,
2229 3946 2408 3999 AErod.

756 4019 970 4086 barem,
1015 4025 1062 4075 si
1107 4038 1238 4076 esset
1281 4026 1566 4098 cogitatio,
1611 4025 1759 4099 quod
1908 4030 1959 4082 3.
1999 4030 2150 4101 Quod
2170 4048 2395 4102 possum.
2434 4029 2575 4099 Quid
2596 4029 2836 4101 possum?

754 4103 974 4151 maxime
993 4102 1243 4173 frequens
1264 4103 1520 4158 inhaere.
1536 4107 1755 4160 Senum.
1836 4108 2052 4161 Sueten.
2087 4110 2213 4161 Ner.
2248 4108 2347 4176 45:
2394 4130 2416 4154 ιι
2435 4110 2547 4178 Ego
2581 4106 2704 4179 quid
2730 4124 2837 4176 ΡΟ-

754 4201 825 4216 ·-
847 4178 1052 4232 Transit
1071 4182 1192 4234 dies.
1217 4185 1331 4254 Bip.
1358 4186 1573 4237 transiit.
1840 4208 1864 4232 α
1883 4187 2002 4239 tui?
2024 4211 2047 4234 a
2076 4186 2452 4239 ἄπιθι-,Πρω
2471 4206 2554 4239 me
2571 4205 2672 4258 seq.
2684 4183 2837 4255 facio

828 4273 875 4307 τι.
892 4259 1039 4325 Quod
1054 4260 1229 4311 talem.
1250 4265 1364 4330 Quo
1377 4261 1556 4329 talem,
1573 4264 1753 4318 AErod.
1832 4267 1975 4338 quod
1992 4286 2229 4338 possum,
2252 4266 2429 4320 AEwd·
