3200 5117
1237 550 1335 614 M.
1379 548 1630 611 FABn
1676 548 2308 630 QUINTILIANI

736 657 987 743 mentis
1007 669 1339 768 probabo,
1362 670 1551 765 quod
1576 669 1917 769 concepit,
1940 670 2127 767 quod
2153 670 2458 759 sustulit3
2483 672 2604 743 sed
2625 673 2818 770 quod

731 786 1023 859 maritus
1037 811 1403 881 nun-quam
1415 784 1706 855 mandat
1719 783 2239 883 exponendum,
2255 784 2389 855 nisi
2407 785 2814 859 educaturae.

733 902 906 971 Date
939 898 1106 970 huic
1130 924 1343 997 quem
1363 896 1568 969 vultis
1594 899 1958 969 affectum:
1990 898 2046 969 si
2067 898 2281 970 voluit
2306 899 2555 972 habere
2572 958 2590 991 ,
2619 901 2819 973 facile

734 1033 1176 1112 agnosceret:
1214 1012 1273 1083 si
1310 1012 1576 1099 noluit,
1615 1011 1713 1083 sic
1742 1013 2202 1112 exposuisset,
2239 1039 2328 1084 ne
2361 1014 2814 1087 educaretur:

734 1152 801 1201 et
831 1151 1064 1201 tamen
1097 1129 1310 1200 fuerit
1342 1129 1534 1202 fortis
1564 1128 1886 1201 adversus
1920 1129 2258 1200 infantem
2287 1156 2303 1199 z
2334 1129 2537 1228 plura
2558 1144 2574 1174 ¹
2610 1130 2817 1203 blan-—

739 1244 1050 1318 dimenta
1083 1243 1424 1316 robustior
1447 1263 1603 1316 aetas
1627 1244 1858 1315 habet.
1890 1245 1957 1314 Ο
1985 1263 2276 1342 quantos
2299 1243 2444 1317 haec
2469 1272 2547 1317 ex
2574 1245 2820 1317 alienis

736 1357 968 1430 liberis
991 1358 1334 1431 cruciatus
1362 1357 1560 1430 tulit!
1586 1357 1941 1430 blanditur
1964 1357 2215 1454 aliquis
2239 1358 2454 1456 puer?
2477 1358 2629 1430 talis
2649 1381 2821 1431 esset

739 1501 982 1546 meus:
1030 1473 1350 1546 laudatur
1382 1472 1634 1571 aliquis
1665 1471 1852 1544 vultu
1887 1472 2275 1572 speciosus?
2305 1474 2457 1546 talis
2491 1475 2624 1546 fuit
2662 1475 2816 1564 ille,

738 1616 951 1688 quem
982 1588 1273 1687 perdidi.
1304 1589 1564 1661 Crescit
1594 1588 1904 1686 quotidie
1934 1588 2170 1661 dolor:
2200 1587 2349 1688 jam
2380 1590 2451 1661 in
2479 1591 2628 1660 foro
2661 1617 2820 1661 con-

738 1704 1129 1804 spiceretur,
1154 1703 1307 1803 jam
1343 1703 1705 1791 militaret,
1740 1702 1891 1814 jam
1935 1701 2034 1773 illi
2077 1729 2356 1774 uxorem
2391 1729 2815 1801 quaererem:

740 1846 933 1891 nunc
969 1846 1125 1892 vero
1165 1816 1877 1918 propioresadmovet
1915 1816 2235 1889 stimulos
2266 1817 2370 1889 vir
2399 1817 2589 1890 fortis
2620 1844 2635 1888 :
2680 1818 2823 1890 haec

741 1961 949 2007 suum
981 1932 1302 2033 negaret?
1332 1954 1398 2005 te
1429 1952 1743 2033 parentes
1768 1930 2004 2003 liberis
2029 1931 2170 2003 suis
2194 1954 2600 2004 monstrant.
2631 1933 2824 2007 Scili-

744 2071 850 2121 cet
885 2050 1118 2138 timet,
1158 2075 1248 2121 ne
1280 2049 1369 2120 ad
1404 2048 1597 2145 illam
1634 2065 1958 2118 matronae
1986 2047 2424 2120 conveniant.
2462 2048 2530 2120 Si
2565 2076 2635 2121 se
2667 2076 2824 2119 tna-

744 2186 916 2235 trem
937 2166 1286 2254 fateretur,
1312 2162 1581 2260 aliquid
1599 2163 1879 2234 fortasse
1899 2160 1971 2232 in
1999 2160 2336 2233 honorem
2361 2161 2579 2260 ipsius
2602 2183 2825 2261 optas·

743 2306 865 2351 ses.
898 2282 1043 2378 Ego
1069 2280 1308 2370 miror,
1336 2278 1523 2377 quod
1547 2298 1666 2349 tuo
1695 2304 1918 2350 errore
1944 2303 2089 2348 non
2120 2275 2372 2348 utitur:
2411 2298 2478 2349 et
2500 2298 2821 2369 uteretur,

742 2395 799 2467 si
830 2421 1050 2467 errare
1081 2415 1146 2466 te
1176 2395 1497 2468 crederet.
1525 2395 1672 2465 Cur
1696 2419 1856 2491 ergo
1889 2418 2033 2463 non
2062 2391 2305 2462 nubit?
2333 2411 2597 2463 aetatem
2626 2419 2824 2464 suam

743 2509 1068 2610 intelligit
1086 2537 1346 2608 {quam
1372 2511 1672 2609 impares
1699 2508 1868 2598 sitiS,
1896 2507 2116 2580 videt:
2150 2527 2249 2578 est
2272 2506 2590 2606 quaedam
2614 2508 2823 2578 etiam

743 2627 1061 2699 nu'bendi
1097 2627 1570 2727 impudicitia:
1609 2653 1651 2697 a
1677 2626 1823 2698 viro
1841 2625 1990 2724 jam
2016 2651 2143 2696 suo
2170 2623 2515 2696 secubat-et
2541 2623 2817 2720 utique,

745 2742 799 2812 si
834 2741 1043 2813 aetatis
1072 2740 1284 2842 hujus
1315 2740 1501 2811 filius
1524 2739 1988 2811 interveniret.
2015 2741 2178 2809 Haec
2207 2737 2261 2809 si
2287 2738 2547 2809 nubere
2583 2737 2820 2809 inistis

744 2857 947 2928 annis
967 2876 1210 2956 potest,
1228 2855 1859 2953 quomodocunque
1880 2852 2136 2943 dicam,
2158 2873 2378 2925 mater
2396 2852 2648 2924 incesta
2664 2865 2818 2942 2e5t,

733 551 857 615 232

826 3081 868 3114 ι.
893 3064 966 3115 Et
987 3062 1540 3135 tamenfueritfortis:
1566 3064 1748 3115 adver*-

745 3159 824 3194 sus
847 3140 1106 3210 infantem
1131 3139 1307 3211 plura.
1338 3142 1421 3194 Sic
1453 3144 1746 3198 orationem

1828 3079 2123 3133 exponere,
2157 3064 2320 3133 magis
2348 3062 2497 3113 fortis
2523 3062 2705 3113 futura
2730 3058 2827 3111 ad·-

1827 3159 2009 3192 versus
2027 3143 2307 3209 juvenem·
2332 3139 2443 3190 haec
2463 3153 2542 3191 est
2565 3138 2822 3207 objectio.

748 3218 1022 3290 suspendit
1060 3218 1341 3286 AErodius,
1385 3231 1436 3271 et
1484 3220 1749 3291 acquievit

746 3296 1005 3349 Pithoeus·
993 3320 1005 3349 t
1024 3318 1147 3350 nam
1159 3258 1455 3352 Thaddaeus
1474 3301 1750 3350 continuat

750 3377 928 3426 omnia
950 3394 1059 3427 uno
1089 3379 1271 3446 spiritu
1297 3376 1408 3428 haec
1432 3390 1485 3428 et
1509 3380 1621 3429 sine
1646 3375 1753 3429 dis-

750 3455 1021 3506 tinctione.
1037 3455 1218 3508 Voluit
1244 3471 1422 3509 autem
1447 3470 1651 3508 auctor.
1681 3456 1753 3507 El

748 3545 923 3584 tamen
934 3533 1108 3604 fuerit
1121 3534 1281 3605 fortis
1305 3535 1540 3586 adversus
1566 3534 1750 3606 infan-

748 3624 851 3662 tem
882 3609 1021 3680 (hoc
1048 3624 1159 3677 est,
1189 3611 1482 3677 duraverit,
1512 3630 1620 3663 non
1651 3613 1751 3662 mi·-

750 3705 888 3744 serta
908 3693 1123 3745 infantis
1146 3693 1331 3758 fuerit,
1354 3710 1463 3744 non
1490 3711 1556 3744 eo
1585 3692 1753 3743 effici·

748 3783 838 3825 tur
861 3772 1095 3825 adultum
1119 3790 1365 3845 quoque,
1396 3775 1439 3823 si
1468 3790 1620 3825 suum
1649 3773 1753 3823 sci·

749 3867 827 3905 ret
846 3891 864 3919 ,
910 3852 1319 3924 repudiaturum.
1365 3855 1475 3906 Cur
1492 3853 1516 3902 ’ἒ
1558 3852 1750 3924 quia):

744 3932 903 4004 plura
951 3932 1307 3986 blandimenta
1347 3932 1596 3986 robum‘or
1633 3943 1753 3984 oetas

752 4011 919 4063 habet.
946 4011 1067 4063 Plus
1096 4025 1176 4063 est
1201 4025 1252 4063 et
1281 4010 1581 4077 efficacius,
1608 4006 1750 4081 quod

752 4085 925 4157 placet
940 4090 993 4139 in
1008 4087 1151 4140 bona
1168 4088 1348 4140 indole
1367 4087 1563 4140 adulta.
1583 4089 1751 4141 Giton.

752 4167 856 4218 Sed
869 4178 1037 4220 tamen
1042 4167 1151 4240 fiat
1152 4168 1313 4240 fortis
1325 4169 1561 4220 adversus
1577 4168 1754 4239 infan-

753 4255 854 4297 tem
871 4285 890 4313 ‚
924 4261 1024 4299 etc.
1054 4247 1114 4300 Id
1143 4262 1222 4300 est
1245 4246 1410 4315 dura,
1436 4250 1557 4320 quia
1581 4249 1757 4317 potuit

1825 3217 2475 3294 respondam-uquarum,
2488 3230 2590 3269 etc.
2606 3216 2822 3268 Scuuvr.

1830 3300 1993 3351 Fortis
2015 3318 2115 3370 pro
2140 3297 2308 3363 duro,
2336 3299 2494 3352 etiam
2517 3299 2572 3348 in
2592 3295 2825 3348 Declam.

1829 3379 1917 3444 IV,
1940 3394 2033 3429 22.
2063 3378 2286 3428 «Fortes
2301 3374 2370 3427 ad
2385 3374 2558 3427 scelus
2578 3392 2781 3427 manus.

1829 3484 1902 3495 -—
1937 3455 2078 3507 Talis
2098 3456 2214 3526 fuit
2245 3453 2353 3508 ille.
2387 3456 2638 3507 Francius
2666 3452 2830 3504 male-

1828 3536 1949 3602 bat,
1976 3534 2096 3588 talis
2106 3535 2269 3606 foret.

1903 3635 1951 3669 2.
1969 3616 2446 3691 Quomodocunque
2462 3617 2651 3682 dicam,
2667 3626 2839 3667 mater

1831 3697 2021 3748 incesta
2035 3707 2126 3762 est,
2141 3708 2240 3747 etc.
2257 3698 2340 3750 Sic
2351 3694 2485 3747 pith.
2500 3715 2512 3745 ε
2529 3691 2838 3746 namThad-

1832 3775 1976 3828 deus
1994 3789 2046 3827 et
2063 3775 2238 3826 AErod.
2257 3776 2465 3827 incerta.
2482 3774 2692 3828 Scribe.
2681 3795 2692 3806 ·
2708 3774 2837 3825 Hoec

1832 3857 1874 3909 si
1896 3856 2130 3907 vetabere
2111 3875 2166 3907 m
2199 3855 2303 3907 istis
2327 3855 2481 3906 annis
2498 3864 2693 3924 potest,
2724 3852 2837 3904 cui-

1833 3955 2060 4009 cunque,
2086 3937 2290 4001 dicam,
2319 3946 2488 3986 mater·
2511 3933 2704 3986 incerta
2734 3943 2830 3995 est,

1832 4033 2025 4067 necesse
2037 4026 2125 4081 ext,
2146 4014 2326 4066 umbra
2344 4010 2527 4064 saltem
2544 4010 2738 4064 sceleris
2754 4007 2831 4060 la-

1836 4094 1989 4145 boret.
2020 4096 2134 4144 Hoc
2163 4105 2273 4157 est,
2301 4110 2411 4143 non
2435 4090 2554 4141 dico
2580 4089 2702 4154 tibi,
2735 4083 2833 4138 sed.
2929 4129 2936 4134 ,

1834 4171 1996 4221 cuivis
2007 4170 2091 4222 alii
2106 4173 2284 4224 man-is
2293 4171 2521 4234 incerte,
2536 4185 2644 4218 non
2657 4177 2834 4236 potest

1835 4250 1946 4301 sine
1974 4251 2277 4320 suspicione
2299 4249 2485 4300 incesti
2510 4263 2640 4297 esse.
2664 4243 2834 4296 Gneus
