3200 5117
828 543 1666 610 DECLAMATIONES.
1709 546 1912 611 CCL.
2328 571 2405 637 27

343 664 545 759 gratia
563 666 921 756 niteretur,
932 666 1092 766 plus
1107 687 1346 739 tamen
1363 667 1628 767 putavit
1639 668 1822 797 apud
1837 696 1956 743 vos
1967 669 2191 742 valere
2206 671 2412 743 virtu·

344 795 505 869 tem,
530 802 600 853 et
617 779 1057 879 religionem,
1081 800 1148 851 et
1171 780 1384 853 fidem
1407 801 1744 869 vestram,
1764 783 1933 857 sicut
1948 807 2102 892 yere
2121 783 2406 885 putavit.

340 892 747 968 Hodierno
728 895 943 994 igitur
976 894 1243 995 judicio
1281 896 1680 995 apparebit,
1713 922 1803 968 an
1834 898 1935 969 illi
1963 899 2410 972 abolitionem

338 1030 558 1105 petere
581 1036 863 1085 necesse
881 1008 1110 1082 fuerit.
1135 1011 1295 1082 Non
1316 1011 1479 1081 estis
1497 1010 1903 1083 exhortandi
1925 1014 2096 1086 mihi
2114 1016 2203 1087 ad
2219 1036 2413 1088 tuen-

339 1121 491 1194 dam
532 1124 956 1215 castitatem,
996 1123 1245 1197 civitati
1282 1145 1440 1196 ante
1475 1125 1717 1197 omnia
1745 1130 2235 1202 necessariam:
2267 1157 2416 1202 ma-

336 1239 713 1332 trimoniis,
772 1240 1041 1313 etiamsi
1074 1266 1200 1339 ego
1232 1240 1567 1312 tacuerim
1588 1298 1610 1330 ‚
1657 1240 1846 1316 scitis
1885 1243 2218 1317 contineri
2251 1248 2416 1318 civi-

336 1375 538 1429 tatem
559 1415 580 1449 ‚
627 1357 739 1431 his
767 1356 1090 1457 populos,
1128 1356 1237 1429 his
1270 1355 1525 1429 liberos
1559 1375 1630 1427 et
1670 1357 2171 1432 successionem
2208 1363 2419 1460 patri-

336 1474 739 1546 moniorum
765 1531 787 1564 ‚
834 1494 905 1545 et
942 1473 1244 1572 gradum
1300 1470 1800 1564 hereditatum,
1847 1474 1957 1546 his
1986 1474 2419 1548 securitatem

334 1583 814 1659 domesticam:
838 1585 1197 1685 quomodo
1211 1585 1405 1659 enim
1424 1586 2050 1685 peregrinabimur,
2065 1590 2420 1690 quomodo

336 1697 420 1769 ad
467 1700 805 1773 colendos
863 1699 1303 1774 discedemus
1335 1700 1586 1799 agros?
1629 1728 1786 1800 quae
1840 1703 2045 1776 nobis
2088 1704 2417 1777 securitas

330 1811 613 1886 dabitur
640 1812 1180 1913 suscipientibus
1207 1813 1578 1911 legationes
1606 1815 1949 1915 publicas»,
1983 1817 2315 1891 euntibus
2342 1817 2415 1890 in

330 1927 665 2022 militiam
695 1985 716 2017 ,
776 1953 1003 2025 quum
1054 1928 1448 2027 frequenter
1487 1927 1671 2002 bella
1712 1930 1901 2005 sint?
1944 1952 2168 2031 potest
2223 1931 2415 2004 vobis

329 2044 766 2140 contingere,
790 2063 870 2114 ut
892 2062 962 2116 et
981 2043 1346 2142 praemium
1372 2044 1515 2117 viro
1538 2045 1695 2119 forti
1711 2046 2063 2140 dederitiS,
2087 2069 2158 2123 et
2175 2068 2415 2122 tamen

322 2158 771 2236 adulterium
796 2159 1247 2234 vindicemus.

1499 2437 2422 2462 mmmmm&

328 2436 1109 2478 §mmm

1248 2621 1504 2700 CCL.

908 2850 1183 2924 sortitio
1219 2855 1843 2948 iqnominiosorum.

340 3051 467 3129 Qur
505 3073 895 3115 tumulatum
922 3072 1248 3114 mutunus
1278 3072 1521 3130 runnu,
1555 3073 1994 3115 mnomtmows
2031 3073 2144 3114 srr.
2172 3053 2426 3114 lenonu-

421 3170 598 3210 moso
630 3171 711 3210 m:
751 3170 876 3224 qua
915 3171 1008 3210 srr
1047 3170 1249 3210 acrio.
1296 3149 1440 3210 Duo
1489 3148 1898 3210 adolescentes
1935 3151 2201 3210 invicem
2250 3168 2428 3230 agere

432 3261 763 3326 coeperunt.
804 3246 1013 3306 Sor-titi
1051 3259 1195 3306 sunt
1224 3247 1426 3306 utrius
1453 3243 1760 3326 judicium
1791 3248 1964 3329 prius
1998 3257 2294 3327 ageretur.
2332 3247 2389 3307 Is
2410 3291 2427 3321 ,

438 3341 544 3420 qui
576 3357 731 3402 sorte
751 3343 1006 3419 vicerat,
1047 3344 1175 3424 egit
1205 3354 1267 3403 et
1306 3341 1628 3403 damnavit
1663 3341 2037 3425 injuriarum
2070 3365 2085 3401 ε
2130 3341 2425 3404 damnato

433 3457 615 3518 agere
633 3438 860 3501 volenti
880 3441 1243 3523 praecribit.

1206 3583 1248 3650 S
1264 3583 1318 3646 E
1332 3583 1388 3648 R
1400 3583 1477 3647 M
1489 3583 1568 3647 O.

434 3743 790 3810 Pau-onum
817 3747 1186 3832 necessarie
1225 3743 1548 3810 dabimus.
1577 3745 1742 3809 Nam
1774 3743 1970 3813 etiam
2007 3759 2083 3808 ut
2114 3763 2310 3830 agere
2339 3739 2432 3803 illi

348 3846 567 3929 liceat,
594 3866 693 3916 est
713 3866 938 3915 tamen
961 3850 1462 3939 ignominiosus.

1042 4044 1746 4110 DECLAMATIO.

444 4201 945 4279 Ionommoso
982 4225 1079 4278 NE
1117 4225 1267 4294 QUA
1313 4225 1422 4280 srr
1470 4227 1710 4281 Aci-10.
1767 4204 1833 4278 Si
1873 4203 2081 4276 hodie
2123 4201 2433 4300 primum
