3200 5117
712 539 1550 607 DECLAMATIONES.
1597 527 2109 606 cccmtxvl.
2327 547 2454 634 489

375 656 597 729 dicere
634 655 952 756 nuptia,
996 680 1141 726 non
1183 654 1553 752 occupatis.
1584 654 1781 745 Quid
1810 682 2007 753 ergo,
2050 656 2312 754 inquit,
2346 686 2458 729 or-

376 770 540 843 bam
573 796 715 842 non
752 766 986 842 ducis?
1020 765 1318 866 gaudeo,
1350 790 1563 867 pater,
1597 770 1788 868 quod
1828 769 2133 843 misereri
2166 771 2456 844 fortunae

374 906 604 983 potes:
641 904 706 955 et
729 882 873 956 haec
896 882 1063 954 orba
1093 903 1225 972 est,
1256 903 1325 956 et
1346 882 1492 956 haec
1517 904 1785 984 patrem
1812 881 2147 982 perdidit:
2178 884 2455 957 fortuna

377 997 649 1088 similis,
683 995 1112 1096 indulgentia
1131 995 1416 1098 propior
1433 1017 1550 1069 est.
1572 1000 1656 1070 In
1682 996 1926 1069 eadem
1956 997 2164 1070 domo
2188 998 2457 1072 educati

376 1138 649 1184 sumus:
689 1110 847 1184 novi
881 1135 1103 1184 mores
1121 1167 1140 1201 ‚
1171 1110 1390 1209 probo
1413 1110 1900 1183 verecundiam
1921 1168 1941 1202 ‚
1966 1111 2181 1211 probo
2206 1139 2455 1211 genus:

377 1225 577 1323 quid,
604 1226 660 1297 si
685 1225 860 1298 mihi
890 1253 929 1298 a
955 1246 1146 1323 patre
1174 1223 1660 1298 commendata
1691 1225 1824 1297 est?
1854 1225 2061 1325 quid,
2098 1225 2151 1297 si
2190 1247 2461 1325 rogatus

378 1339 574 1411 sum?
597 1340 766 1440 quid
783 1397 800 1428 ‚
826 1339 883 1411 si
907 1339 1117 1410 etiam
1136 1337 1401 1438 juravi?
1425 1340 1524 1411 vis
1551 1367 1668 1411 me
1701 1338 1914 1412 fidem
1939 1367 2082 1414 non
2108 1341 2463 1440 praestare?

378 1475 448 1526 et
478 1455 638 1526 cui?
673 1454 791 1553 qui
827 1480 941 1526 me
973 1453 1284 1542 sustulit,
1322 1455 1442 1554 qui
1482 1475 1755 1555 patrem
1800 1455 1974 1554 egit,
2020 1455 2141 1554 qui
2184 1476 2248 1528 te
2287 1455 2462 1527 mihi

377 1589 641 1666 patrem
688 1567 919 1658 dedit,
967 1568 1571 1668 quemadmodum
1614 1570 1895 1668 rogavit.
1930 1574 2088 1643 Non
2133 1592 2232 1643 est
2273 1571 2463 1669 quod

381 1682 601 1772 dicas,
624 1685 770 1780 Ego
796 1709 1003 1782 cogo:
1036 1710 1230 1784 aeque
1259 1705 1491 1756 tamen
1516 1684 1750 1784 pejero
1771 1698 1788 1730 ¹
1817 1712 1833 1757 t
1864 1705 1931 1758 et
1953 1685 2193 1784 quales
2213 1686 2464 1758 futurae

381 1795 674 1895 nuptiae,
709 1822 860 1895 quae
887 1797 1191 1897 perjurio
1210 1797 1648 1898 junguntur?

1240 2000 1602 2068 SERMO.

474 2159 718 2225 Ultima
742 2161 1145 2250 comparatio
1164 2163 1566 2250 puellarum3
1586 2162 1766 2226 illam
1788 2182 1931 2227 esse
1950 2159 2254 2242 divitem,
2276 2159 2464 2226 facile

385 2267 799 2332 inventuram
824 2270 1167 2349 maritum;
1188 2267 1360 2333 hanc
1377 2317 1393 2347 ,
1423 2269 1491 2331 in
1516 2285 1730 2334 totum
1755 2268 2134 2334 destitutam
2153 2317 2169 2347 ‚
2201 2284 2269 2331 et
2290 2290 2466 2332 nunc

385 2397 543 2439 vere
567 2374 830 2452 orbam,
856 2375 910 2438 si
944 2396 1088 2438 eam
1112 2374 1516 2464 hic‘quoque
1545 2374 1838 2440 deserat:
1874 2372 2290 2439 referendam
2322 2397 2465 2441 esse

387 2480 658 2567 gratiam
688 2478 1018 2567 expositos
1041 2476 1521 2567 colligentibus.

386 2663 474 2701 tur
494 2649 754 2721 particula
776 2648 1031 2722 negandi,
1055 2663 1145 2702 aut
1169 2669 1272 2722 pro
1298 2651 1389 2704 sed
1465 2651 1578 2714 bere
1611 2648 1754 2703 orbas
1783 2670 1841 2722 p.
1881 2669 1922 2702 s.
1955 2669 2003 2701 v.
2040 2650 2305 2716 inducere,
2337 2648 2465 2704 obt.

387 2728 645 2780 scribatur
664 2729 778 2781 nisi.
798 2731 1039 2801 Utroque
1061 2730 1201 2782 enim
1223 2729 1383 2780 modo
1463 2732 1528 2783 Et
1557 2732 1732 2786 vacuis
1762 2731 1950 2800 indici,
1983 2733 2220 2806 nuptias,
2253 2749 2358 2785 non
2387 2751 2468 2785 oc-

388 2823 593 2862 constat
616 2829 797 2863 sensus
809 2850 826 2877 ‚
842 2812 933 2883 qui
948 2813 1241 2883 requiritur.
1258 2813 1383 2864 Non
1464 2814 1665 2883 caparis
1677 2849 1694 2877 ,
1716 2812 1918 2865 Schult.
1939 2813 2215 2876 Inducere,
2232 2811 2379 2883 quod
2396 2831 2472 2864 re·

389 2887 571 2939 habere
601 2889 744 2942 orbas
765 2886 1128 2961 privilegium,
1159 2892 1260 2942 nisi
1292 2908 1384 2941 va·
1444 2891 1622 2944 ,tinuit
1656 2888 1957 2944 Obrechtus
1978 2927 1997 2955 ‚
2032 2892 2246 2943 minime
2284 2889 2470 2944 admit·-

388 2966 526 3026 cut's,
553 2965 777 3018 indicere
804 2967 1024 3039 nuptias.
1055 2969 1150 3032 Et,
1177 2986 1387 3040 respon·
1464 2968 1704 3021 tendum.
1741 2968 1816 3020 lta
1852 2972 1992 3020 enim
2019 2969 2202 3036 Quint.
2233 2967 2324 3019 lib.
2344 2970 2467 3033 vn,

390 3047 558 3100 derem
575 3084 591 3110 ,
632 3046 811 3100 habere
844 3048 990 3100 orbas
1024 3048 1384 3122 privilegium,
1466 3052 1522 3117 4,
1546 3049 1635 3118 39,
1659 3048 1780 3114 ubi,
1805 3050 2066 3101 vindicare
2088 3062 2243 3101 antea
2267 3048 2470 3102 malue-

389 3129 477 3181 sed
512 3129 684 3180 vacuis
734 3128 957 3181 indicere
990 3130 1231 3200 nuptias,
1278 3149 1384 3182 non
1466 3146 1612 3193 ram,
1643 3125 1736 3180 sed
1773 3144 1918 3178 nunc
1951 3141 2099 3178 muto
2137 3128 2464 3179 sententiam.

390 3206 665 3280 occupatis.
694 3207 759 3259 Et
791 3205 896 3260 hoc
929 3208 1190 3278 posterius
1222 3208 1387 3278 magis
1422 3221 1429 3227 ·
1464 3207 1598 3259 Vide
1622 3205 1689 3259 de
1710 3206 1872 3259 verbo
1898 3207 2120 3264 indicere
2139 3208 2371 3260 Gronov.
2400 3207 2467 3261 ad

388 3285 579 3356 placet.
603 3286 846 3339 Fortasse
870 3302 922 3337 et
939 3284 1087 3337 malis
1107 3285 1384 3338 indicendi.
1466 3288 1650 3340 Senec.
1675 3285 1871 3357 OEdip.
1892 3289 1947 3354 1,
1975 3304 2054 3356 ¹7·
2079 3289 2246 3339 Buau.

390 3366 551 3416 Gnou-
582 3362 956 3436 Respondet-em
984 3383 1121 3425 ιιωι,Ο
1154 3381 1259 3416 non
1293 3362 1388 3415 Ιια-
1545 3383 1591 3418 ι.
1621 3365 1817 3439 Pejero.
1845 3367 2179 3438 Pejeravero‚
2203 3364 2377 3418 AErod.
