3200 5117
796 582 1637 648 DECLAMATIONES.
1683 585 1989 649 CCCVI.
2310 588 2436 653 233

352 733 417 784 et
456 736 731 783 necesse
773 732 908 800 est,
960 711 1211 782 umbra
1252 711 1499 782 saltem
1545 709 1817 782 sceleris
1855 711 2164 784 laboret:
2207 713 2436 785 curin

349 825 620 897 fabulas
650 824 798 897 eat?
821 851 943 896 cur
967 823 1271 898 habeant
1294 824 1658 897 materiam
1688 824 2019 922 maligni?
2045 827 2152 897 vix
2174 826 2437 899 absolvi
2543 830 2551 839 '

350 942 613 1041 nuptiae
649 961 962 1040 possent,
1005 940 1063 1011 si
1098 940 1248 1042 jam
1284 960 1516 1012 contra
1539 938 1814 1039 judices
1849 937 1950 1009 illi
1985 942 2438 1039 pronuncias-

351 1076 523 1129 sent.
552 1057 750 1148 Quid
778 1058 1096 1128 futurum
1121 1076 1255 1147 est,
1285 1055 1342 1127 si
1376 1055 1519 1126 haec
1551 1075 1788 1153 parata
1817 1054 2025 1125 fixerit
2052 1055 2348 1143 nubere,
2374 1076 2442 1128 et

353 1173 456 1244 illi
495 1193 789 1245 matrem
829 1170 1484 1273 pronunciaveriut?
1521 1170 1724 1260 Quid
1756 1190 1993 1242 autem
2029 1191 2103 1241 tu
2123 1171 2437 1272 juveni8‚

351 1290 409 1361 si
444 1290 571 1361 tibi
607 1289 868 1389 nuptiae
901 1288 1308 1389 adjudicatae
1345 1286 1644 1373 fuerint,
1681 1285 2013 1357 ducturus
2048 1285 2161 1357 es?
2198 1286 2252 1356 si
2296 1312 2437 1357 uon

352 1401 655 1494 duxeris,
682 1430 826 1476 uon
854 1404 969 1475 fiet
991 1403 1087 1474 sic
1105 1401 1380 1502 generis
1406 1401 2000 1498 experimentum:
2027 1398 2083 1470 si
2110 1399 2439 1471 ducturus

350 1543 443 1608 ee,
462 1518 726 1590 factum
750 1540 870 1589 est.
893 1521 1012 1589 Me
1033 1514 1403 1589 miserum!
1428 1541 1649 1586 anum
1670 1513 1866 1587 ducis
1876 1514 2189 1616 juvenis:
2215 1513 2438 1601 video,

349 1631 524 1730 quid
562 1631 1033 1731 concupieris:
1072 1652 1292 1703 mater
1320 1650 1455 1702 est:
1490 1656 1631 1710 non
1658 1630 1846 1702 vult:
1885 1658 2046 1730 ergo
2074 1651 2314 1724 mater,
2346 1656 2436 1701 an

350 1771 522 1817 uxor
536 1747 644 1838 sit,
662 1746 841 1819 nihil
865 1746 1429 1818 interest.Caetera
1431 1772 1463 1846 J
1473 1745 1680 1816 uveni
1702 1743 1948 1816 audaci
1971 1745 2043 1817 in
2062 1760 2436 1844 ¹promptu:

350 1885 479 1931 nec
531 1860 605 1931 in
662 1861 791 1931 hac
838 1880 1032 1931 aetate
1080 1880 1375 1930 mortem
1426 1858 1800 1958 quisquam
1853 1859 2256 1930 minaretur.
2309 1862 2440 1932 Per

348 1973 565 2044 fidem
581 2029 600 2064 ,
619 1971 896 2073 juvenis
909 2029 928 2062 ‚
951 1974 1137 2047 bona
1156 1974 1383 2073 potius
1402 1996 1584 2072 opta.
1603 1974 1978 2047 Consuevit
1997 1973 2432 2071 ²frugalitati:

222 2165 239 2176 ‚
349 2088 500 2160 sine
520 2088 769 2159 marito
786 2089 917 2161 ‘diu
940 2090 1137 2162 vixit:
1162 2090 1346 2162 inter
1367 2089 1802 2188 gravissimas
1822 2090 1973 2163 vitae
1994 2088 2435 2178 calamitates,
2469 2085 2474 2090 ’

351 2227 495 2271 nou
524 2201 675 2275 sine
698 2203 937 2277 solatio
965 2225 1199 2277 tamen
1218 2262 1237 2294 ‚
1269 2204 1526 2276 meruit
1547 2205 1914 2277 maritum:
1944 2225 2009 2276 et
2021 2204 2174 2305 jam
2198 2202 2270 2274 iu
2298 2204 2435 2274 line

350 2316 488 2388 vita
507 2337 604 2389 est
626 2345 641 2388 ε
665 2346 792 2390 nec
813 2319 898 2392 de
920 2320 1302 2395 hereditate
1321 2318 1613 2392 sollicita
1633 2340 1765 2409 est,
1789 2345 1933 2393 uon
1952 2319 2162 2391 habet
2186 2317 2431 2390 filium.

424 2521 468 2555 1.
487 2509 674 2558 &vtem
671 2508 866 2579 juveni
877 2508 1064 2560 audaci
1078 2509 1133 2560 in
1143 2526 1385 2579 promp,
1431 2502 1762 2560 Thaddaeus:
1810 2506 2080 2559 Conuenit
2106 2504 2435 2580 frugalitate.

348 2593 419 2633 tu.
440 2582 736 2637 Thaddaeus
761 2597 813 2637 et
836 2584 1086 2639 AErodius
1108 2588 1348 2639 audacia.
1431 2582 1592 2652 Quod
1617 2585 1839 2638 fortasse
1864 2585 2173 2636 mutandum
2193 2604 2300 2636 non
2319 2586 2434 2637 fuit.

350 2661 507 2715 Addit
521 2663 674 2730 alter,
684 2665 819 2717 velle
835 2664 1089 2736 quosdam
1093 2664 1345 2740 juvenili.
1430 2661 1726 2717 Columella
1741 2669 1856 2719 vul
1867 2702 1884 2730 ‚
1907 2665 1969 2718 15
1987 2689 1999 2717 :
2027 2688 2050 2712 ι
2065 2667 2201 2717 Nam
2216 2668 2260 2717 si
2276 2664 2436 2716 modo

350 2742 479 2794 Dein
512 2742 838 2808 Thaidem,
876 2746 1163 2797 miror-etur.
1200 2746 1349 2796 AEm·
1433 2754 1662 2813 ‘captas
1697 2761 1847 2809 avet,
1874 2761 1989 2814 quae
2020 2761 2340 2796 consuevere
2372 2742 2436 2795 li-

349 2821 496 2888 dius,
524 2835 742 2878 mortem
780 2826 1051 2897 quisquam
1084 2826 1219 2877 mt'lu'
1250 2826 1347 2876 mi·
1433 2844 1455 2867 ι
1475 2820 1608 2873 bero
1632 2825 1803 2888 victu,
1833 2823 2088 2876 custodiae
2117 2824 2318 2877 tradere
2345 2842 2452 2876 ve-.

349 2911 568 2955 nan-tur.
610 2901 745 2955 Mihi
782 2904 1124 2956 succurrebat
1140 2942 1157 2970 ,
1188 2905 1348 2957 Caete·
1433 2921 1455 2945 ·
1476 2900 1566 2966 lia,
1588 2921 1777 2972 parere
1798 2915 2117 2955 cunctantur
2140 2905 2192 2953 in
2217 2904 2438 2954 servitu-

350 2998 465 3030 rum
490 2981 683 3052 juveni
716 2981 941 3032 audacia
973 2981 1027 3032 in
1061 2994 1305 3054 promptu
1325 3003 1347 3044 ,-
1432 3003 1455 3027 ιι
1479 2994 1545 3033 te.
1568 3005 1615 3032 n.
1648 2984 1882 3036 Gnoson
1930 2987 2003 3037 lta
2048 2998 2101 3036 et
2145 2983 2431 3036 Declamat.

350 3075 444 3108 nec
472 3058 524 3108 in
555 3057 650 3109 hac
674 3069 824 3111 oetate
850 3060 1187 3113 temeritatem
1211 3060 1348 3134 quis·
1427 3059 1783 3113 CCCXXXII:
1817 3085 1838 3108 ι
1862 3063 2177 3135 Paupertate
2208 3081 2435 3115 cousue-

350 3153 510 3207 quam
532 3136 761 3189 miratur.
786 3138 1016 3190 Gnouov.
1041 3139 1343 3204 Mirm-etur,
1432 3161 1455 3185 ι
1474 3140 1524 3190 vi
1549 3160 1561 3189 ε
1598 3140 1873 3210 frugaliter
1902 3145 2072 3194 vivere
2105 3146 2232 3194 acio.
2257 3166 2279 3189 ι
2314 3143 2430 3195 Seu.

351 3209 549 3263 Schult.
574 3227 623 3263 et
648 3214 779 3267 obr.
1425 3216 1746 3289 qualitate
1769 3258 1787 3285 ,
1843 3238 2003 3288 marg.
2067 3218 2248 3272 AErod.
2298 3218 2430 3274 vide

431 3307 480 3341 2.
526 3293 793 3366 consuevit
821 3291 1145 3366 fruqalitati.
1191 3293 1346 3345 AEro-
1426 3295 1663 3348 Freinsh.
1693 3295 1760 3347 ad
1783 3294 1922 3349 Flor.
1948 3301 1999 3365 1,
2037 3316 2081 3364 ι,
2115 3312 2166 3352 et
2195 3300 2427 3354 Gronov.

350 3366 501 3421 dius:
544 3371 814 3425 consuevit
836 3370 1129 3446 frugaliter
1159 3372 1342 3425 vium.
1427 3372 1496 3425 ad
1516 3375 1628 3425 biv.
1651 3374 1852 3441 XXXI,
1877 3374 1961 3428 35.
