3200 5117
744 524 869 568 212
1240 501 1334 565 M.
1382 502 1638 565 FABII
1682 501 2330 585 QUINTILIANI

743 645 1136 697 exacturam
1180 621 1546 695 comitatus
1561 678 1584 710 ,
1632 622 1751 694 sed
1795 648 1950 720 quae
1991 643 2133 695 tota
2172 651 2252 695 ex
2284 645 2404 695 tuo
2430 622 2623 696 vultu
2657 651 2839 725 pen-

744 739 900 812 deat
937 766 952 809 :
1003 738 1312 836 laborare
1360 737 1754 822 consuevit,
1799 737 2090 810 habebis
2132 739 2485 812 ancillam.
2520 742 2631 812 Tu
2676 762 2838 814 tan-

740 878 933 945 tum,
971 855 1179 927 etiam
1221 855 1276 926 si
1311 854 1481 952 quid
1526 880 1654 952 ego
1697 854 2005 946 offendi,
2053 855 2231 927 mihi
2276 858 2602 929 irascere:
2651 858 2837 930 nihil

741 969 863 1041 illa
889 969 1085 1058 fecit,
1117 968 1292 1040 nihil
1319 969 1656 1067 peccavit,
1680 968 1873 1069 jussa
1895 970 2062 1041 fuit¹
2091 997 2105 1039 :
2139 971 2213 1041 in
2247 971 2635 1043 ministerio
2659 973 2836 1072 patri

744 1084 1005 1182 paruit3
1040 1084 1125 1156 ad
1159 1082 1355 1155 illam
1392 1083 1524 1156 hoc
1555 1103 1830 1155 tantum
1861 1084 2193 1182 pertinet,
2229 1085 2417 1182 quod
2445 1085 2723 1185 optavit.

747 1343 2010 1366 mmmmummmmmm

1598 1527 1967 1606 CCCII.

1120 1740 1536 1812 Auctoratus
1563 1738 1651 1809 ob
1680 1736 2134 1837 sepeliendum
2161 1755 2448 1840 patrem.

736 1943 1092 2004 Omma-ron
1134 1962 1197 2001 m
1237 1959 1712 2015 QUATuoanEcm
1745 1958 2048 1999 emmaus
2080 1959 2159 1998 ΝΕ
2191 1958 2431 1999 sunan.
2464 1938 2738 2016 Quidam
2767 1957 2836 2001 ut

815 2053 1053 2122 patrem
1078 2037 1385 2120 sepeliret,
1416 2036 1761 2097 auctoravit
1795 2056 1893 2096 se:
1929 2036 2029 2095 die
2050 2038 2327 2096 muueris
2357 2036 2694 2119 productus
2722 2037 2834 2098 sub

817 2136 999 2198 titulo
1037 2146 1296 2210 causae⁸‚
1329 2133 1581 2208 rudem,
1620 2132 1974 2216 postulante
2011 2133 2250 2215 populo
2269 2178 2286 2207 ‚
2321 2136 2587 2217 accepit:
2621 2149 2834 2217 postea

816 2235 1269 2316 patrimonium
1301 2244 1604 2294 statutum
1637 2251 1752 2313 per
1773 2231 1938 2313 leges
1962 2231 2291 2312 Equitibus
2312 2233 2634 2313 acquisivit
2648 2249 2832 2316 rpro-

815 2329 1065 2390 hibetur
1087 2328 1408 2411 gradibus,

1429 2501 2130 2568 DECLAMATIO.

833 2659 1073 2727 Postea
1110 2655 1380 2744 dicam,
1416 2679 1555 2749 qua
1587 2679 1792 2724 causa
1825 2677 2020 2750 paene
2065 2653 2403 2751 gladiator
2445 2653 2662 2722 factus
2702 2651 2822 2741 sit;

738 2792 973 2872 postea
1001 2769 1131 2841 hoc
1150 2825 1170 2857 ‚
1205 2766 1397 2865 quod
1428 2765 1776 2867 objicitur,
1810 2766 1884 2837 in
1912 2765 2196 2839 laudem
2224 2788 2514 2838 vertam:
2548 2765 2825 2837 interim

813 2946 858 2980 ι.
882 2930 1029 2979 Jussa
1043 2926 1175 2997 fuit,
1208 2925 1263 2980 V
1259 2925 1337 2980 isa
1348 2926 1470 2998 fuit
1487 2924 1545 2977 in
1565 2926 1743 2977 minis·
1824 2924 2428 2997 CorneliumCethegum
2443 2943 2705 2989 censores,
2722 2943 2831 2976 om-

739 3007 1053 3078 tert'oPpatn'
1066 3006 1273 3077 paruit,
1294 3004 1472 3056 AErod.
1494 3005 1643 3056 Jussa
1660 3003 1745 3075 fe·
1823 3024 1917 3059 nes
1960 3007 2014 3058 in
2052 3026 2211 3060 cavea
2248 3008 2551 3078 promiscue
2589 3006 2832 3059 sederent

736 3091 824 3142 cit.
845 3089 1060 3141 Senum·-
1082 3089 1161 3138 lta
1180 3084 1324 3137 Decl.
1344 3085 1576 3137 COCVI:
1605 3085 1744 3136 «Ne-
1822 3101 2243 3160 spectareutque.
2279 3089 2425 3142 Sicut
2457 3101 2634 3140 autem
2671 3101 2827 3140 aucto

743 3191 767 3214 a
784 3186 871 3219 mo
902 3166 995 3218 tibi
1026 3164 1330 3216 mortalium
1357 3177 1540 3234 posset
1564 3165 1742 3234 ignos-

742 3267 765 3291 α
786 3263 932 3310 cere,
956 3245 1061 3297 nisi
1076 3246 1224 3314 jussa
1247 3242 1479 3295 fecisses.
1504 3265 1526 3289 ιι
1554 3242 1738 3316 virgil.

738 3325 940 3379 AEneid.
971 3327 1022 3388 1,
1053 3324 1185 3376 302:
1219 3348 1241 3370 α
1261 3326 1325 3376 Et
1350 3328 1463 3397 jam
1489 3325 1639 3394 jussa
1661 3322 1738 3376 fa·

740 3431 765 3454 a
785 3409 870 3459 cit.
894 3431 916 3454 n
945 3406 1010 3457 Et
1033 3409 1105 3457 ita
1128 3424 1283 3477 saepe.

811 3504 858 3538 2.
884 3485 986 3537 Sub
1012 3483 1163 3536 titulo
1187 3501 1366 3537 causoe.
1392 3485 1556 3535 Patris
1580 3501 1735 3553 sepe—

734 3564 899 3619 liendi
933 3580 1060 3632 ergo
1081 3600 1099 3628 ,
1130 3580 1242 3613 non
1276 3575 1503 3632 quaestus
1538 3579 1699 3613 causa
1718 3599 1735 3628 ‚

736 3647 831 3703 sed
850 3646 1059 3698 virtutis
1088 3658 1141 3695 et
1168 3641 1527 3694 humanitatis.
1554 3644 1734 3695 AEaon.

734 3758 804 3768 --
818 3723 1207 3778 Patrimonium
1218 3731 1469 3778 statutum
1478 3739 1575 3794 per
1587 3721 1735 3795 leges.

733 3806 896 3878 Quod
923 3819 1035 3859 erat
1058 3804 1355 3856 sestertium
1378 3801 1738 3874 quadringen-

735 3901 911 3941 torum
940 3882 1174 3936 millium.
1201 3884 1298 3934 uic
1323 3880 1456 3933 ordo
1484 3884 1740 3952 equestris

730 3970 817 4038 jus
846 3965 1033 4018 habuit
1054 3968 1231 4018 Romae
1256 3966 1312 4015 in
1335 3963 1738 4034 quatuordecim

738 4047 1008 4100 ordinibus
1047 4044 1352 4118 spectandi,
1394 4045 1507 4114 lege
1545 4048 1739 4098 Roscia

738 4125 1014 4178 theatrali:
1046 4138 1314 4178 senatores
1345 4125 1401 4175 in
1433 4124 1737 4191 orchestra,

739 4221 903 4279 quum
926 4218 1045 4257 ante
1068 4204 1119 4257 S.
1147 4202 1335 4255 AElium
1357 4205 1542 4256 Potum
1557 4241 1575 4272 ,
1598 4218 1652 4258 et
1672 4206 1731 4259 C.

1820 3168 2143 3237 patrimonio
2160 3204 2176 3231 ‚
2213 3165 2323 3217 haec
2362 3167 2708 3237 prerogativa
2746 3181 2828 3217 se-

1819 3245 1977 3300 dendi
2003 3249 2057 3298 in
2086 3246 2489 3318 quatuordecim
2517 3246 2828 3319 acquireba-

1820 3340 1922 3394 tur,
1947 3330 2021 3380 ita
2046 3330 2090 3380 si
2111 3329 2208 3399 qui
2228 3327 2619 3400 decoquerent,
2640 3343 2732 3383 aut
2750 3331 2844 3387 in·.

1818 3422 1900 3460 ter
1913 3410 2139 3462 infames
2149 3409 2498 3478 haberentur,
2511 3411 2696 3481 quales
2705 3424 2829 3464 sunt

1815 3491 1855 3542 ii
1867 3529 1883 3554 ‚
1899 3492 1992 3561 qui
2004 3492 2130 3543 artis
2144 3489 2359 3544 ludicre
2373 3490 2828 3563 pronunciandive

1817 3586 1978 3620 causa
2000 3570 2054 3620 in
2078 3586 2294 3621 scenam
2317 3568 2644 3641 tii-odissent,
2657 3572 2746 3639 jus
2771 3569 2831 3621 id

1818 3648 2145 3701 amittebant.
2163 3650 2381 3714 Seneca,
2395 3651 2639 3720 Excerpt.
2657 3648 2750 3702 lib.
2764 3651 2829 3717 11,

1816 3728 2053 3782 Declam.
2088 3745 2106 3779 1
2136 3750 2149 3779 ι
2192 3751 2214 3775 ο
2233 3729 2572 3782 Senatorium
2603 3729 2828 3799 gradum

1824 3829 1847 3853 ι
1868 3825 2058 3859 census
2102 3807 2388 3864 ascendere
2437 3808 2581 3860 facit.
2628 3808 2826 3861 census

1825 3910 1848 3935 ιι
1870 3908 2147 3941 romanum
2164 3890 2394 3959 equitem
2411 3907 2439 3940 a
2456 3888 2614 3960 plebe
2630 3888 2826 3941 discer-

1823 3992 1846 4016 e·
1868 3972 1946 4023 nit
1969 3991 1984 4022 ε
2027 3988 2221 4023 census
2263 3971 2318 4021 in
2362 3972 2547 4023 castris
2585 3968 2825 4022 oudinum

1822 4072 1845 4094 οι
1867 4061 2146 4118 promovet
2161 4070 2175 4099 ε
2215 4066 2380 4100 censu
2417 4048 2470 4100 in
2511 4049 2629 4099 foro
2659 4044 2826 4116 judex

1823 4147 1845 4171 a
1864 4126 2072 4199 legitur,
2088 4141 2187 4179 etc.
2211 4150 2233 4172 ιι
2253 4128 2436 4180 AEaou.
2454 4128 2545 4196 qui
2567 4142 2726 4196 supra
2738 4160 2756 4191 ,
2774 4142 2825 4178 se

1815 4207 2130 4274 metor-avit,
2153 4206 2242 4258 sed
2260 4206 2345 4259 die
2356 4243 2377 4272 ‚
2402 4216 2502 4260 ete.
