<?xml version="1.0" encoding="UTF-8"?>
<!DOCTYPE html PUBLIC "-//W3C//DTD XHTML 1.0 Transitional//EN"
    "http://www.w3.org/TR/xhtml1/DTD/xhtml1-transitional.dtd">
<html xmlns="http://www.w3.org/1999/xhtml" xml:lang="en" lang="en">
 <head>
  <title>
</title>
<meta http-equiv="Content-Type" content="text/html;charset=utf-8" />
  <meta name='ocr-system' content='tesseract 3.04.00' />
  <meta name='ocr-capabilities' content='ocr_page ocr_carea ocr_par ocr_line ocrx_word'/>
</head>
<body>
  <div class='ocr_page' id='page_1' title='image "./deinstitutioneo00flacgoog_0140.png"; bbox 0 0 3200 5117; ppageno 0'>
   <div class='ocr_carea' id='block_1_1' title="bbox 723 573 2287 659">
    <p class='ocr_par' dir='ltr' id='par_1_1' title="bbox 723 573 2287 659">
     <span class='ocr_line' id='line_1_1' title="bbox 723 573 2287 659; baseline -0.002 -17"><span class='ocrx_word' id='word_1_1' title='bbox 723 579 839 659; x_wconf 75' lang='lat'>134</span> <span class='ocrx_word' id='word_1_2' title='bbox 1214 577 1307 641; x_wconf 83' lang='lat' dir='ltr'>M.</span> <span class='ocrx_word' id='word_1_3' title='bbox 1355 575 1606 640; x_wconf 69' lang='lat' dir='ltr'>men</span> <span class='ocrx_word' id='word_1_4' title='bbox 1651 573 2287 659; x_wconf 68' lang='lat' dir='ltr'>QmN&#39;rnAAm</span> 
     </span>
    </p>
   </div>
   <div class='ocr_carea' id='block_1_2' title="bbox 698 697 2836 3795">
    <p class='ocr_par' dir='ltr' id='par_1_2' title="bbox 698 697 2836 3795">
     <span class='ocr_line' id='line_1_2' title="bbox 713 697 2798 800; baseline -0.002 -27"><span class='ocrx_word' id='word_1_5' title='bbox 713 727 934 798; x_wconf 91' lang='lat' dir='ltr'>quum</span> <span class='ocrx_word' id='word_1_6' title='bbox 968 700 1432 774; x_wconf 82' lang='lat' dir='ltr'>dimitterem?</span> <span class='ocrx_word' id='word_1_7' title='bbox 1458 725 1603 772; x_wconf 90' lang='lat' dir='ltr'>non</span> <span class='ocrx_word' id='word_1_8' title='bbox 1630 698 1985 800; x_wconf 84' lang='lat' dir='ltr'>probabis:</span> <span class='ocrx_word' id='word_1_9' title='bbox 2014 698 2274 798; x_wconf 80' lang='lat' dir='ltr'>alioqui</span> <span class='ocrx_word' id='word_1_10' title='bbox 2298 698 2355 770; x_wconf 79' lang='lat' dir='ltr'>si</span> <span class='ocrx_word' id='word_1_11' title='bbox 2377 697 2512 770; x_wconf 85' lang='lat' dir='ltr'>hoc</span> <span class='ocrx_word' id='word_1_12' title='bbox 2533 698 2798 798; x_wconf 84' lang='lat' dir='ltr'>putaris</span> 
     </span>
     <span class='ocr_line' id='line_1_3' title="bbox 714 805 2799 914; baseline -0.002 -26"><span class='ocrx_word' id='word_1_13' title='bbox 714 842 855 888; x_wconf 84' lang='lat' dir='ltr'>esse</span> <span class='ocrx_word' id='word_1_14' title='bbox 879 805 1257 914; x_wconf 69' lang='lat' dir='ltr'>pecuniam</span> <span class='ocrx_word' id='word_1_15' title='bbox 1280 814 1593 913; x_wconf 85' lang='lat' dir='ltr'>accipere</span> <span class='ocrx_word' id='word_1_16' title='bbox 1613 871 1631 903; x_wconf 89' lang='lat'>,</span> <span class='ocrx_word' id='word_1_17' title='bbox 1657 813 1964 888; x_wconf 82' lang='lat' dir='ltr'>abdicari</span> <span class='ocrx_word' id='word_1_18' title='bbox 1995 814 2274 885; x_wconf 79' lang='lat' dir='ltr'>fratrem</span> <span class='ocrx_word' id='word_1_19' title='bbox 2294 870 2313 902; x_wconf 88' lang='lat'>,</span> <span class='ocrx_word' id='word_1_20' title='bbox 2344 811 2574 884; x_wconf 86' lang='lat' dir='ltr'>statim</span> <span class='ocrx_word' id='word_1_21' title='bbox 2601 809 2799 884; x_wconf 85' lang='lat' dir='ltr'>detu-</span> 
     </span>
     <span class='ocr_line' id='line_1_4' title="bbox 713 927 2796 1028; baseline -0.001 -27"><span class='ocrx_word' id='word_1_22' title='bbox 713 928 902 1002; x_wconf 86' lang='lat' dir='ltr'>lisses</span> <span class='ocrx_word' id='word_1_23' title='bbox 935 959 949 1000; x_wconf 91' lang='lat'>:</span> <span class='ocrx_word' id='word_1_24' title='bbox 989 950 1222 1028; x_wconf 87' lang='lat' dir='ltr'>postea</span> <span class='ocrx_word' id='word_1_25' title='bbox 1246 928 1534 1017; x_wconf 88' lang='lat' dir='ltr'>videbo,</span> <span class='ocrx_word' id='word_1_26' title='bbox 1570 956 1711 1025; x_wconf 88' lang='lat' dir='ltr'>qua</span> <span class='ocrx_word' id='word_1_27' title='bbox 1745 953 1948 1001; x_wconf 85' lang='lat' dir='ltr'>causa</span> <span class='ocrx_word' id='word_1_28' title='bbox 1988 927 2313 1000; x_wconf 87' lang='lat' dir='ltr'>dimissus</span> <span class='ocrx_word' id='word_1_29' title='bbox 2353 927 2472 1018; x_wconf 88' lang='lat' dir='ltr'>sit,</span> <span class='ocrx_word' id='word_1_30' title='bbox 2515 927 2796 999; x_wconf 87' lang='lat' dir='ltr'>interim</span> 
     </span>
     <span class='ocr_line' id='line_1_5' title="bbox 712 1042 2795 1143; baseline -0 -28"><span class='ocrx_word' id='word_1_31' title='bbox 712 1070 891 1143; x_wconf 82' lang='lat' dir='ltr'>nego</span> <span class='ocrx_word' id='word_1_32' title='bbox 924 1044 1056 1116; x_wconf 89' lang='lat' dir='ltr'>hoc</span> <span class='ocrx_word' id='word_1_33' title='bbox 1088 1069 1229 1116; x_wconf 84' lang='lat' dir='ltr'>esse</span> <span class='ocrx_word' id='word_1_34' title='bbox 1272 1043 1645 1143; x_wconf 85' lang='lat' dir='ltr'>pecuniam</span> <span class='ocrx_word' id='word_1_35' title='bbox 1688 1043 2021 1141; x_wconf 81' lang='lat' dir='ltr'>accipere.</span> <span class='ocrx_word' id='word_1_36' title='bbox 2069 1042 2231 1114; x_wconf 88' lang='lat' dir='ltr'>Sine</span> <span class='ocrx_word' id='word_1_37' title='bbox 2267 1042 2483 1118; x_wconf 89' lang='lat' dir='ltr'>dubio</span> <span class='ocrx_word' id='word_1_38' title='bbox 2517 1063 2618 1115; x_wconf 78' lang='lat' dir='ltr'>est</span> <span class='ocrx_word' id='word_1_39' title='bbox 2649 1063 2795 1115; x_wconf 86' lang='lat' dir='ltr'>tam</span> 
     </span>
     <span class='ocr_line' id='line_1_6' title="bbox 712 1157 2800 1259; baseline -0.002 -28"><span class='ocrx_word' id='word_1_40' title='bbox 712 1159 1201 1247; x_wconf 83' lang='lat' dir='ltr'>manifestum,</span> <span class='ocrx_word' id='word_1_41' title='bbox 1251 1180 1329 1230; x_wconf 89' lang='lat' dir='ltr'>ut</span> <span class='ocrx_word' id='word_1_42' title='bbox 1372 1159 1570 1230; x_wconf 86' lang='lat' dir='ltr'>nulla</span> <span class='ocrx_word' id='word_1_43' title='bbox 1611 1158 2171 1259; x_wconf 76' lang='lat' dir='ltr'><strong>interpretatione</strong></span> <span class='ocrx_word' id='word_1_44' title='bbox 2220 1179 2449 1257; x_wconf 73' lang='lat' dir='ltr'>egeat,</span> <span class='ocrx_word' id='word_1_45' title='bbox 2493 1157 2662 1257; x_wconf 91' lang='lat' dir='ltr'>quid</span> <span class='ocrx_word' id='word_1_46' title='bbox 2709 1158 2800 1228; x_wconf 88' lang='lat' dir='ltr'>sit</span> 
     </span>
     <span class='ocr_line' id='line_1_7' title="bbox 710 1269 2795 1375; baseline -0.002 -27"><span class='ocrx_word' id='word_1_47' title='bbox 710 1275 1016 1375; x_wconf 86' lang='lat' dir='ltr'>accipere</span> <span class='ocrx_word' id='word_1_48' title='bbox 1044 1274 1417 1375; x_wconf 84' lang='lat' dir='ltr'>pecuniam</span> <span class='ocrx_word' id='word_1_49' title='bbox 1448 1301 1463 1344; x_wconf 75' lang='grc' dir='ltr'>ε</span> <span class='ocrx_word' id='word_1_50' title='bbox 1500 1300 1629 1374; x_wconf 78' lang='lat' dir='ltr'>ego</span> <span class='ocrx_word' id='word_1_51' title='bbox 1656 1294 1892 1346; x_wconf 83' lang='lat' dir='ltr'>tamen</span> <span class='ocrx_word' id='word_1_52' title='bbox 1921 1300 2064 1346; x_wconf 88' lang='lat' dir='ltr'>non</span> <span class='ocrx_word' id='word_1_53' title='bbox 2090 1299 2246 1345; x_wconf 81' lang='lat' dir='ltr'>sum</span> <span class='ocrx_word' id='word_1_54' title='bbox 2271 1293 2633 1346; x_wconf 84' lang='lat' dir='ltr'>contentus</span> <span class='ocrx_word' id='word_1_55' title='bbox 2666 1269 2795 1343; x_wconf 87' lang='lat' dir='ltr'>hac</span> 
     </span>
     <span class='ocr_line' id='line_1_8' title="bbox 713 1388 2796 1487; baseline 0 -27"><span class='ocrx_word' id='word_1_56' title='bbox 713 1389 1151 1479; x_wconf 86' lang='lat' dir='ltr'>defensione,</span> <span class='ocrx_word' id='word_1_57' title='bbox 1186 1389 1318 1461; x_wconf 88' lang='lat' dir='ltr'>nisi</span> <span class='ocrx_word' id='word_1_58' title='bbox 1349 1388 1524 1462; x_wconf 87' lang='lat' dir='ltr'>illud</span> <span class='ocrx_word' id='word_1_59' title='bbox 1555 1388 1968 1487; x_wconf 80' lang='lat' dir='ltr'>probavero,</span> <span class='ocrx_word' id='word_1_60' title='bbox 2007 1409 2096 1459; x_wconf 85' lang='lat' dir='ltr'>ne</span> <span class='ocrx_word' id='word_1_61' title='bbox 2121 1414 2318 1487; x_wconf 84' lang='lat' dir='ltr'>spem</span> <span class='ocrx_word' id='word_1_62' title='bbox 2352 1388 2639 1485; x_wconf 79' lang='lat' dir='ltr'>quidem</span> <span class='ocrx_word' id='word_1_63' title='bbox 2669 1413 2796 1486; x_wconf 87' lang='lat' dir='ltr'>pe·-</span> 
     </span>
     <span class='ocr_line' id='line_1_9' title="bbox 710 1500 2797 1602; baseline -0.002 -27"><span class='ocrx_word' id='word_1_64' title='bbox 710 1503 932 1576; x_wconf 77' lang='lat' dir='ltr'>cunioe</span> <span class='ocrx_word' id='word_1_65' title='bbox 975 1502 1325 1576; x_wconf 77' lang='lat' dir='ltr'>oblatam:</span> <span class='ocrx_word' id='word_1_66' title='bbox 1378 1502 1550 1599; x_wconf 83' lang='lat' dir='ltr'>quid</span> <span class='ocrx_word' id='word_1_67' title='bbox 1592 1503 1782 1574; x_wconf 83' lang='lat' dir='ltr'>enim</span> <span class='ocrx_word' id='word_1_68' title='bbox 1823 1502 2001 1573; x_wconf 83' lang='lat' dir='ltr'>mihi</span> <span class='ocrx_word' id='word_1_69' title='bbox 2046 1501 2394 1602; x_wconf 72' lang='lat' dir='ltr'>pollicitus</span> <span class='ocrx_word' id='word_1_70' title='bbox 2426 1521 2528 1574; x_wconf 81' lang='lat' dir='ltr'>est</span> <span class='ocrx_word' id='word_1_71' title='bbox 2563 1500 2797 1600; x_wconf 80' lang='lat' dir='ltr'>pater?</span> 
     </span>
     <span class='ocr_line' id='line_1_10' title="bbox 710 1617 2792 1709; baseline -0.001 -19"><span class='ocrx_word' id='word_1_72' title='bbox 710 1620 767 1690; x_wconf 89' lang='lat' dir='ltr'>si</span> <span class='ocrx_word' id='word_1_73' title='bbox 802 1620 1259 1709; x_wconf 81' lang='lat' dir='ltr'>dimisissem,</span> <span class='ocrx_word' id='word_1_74' title='bbox 1295 1619 1648 1708; x_wconf 88' lang='lat' dir='ltr'>futurum,</span> <span class='ocrx_word' id='word_1_75' title='bbox 1675 1639 1752 1689; x_wconf 94' lang='lat' dir='ltr'>ut</span> <span class='ocrx_word' id='word_1_76' title='bbox 1783 1617 2134 1690; x_wconf 85' lang='lat' dir='ltr'>abdicaret</span> <span class='ocrx_word' id='word_1_77' title='bbox 2166 1618 2449 1689; x_wconf 67' lang='lat' dir='ltr'>fratrem</span> <span class='ocrx_word' id='word_1_78' title='bbox 2471 1630 2489 1661; x_wconf 85' lang='lat'>¹</span> <span class='ocrx_word' id='word_1_79' title='bbox 2529 1643 2792 1688; x_wconf 87' lang='lat' dir='ltr'>meum.</span> 
     </span>
     <span class='ocr_line' id='line_1_11' title="bbox 709 1730 2795 1831; baseline -0.001 -26"><span class='ocrx_word' id='word_1_80' title='bbox 709 1735 1058 1807; x_wconf 87' lang='lat' dir='ltr'>Heredem</span> <span class='ocrx_word' id='word_1_81' title='bbox 1084 1754 1493 1806; x_wconf 87' lang='lat' dir='ltr'>testamento</span> <span class='ocrx_word' id='word_1_82' title='bbox 1516 1733 1723 1803; x_wconf 89' lang='lat' dir='ltr'>etiam</span> <span class='ocrx_word' id='word_1_83' title='bbox 1750 1759 1914 1803; x_wconf 91' lang='lat' dir='ltr'>eum</span> <span class='ocrx_word' id='word_1_84' title='bbox 1933 1788 1951 1820; x_wconf 89' lang='lat'>,</span> <span class='ocrx_word' id='word_1_85' title='bbox 1973 1758 2184 1831; x_wconf 90' lang='lat' dir='ltr'>quem</span> <span class='ocrx_word' id='word_1_86' title='bbox 2206 1731 2584 1804; x_wconf 85' lang='lat' dir='ltr'>abdicasset</span> <span class='ocrx_word' id='word_1_87' title='bbox 2599 1788 2618 1822; x_wconf 89' lang='lat'>,</span> <span class='ocrx_word' id='word_1_88' title='bbox 2640 1730 2795 1830; x_wconf 90' lang='lat' dir='ltr'>quis</span> 
     </span>
     <span class='ocr_line' id='line_1_12' title="bbox 710 1845 2794 1921; baseline -0 -3"><span class='ocrx_word' id='word_1_89' title='bbox 710 1850 975 1921; x_wconf 80' lang='lat' dir='ltr'>vetabat</span> <span class='ocrx_word' id='word_1_90' title='bbox 996 1848 1316 1921; x_wconf 86' lang='lat' dir='ltr'>substitui</span> <span class='ocrx_word' id='word_1_91' title='bbox 1340 1849 1413 1919; x_wconf 91' lang='lat' dir='ltr'>in</span> <span class='ocrx_word' id='word_1_92' title='bbox 1434 1847 1671 1919; x_wconf 85' lang='lat' dir='ltr'>locum</span> <span class='ocrx_word' id='word_1_93' title='bbox 1697 1846 1990 1919; x_wconf 84' lang='lat' dir='ltr'>abdicati</span> <span class='ocrx_word' id='word_1_94' title='bbox 2014 1847 2234 1918; x_wconf 91' lang='lat' dir='ltr'>alium</span> <span class='ocrx_word' id='word_1_95' title='bbox 2255 1845 2627 1920; x_wconf 82' lang='lat' dir='ltr'>heredem?</span> <span class='ocrx_word' id='word_1_96' title='bbox 2650 1873 2794 1918; x_wconf 87' lang='lat' dir='ltr'>non</span> 
     </span>
     <span class='ocr_line' id='line_1_13' title="bbox 710 1959 2795 2063; baseline -0.002 -27"><span class='ocrx_word' id='word_1_97' title='bbox 710 1990 993 2063; x_wconf 87' lang='lat' dir='ltr'>possum</span> <span class='ocrx_word' id='word_1_98' title='bbox 1025 1990 1186 2063; x_wconf 78' lang='lat' dir='ltr'>ergo</span> <span class='ocrx_word' id='word_1_99' title='bbox 1217 1963 1433 2034; x_wconf 88' lang='lat' dir='ltr'>videri</span> <span class='ocrx_word' id='word_1_100' title='bbox 1472 1983 1748 2062; x_wconf 89' lang='lat' dir='ltr'>propter</span> <span class='ocrx_word' id='word_1_101' title='bbox 1777 1961 2150 2061; x_wconf 90' lang='lat' dir='ltr'>pecuniam</span> <span class='ocrx_word' id='word_1_102' title='bbox 2181 1959 2555 2052; x_wconf 76' lang='lat' dir='ltr'>dimisisse,</span> <span class='ocrx_word' id='word_1_103' title='bbox 2590 1961 2795 2040; x_wconf 86' lang='lat' dir='ltr'>etiam</span> 
     </span>
     <span class='ocr_line' id='line_1_14' title="bbox 712 2080 2836 2180; baseline -0.001 -26"><span class='ocrx_word' id='word_1_104' title='bbox 712 2083 768 2155; x_wconf 91' lang='lat' dir='ltr'>si</span> <span class='ocrx_word' id='word_1_105' title='bbox 814 2102 1091 2180; x_wconf 87' lang='lat' dir='ltr'>propter</span> <span class='ocrx_word' id='word_1_106' title='bbox 1135 2081 1268 2153; x_wconf 89' lang='lat' dir='ltr'>boc</span> <span class='ocrx_word' id='word_1_107' title='bbox 1312 2102 1583 2155; x_wconf 86' lang='lat' dir='ltr'>tantum</span> <span class='ocrx_word' id='word_1_108' title='bbox 1633 2080 2077 2154; x_wconf 83' lang='lat' dir='ltr'>dimisissem.</span> <span class='ocrx_word' id='word_1_109' title='bbox 2124 2081 2333 2151; x_wconf 89' lang='lat' dir='ltr'>Nunc</span> <span class='ocrx_word' id='word_1_110' title='bbox 2373 2106 2531 2151; x_wconf 88' lang='lat' dir='ltr'>vero</span> <span class='ocrx_word' id='word_1_111' title='bbox 2579 2106 2795 2177; x_wconf 90' lang='lat' dir='ltr'>quam</span> <span class='ocrx_word' id='word_1_112' title='bbox 2821 2105 2836 2114; x_wconf 61' lang='grc'><em>“</em></span> 
     </span>
     <span class='ocr_line' id='line_1_15' title="bbox 713 2192 2795 2293; baseline -0 -27"><span class='ocrx_word' id='word_1_113' title='bbox 713 2195 933 2267; x_wconf 86' lang='lat' dir='ltr'>multa</span> <span class='ocrx_word' id='word_1_114' title='bbox 963 2196 1251 2266; x_wconf 90' lang='lat' dir='ltr'>fuerunt</span> <span class='ocrx_word' id='word_1_115' title='bbox 1269 2251 1287 2283; x_wconf 95' lang='lat'>,</span> <span class='ocrx_word' id='word_1_116' title='bbox 1321 2215 1600 2293; x_wconf 89' lang='lat' dir='ltr'>propter</span> <span class='ocrx_word' id='word_1_117' title='bbox 1624 2220 1778 2292; x_wconf 83' lang='lat' dir='ltr'>quae</span> <span class='ocrx_word' id='word_1_118' title='bbox 1799 2192 2265 2266; x_wconf 84' lang='lat' dir='ltr'>dimitterem?</span> <span class='ocrx_word' id='word_1_119' title='bbox 2292 2193 2348 2265; x_wconf 90' lang='lat' dir='ltr'>si</span> <span class='ocrx_word' id='word_1_120' title='bbox 2370 2192 2503 2266; x_wconf 90' lang='lat' dir='ltr'>boc</span> <span class='ocrx_word' id='word_1_121' title='bbox 2526 2215 2795 2266; x_wconf 90' lang='lat' dir='ltr'>tantum</span> 
     </span>
     <span class='ocr_line' id='line_1_16' title="bbox 713 2307 2794 2409; baseline 0 -29"><span class='ocrx_word' id='word_1_122' title='bbox 713 2335 826 2380; x_wconf 91' lang='lat' dir='ltr'>me</span> <span class='ocrx_word' id='word_1_123' title='bbox 856 2308 1104 2396; x_wconf 88' lang='lat' dir='ltr'>movit,</span> <span class='ocrx_word' id='word_1_124' title='bbox 1138 2307 1329 2407; x_wconf 83' lang='lat' dir='ltr'>quod</span> <span class='ocrx_word' id='word_1_125' title='bbox 1360 2309 1564 2380; x_wconf 74' lang='lat' dir='ltr'>frater</span> <span class='ocrx_word' id='word_1_126' title='bbox 1592 2328 1770 2394; x_wconf 77' lang='lat' dir='ltr'>emt;</span> <span class='ocrx_word' id='word_1_127' title='bbox 1805 2328 1951 2380; x_wconf 85' lang='lat' dir='ltr'>erat</span> <span class='ocrx_word' id='word_1_128' title='bbox 1977 2327 2216 2380; x_wconf 83' lang='lat' dir='ltr'>tamen</span> <span class='ocrx_word' id='word_1_129' title='bbox 2244 2309 2401 2380; x_wconf 82' lang='lat' dir='ltr'>satis</span> <span class='ocrx_word' id='word_1_130' title='bbox 2429 2310 2639 2409; x_wconf 90' lang='lat' dir='ltr'>plena</span> <span class='ocrx_word' id='word_1_131' title='bbox 2669 2308 2794 2380; x_wconf 90' lang='lat' dir='ltr'>de-</span> 
     </span>
     <span class='ocr_line' id='line_1_17' title="bbox 711 2422 2792 2525; baseline 0 -30"><span class='ocrx_word' id='word_1_132' title='bbox 711 2424 934 2495; x_wconf 87' lang='lat' dir='ltr'>fensio</span> <span class='ocrx_word' id='word_1_133' title='bbox 953 2482 971 2514; x_wconf 94' lang='lat'>,</span> <span class='ocrx_word' id='word_1_134' title='bbox 1002 2444 1068 2496; x_wconf 92' lang='lat' dir='ltr'>et</span> <span class='ocrx_word' id='word_1_135' title='bbox 1101 2424 1290 2523; x_wconf 93' lang='lat' dir='ltr'>quod</span> <span class='ocrx_word' id='word_1_136' title='bbox 1325 2423 1557 2495; x_wconf 89' lang='lat' dir='ltr'>minor</span> <span class='ocrx_word' id='word_1_137' title='bbox 1589 2422 1818 2512; x_wconf 85' lang='lat' dir='ltr'>frater,</span> <span class='ocrx_word' id='word_1_138' title='bbox 1855 2445 1921 2495; x_wconf 89' lang='lat' dir='ltr'>et</span> <span class='ocrx_word' id='word_1_139' title='bbox 1947 2424 2137 2522; x_wconf 91' lang='lat' dir='ltr'>quod</span> <span class='ocrx_word' id='word_1_140' title='bbox 2166 2424 2298 2496; x_wconf 90' lang='lat' dir='ltr'>sub</span> <span class='ocrx_word' id='word_1_141' title='bbox 2332 2447 2523 2525; x_wconf 87' lang='lat' dir='ltr'>patre</span> <span class='ocrx_word' id='word_1_142' title='bbox 2550 2426 2792 2513; x_wconf 80' lang='lat' dir='ltr'>frater3</span> 
     </span>
     <span class='ocr_line' id='line_1_18' title="bbox 709 2538 2794 2640; baseline -0 -30"><span class='ocrx_word' id='word_1_143' title='bbox 709 2560 787 2610; x_wconf 89' lang='lat' dir='ltr'>ut</span> <span class='ocrx_word' id='word_1_144' title='bbox 815 2539 1027 2609; x_wconf 91' lang='lat' dir='ltr'>etiam</span> <span class='ocrx_word' id='word_1_145' title='bbox 1064 2538 1121 2610; x_wconf 89' lang='lat' dir='ltr'>si</span> <span class='ocrx_word' id='word_1_146' title='bbox 1160 2538 1288 2638; x_wconf 87' lang='lat' dir='ltr'>ipsi</span> <span class='ocrx_word' id='word_1_147' title='bbox 1322 2559 1466 2609; x_wconf 89' lang='lat' dir='ltr'>non</span> <span class='ocrx_word' id='word_1_148' title='bbox 1495 2541 1843 2640; x_wconf 79' lang='lat' dir='ltr'>parcerem</span> <span class='ocrx_word' id='word_1_149' title='bbox 1873 2595 1891 2627; x_wconf 93' lang='lat'>,</span> <span class='ocrx_word' id='word_1_150' title='bbox 1925 2559 2159 2610; x_wconf 88' lang='lat' dir='ltr'>tamen</span> <span class='ocrx_word' id='word_1_151' title='bbox 2197 2555 2263 2609; x_wconf 88' lang='lat' dir='ltr'>et</span> <span class='ocrx_word' id='word_1_152' title='bbox 2292 2538 2499 2638; x_wconf 83' lang='lat' dir='ltr'>patris</span> <span class='ocrx_word' id='word_1_153' title='bbox 2533 2559 2599 2610; x_wconf 89' lang='lat' dir='ltr'>et</span> <span class='ocrx_word' id='word_1_154' title='bbox 2635 2561 2794 2609; x_wconf 88' lang='lat' dir='ltr'>mea</span> 
     </span>
     <span class='ocr_line' id='line_1_19' title="bbox 709 2645 2794 2754; baseline -0.001 -28"><span class='ocrx_word' id='word_1_155' title='bbox 709 2680 917 2726; x_wconf 87' lang='lat' dir='ltr'>causa</span> <span class='ocrx_word' id='word_1_156' title='bbox 958 2679 1100 2724; x_wconf 91' lang='lat' dir='ltr'>non</span> <span class='ocrx_word' id='word_1_157' title='bbox 1136 2647 1499 2724; x_wconf 88' lang='lat' dir='ltr'>debuerim</span> <span class='ocrx_word' id='word_1_158' title='bbox 1535 2645 1862 2724; x_wconf 88' lang='lat' dir='ltr'>occidere.</span> <span class='ocrx_word' id='word_1_159' title='bbox 1904 2651 2110 2748; x_wconf 87' lang='lat' dir='ltr'>Nunc</span> <span class='ocrx_word' id='word_1_160' title='bbox 2143 2680 2301 2725; x_wconf 90' lang='lat' dir='ltr'>vero</span> <span class='ocrx_word' id='word_1_161' title='bbox 2339 2653 2491 2754; x_wconf 88' lang='lat' dir='ltr'>quis</span> <span class='ocrx_word' id='word_1_162' title='bbox 2525 2647 2794 2724; x_wconf 86' lang='lat' dir='ltr'>dubitet</span> 
     </span>
     <span class='ocr_line' id='line_1_20' title="bbox 711 2751 2790 2869; baseline -0.001 -27"><span class='ocrx_word' id='word_1_163' title='bbox 711 2770 969 2842; x_wconf 85' lang='lat' dir='ltr'>exorari</span> <span class='ocrx_word' id='word_1_164' title='bbox 1018 2797 1132 2842; x_wconf 90' lang='lat' dir='ltr'>me</span> <span class='ocrx_word' id='word_1_165' title='bbox 1184 2761 1536 2860; x_wconf 87' lang='lat' dir='ltr'>debuisse,</span> <span class='ocrx_word' id='word_1_166' title='bbox 1595 2797 1819 2869; x_wconf 87' lang='lat' dir='ltr'>quum</span> <span class='ocrx_word' id='word_1_167' title='bbox 1871 2751 2064 2869; x_wconf 58' lang='lat' dir='ltr'>linter</span> <span class='ocrx_word' id='word_1_168' title='bbox 2107 2765 2412 2869; x_wconf 81' lang='lat' dir='ltr'>peteret?</span> <span class='ocrx_word' id='word_1_169' title='bbox 2464 2789 2790 2869; x_wconf 80' lang='lat' dir='ltr'>putemus</span> 
     </span>
     <span class='ocr_line' id='line_1_21' title="bbox 712 2879 2787 2983; baseline -0 -27"><span class='ocrx_word' id='word_1_170' title='bbox 712 2879 886 2956; x_wconf 90' lang='lat' dir='ltr'>nihil</span> <span class='ocrx_word' id='word_1_171' title='bbox 938 2905 1202 2983; x_wconf 87' lang='lat' dir='ltr'>patrem</span> <span class='ocrx_word' id='word_1_172' title='bbox 1245 2911 1387 2956; x_wconf 90' lang='lat' dir='ltr'>esse</span> <span class='ocrx_word' id='word_1_173' title='bbox 1424 2885 1816 2983; x_wconf 80' lang='lat' dir='ltr'>pollicitum</span> <span class='ocrx_word' id='word_1_174' title='bbox 1839 2937 1858 2972; x_wconf 83' lang='lat'>,</span> <span class='ocrx_word' id='word_1_175' title='bbox 1909 2884 2181 2960; x_wconf 82' lang='lat' dir='ltr'>nullam</span> <span class='ocrx_word' id='word_1_176' title='bbox 2228 2884 2404 2960; x_wconf 81' lang='lat' dir='ltr'>mihi</span> <span class='ocrx_word' id='word_1_177' title='bbox 2449 2883 2787 2960; x_wconf 72' lang='lat' dir='ltr'>ultionem</span> 
     </span>
     <span class='ocr_line' id='line_1_22' title="bbox 712 2999 2791 3100; baseline 0 -30"><span class='ocrx_word' id='word_1_178' title='bbox 712 2999 1159 3100; x_wconf 78' lang='lat' dir='ltr'>praestitisse23</span> <span class='ocrx_word' id='word_1_179' title='bbox 1190 3001 1345 3098; x_wconf 88' lang='lat' dir='ltr'>quis</span> <span class='ocrx_word' id='word_1_180' title='bbox 1364 3027 1506 3071; x_wconf 90' lang='lat' dir='ltr'>non</span> <span class='ocrx_word' id='word_1_181' title='bbox 1539 3001 1840 3099; x_wconf 90' lang='lat' dir='ltr'>impium</span> <span class='ocrx_word' id='word_1_182' title='bbox 1865 3029 2012 3092; x_wconf 90' lang='lat' dir='ltr'>me,</span> <span class='ocrx_word' id='word_1_183' title='bbox 2036 3003 2194 3099; x_wconf 90' lang='lat' dir='ltr'>quis</span> <span class='ocrx_word' id='word_1_184' title='bbox 2219 3029 2362 3074; x_wconf 90' lang='lat' dir='ltr'>uon</span> <span class='ocrx_word' id='word_1_185' title='bbox 2386 3001 2791 3074; x_wconf 87' lang='lat' dir='ltr'>sceleratum</span> 
     </span>
     <span class='ocr_line' id='line_1_23' title="bbox 711 3099 2793 3217; baseline 0 -29"><span class='ocrx_word' id='word_1_186' title='bbox 711 3137 1019 3216; x_wconf 89' lang='lat' dir='ltr'>putaret,</span> <span class='ocrx_word' id='word_1_187' title='bbox 1055 3116 1111 3187; x_wconf 90' lang='lat' dir='ltr'>si</span> <span class='ocrx_word' id='word_1_188' title='bbox 1146 3144 1287 3188; x_wconf 90' lang='lat' dir='ltr'>non</span> <span class='ocrx_word' id='word_1_189' title='bbox 1326 3099 1793 3216; x_wconf 77' lang='lat' dir='ltr'>impetrasset?</span> <span class='ocrx_word' id='word_1_190' title='bbox 1825 3121 2032 3191; x_wconf 88' lang='lat' dir='ltr'>Nune</span> <span class='ocrx_word' id='word_1_191' title='bbox 2059 3143 2217 3190; x_wconf 85' lang='lat' dir='ltr'>vero</span> <span class='ocrx_word' id='word_1_192' title='bbox 2249 3119 2561 3217; x_wconf 88' lang='lat' dir='ltr'>promisit</span> <span class='ocrx_word' id='word_1_193' title='bbox 2590 3117 2793 3190; x_wconf 91' lang='lat' dir='ltr'>ultio-</span> 
     </span>
     <span class='ocr_line' id='line_1_24' title="bbox 712 3230 2786 3332; baseline 0 -30"><span class='ocrx_word' id='word_1_194' title='bbox 712 3257 875 3302; x_wconf 85' lang='lat' dir='ltr'>nem</span> <span class='ocrx_word' id='word_1_195' title='bbox 914 3230 1333 3328; x_wconf 79' lang='lat' dir='ltr'>pleniorem,</span> <span class='ocrx_word' id='word_1_196' title='bbox 1368 3232 1648 3330; x_wconf 77' lang='lat' dir='ltr'>integris</span> <span class='ocrx_word' id='word_1_197' title='bbox 1689 3233 2166 3332; x_wconf 75' lang='lat' dir='ltr'>inviolatisque</span> <span class='ocrx_word' id='word_1_198' title='bbox 2202 3233 2531 3312; x_wconf 74' lang='lat' dir='ltr'>manibus</span> <span class='ocrx_word' id='word_1_199' title='bbox 2571 3232 2744 3306; x_wconf 85' lang='lat' dir='ltr'>meis</span> <span class='ocrx_word' id='word_1_200' title='bbox 2771 3255 2786 3272; x_wconf 87' lang='lat'><strong>·</strong></span> 
     </span>
     <span class='ocr_line' id='line_1_25' title="bbox 698 3344 2796 3445; baseline 0 -27"><span class='ocrx_word' id='word_1_201' title='bbox 698 3359 776 3418; x_wconf 82' lang='lat' dir='ltr'>&#39;et</span> <span class='ocrx_word' id='word_1_202' title='bbox 801 3344 946 3440; x_wconf 83' lang='lat' dir='ltr'>ipse</span> <span class='ocrx_word' id='word_1_203' title='bbox 974 3368 1163 3442; x_wconf 76' lang='lat' dir='ltr'>pater</span> <span class='ocrx_word' id='word_1_204' title='bbox 1182 3369 1486 3420; x_wconf 81' lang='lat' dir='ltr'>severus:</span> <span class='ocrx_word' id='word_1_205' title='bbox 1526 3373 1754 3445; x_wconf 84' lang='lat' dir='ltr'>neque</span> <span class='ocrx_word' id='word_1_206' title='bbox 1783 3346 1976 3420; x_wconf 79' lang='lat' dir='ltr'>enim</span> <span class='ocrx_word' id='word_1_207' title='bbox 2005 3367 2136 3436; x_wconf 87' lang='lat' dir='ltr'>est,</span> <span class='ocrx_word' id='word_1_208' title='bbox 2169 3346 2358 3444; x_wconf 83' lang='lat' dir='ltr'>quod</span> <span class='ocrx_word' id='word_1_209' title='bbox 2389 3345 2642 3445; x_wconf 84' lang='lat' dir='ltr'>putetis</span> <span class='ocrx_word' id='word_1_210' title='bbox 2675 3346 2796 3420; x_wconf 86' lang='lat' dir='ltr'>de-</span> 
     </span>
     <span class='ocr_line' id='line_1_26' title="bbox 707 3455 2786 3556; baseline 0.003 -28"><span class='ocrx_word' id='word_1_211' title='bbox 707 3457 920 3530; x_wconf 82' lang='lat' dir='ltr'>fuisse</span> <span class='ocrx_word' id='word_1_212' title='bbox 967 3458 1031 3530; x_wconf 86' lang='lat' dir='ltr'>ei</span> <span class='ocrx_word' id='word_1_213' title='bbox 1062 3459 1502 3556; x_wconf 76' lang='lat' dir='ltr'>gravitatem,</span> <span class='ocrx_word' id='word_1_214' title='bbox 1549 3461 1845 3546; x_wconf 77' lang='lat' dir='ltr'>defuisse</span> <span class='ocrx_word' id='word_1_215' title='bbox 1877 3461 1965 3536; x_wconf 83' lang='lat' dir='ltr'>ad</span> <span class='ocrx_word' id='word_1_216' title='bbox 1997 3455 2378 3536; x_wconf 83' lang='lat' dir='ltr'>vindictam</span> <span class='ocrx_word' id='word_1_217' title='bbox 2410 3462 2734 3550; x_wconf 81' lang='lat' dir='ltr'>animum</span> <span class='ocrx_word' id='word_1_218' title='bbox 2772 3489 2786 3528; x_wconf 92' lang='lat'>:</span> 
     </span>
     <span class='ocr_line' id='line_1_27' title="bbox 705 3574 2793 3678; baseline 0.001 -31"><span class='ocrx_word' id='word_1_219' title='bbox 705 3574 1047 3650; x_wconf 85' lang='lat' dir='ltr'>abdicavit</span> <span class='ocrx_word' id='word_1_220' title='bbox 1075 3603 1089 3648; x_wconf 67' lang='grc' dir='ltr'>ς</span> <span class='ocrx_word' id='word_1_221' title='bbox 1125 3597 1191 3649; x_wconf 87' lang='lat' dir='ltr'>et</span> <span class='ocrx_word' id='word_1_222' title='bbox 1216 3603 1359 3649; x_wconf 91' lang='lat' dir='ltr'>non</span> <span class='ocrx_word' id='word_1_223' title='bbox 1388 3578 1624 3654; x_wconf 75' lang='lat' dir='ltr'>fecisse</span> <span class='ocrx_word' id='word_1_224' title='bbox 1651 3578 1783 3650; x_wconf 83' lang='lat' dir='ltr'>hoe</span> <span class='ocrx_word' id='word_1_225' title='bbox 1816 3605 1982 3650; x_wconf 89' lang='lat' dir='ltr'>eum</span> <span class='ocrx_word' id='word_1_226' title='bbox 2011 3579 2342 3678; x_wconf 80' lang='lat' dir='ltr'>temporis</span> <span class='ocrx_word' id='word_1_227' title='bbox 2373 3601 2611 3665; x_wconf 79' lang='lat' dir='ltr'>causa,</span> <span class='ocrx_word' id='word_1_228' title='bbox 2639 3604 2793 3650; x_wconf 83' lang='lat' dir='ltr'>ma-</span> 
     </span>
     <span class='ocr_line' id='line_1_28' title="bbox 706 3690 2791 3795; baseline -0.001 -27"><span class='ocrx_word' id='word_1_229' title='bbox 706 3690 1043 3768; x_wconf 71' lang='lat' dir='ltr'>nifesmm·</span> <span class='ocrx_word' id='word_1_230' title='bbox 1064 3711 1479 3766; x_wconf 73' lang='lat' dir='ltr'>testamento</span> <span class='ocrx_word' id='word_1_231' title='bbox 1505 3693 1660 3764; x_wconf 81' lang='lat' dir='ltr'>fuit.</span> <span class='ocrx_word' id='word_1_232' title='bbox 1683 3696 1867 3792; x_wconf 76' lang='lat' dir='ltr'>Ergo</span> <span class='ocrx_word' id='word_1_233' title='bbox 1893 3717 2021 3770; x_wconf 86' lang='lat' dir='ltr'>nec</span> <span class='ocrx_word' id='word_1_234' title='bbox 2049 3695 2421 3795; x_wconf 81' lang='lat' dir='ltr'>pecuniam</span> <span class='ocrx_word' id='word_1_235' title='bbox 2447 3693 2622 3766; x_wconf 85' lang='lat' dir='ltr'>mihi</span> <span class='ocrx_word' id='word_1_236' title='bbox 2648 3693 2791 3792; x_wconf 84' lang='lat' dir='ltr'>pol-</span> 
     </span>
    </p>
   </div>
   <div class='ocr_carea' id='block_1_3' title="bbox 707 3875 2792 4353">
    <p class='ocr_par' dir='ltr' id='par_1_3' title="bbox 707 3875 2792 4353">
     <span class='ocr_line' id='line_1_29' title="bbox 786 3875 2788 3963; baseline 0.005 -31"><span class='ocrx_word' id='word_1_237' title='bbox 786 3900 802 3932; x_wconf 83' lang='lat'><em>1</em></span> <span class='ocrx_word' id='word_1_238' title='bbox 818 3923 828 3933; x_wconf 94' lang='lat'><em>.</em></span> <span class='ocrx_word' id='word_1_239' title='bbox 868 3879 939 3934; x_wconf 70' lang='lat' dir='ltr'>Ut</span> <span class='ocrx_word' id='word_1_240' title='bbox 965 3883 1227 3936; x_wconf 78' lang='lat' dir='ltr'>abdicaret</span> <span class='ocrx_word' id='word_1_241' title='bbox 1250 3883 1474 3955; x_wconf 82' lang='lat' dir='ltr'>fratrem</span> <span class='ocrx_word' id='word_1_242' title='bbox 1512 3906 1705 3938; x_wconf 85' lang='lat' dir='ltr'>meum.</span> <span class='ocrx_word' id='word_1_243' title='bbox 1789 3909 1873 3942; x_wconf 85' lang='lat' dir='ltr'>me</span> <span class='ocrx_word' id='word_1_244' title='bbox 1925 3887 2156 3944; x_wconf 76' lang='lat' dir='ltr'>heredem</span> <span class='ocrx_word' id='word_1_245' title='bbox 2213 3875 2512 3943; x_wconf 59' lang='lat' dir='ltr'>testdmento</span> <span class='ocrx_word' id='word_1_246' title='bbox 2550 3890 2788 3963; x_wconf 79' lang='lat' dir='ltr'>faceret,</span> 
     </span>
     <span class='ocr_line' id='line_1_30' title="bbox 710 3964 2786 4042; baseline 0.003 -28"><span class='ocrx_word' id='word_1_247' title='bbox 710 3964 853 4015; x_wconf 63' lang='grc' dir='ltr'>θυαε</span> <span class='ocrx_word' id='word_1_248' title='bbox 887 3965 1099 4017; x_wconf 72' lang='lat' dir='ltr'>ultimae</span> <span class='ocrx_word' id='word_1_249' title='bbox 1131 3983 1291 4019; x_wconf 80' lang='lat' dir='ltr'>voees</span> <span class='ocrx_word' id='word_1_250' title='bbox 1328 3968 1497 4018; x_wconf 82' lang='lat' dir='ltr'>nescit</span> <span class='ocrx_word' id='word_1_251' title='bbox 1529 3967 1707 4021; x_wconf 80' lang='lat' dir='ltr'>AErod.</span> <span class='ocrx_word' id='word_1_252' title='bbox 1789 3989 1948 4042; x_wconf 77' lang='lat' dir='ltr'>quum</span> <span class='ocrx_word' id='word_1_253' title='bbox 1970 3990 2086 4024; x_wconf 77' lang='lat' dir='ltr'>eum</span> <span class='ocrx_word' id='word_1_254' title='bbox 2110 3971 2401 4025; x_wconf 71' lang='lat' dir='ltr'>abdicasset.</span> <span class='ocrx_word' id='word_1_255' title='bbox 2427 3971 2554 4040; x_wconf 64' lang='lat' dir='ltr'>Quis</span> <span class='ocrx_word' id='word_1_256' title='bbox 2572 3970 2786 4021; x_wconf 67' lang='lat' dir='ltr'>vetabat.</span> 
     </span>
     <span class='ocr_line' id='line_1_31' title="bbox 708 4043 2792 4124; baseline 0.005 -35"><span class='ocrx_word' id='word_1_257' title='bbox 708 4054 766 4090; x_wconf 87' lang='lat' dir='ltr'>ut</span> <span class='ocrx_word' id='word_1_258' title='bbox 793 4055 845 4092; x_wconf 85' lang='lat' dir='ltr'>et</span> <span class='ocrx_word' id='word_1_259' title='bbox 869 4059 979 4115; x_wconf 79' lang='lat' dir='ltr'>seq.</span> <span class='ocrx_word' id='word_1_260' title='bbox 1006 4043 1075 4096; x_wconf 88' lang='lat' dir='ltr'>ad</span> <span class='ocrx_word' id='word_1_261' title='bbox 1102 4045 1225 4114; x_wconf 77' lang='lat' dir='ltr'>Quis</span> <span class='ocrx_word' id='word_1_262' title='bbox 1248 4046 1461 4098; x_wconf 79' lang='lat' dir='ltr'>vetabat.</span> <span class='ocrx_word' id='word_1_263' title='bbox 1486 4045 1711 4099; x_wconf 84' lang='lat' dir='ltr'>Videtur</span> <span class='ocrx_word' id='word_1_264' title='bbox 1862 4069 1908 4103; x_wconf 83' lang='lat'>2.</span> <span class='ocrx_word' id='word_1_265' title='bbox 1929 4051 2194 4106; x_wconf 80' lang='lat' dir='ltr'>Ultionem</span> <span class='ocrx_word' id='word_1_266' title='bbox 2205 4049 2509 4124; x_wconf 63' lang='lat' dir='ltr'>prestitisse.</span> <span class='ocrx_word' id='word_1_267' title='bbox 2526 4050 2666 4118; x_wconf 72' lang='lat' dir='ltr'>Lego</span> <span class='ocrx_word' id='word_1_268' title='bbox 2677 4065 2792 4120; x_wconf 81' lang='lat' dir='ltr'>pro-</span> 
     </span>
     <span class='ocr_line' id='line_1_32' title="bbox 709 4119 2786 4196; baseline 0.004 -29"><span class='ocrx_word' id='word_1_269' title='bbox 709 4122 957 4170; x_wconf 82' lang='lat' dir='ltr'>omissum</span> <span class='ocrx_word' id='word_1_270' title='bbox 972 4119 1199 4192; x_wconf 82' lang='lat' dir='ltr'>aliquid,</span> <span class='ocrx_word' id='word_1_271' title='bbox 1215 4137 1265 4174; x_wconf 86' lang='lat' dir='ltr'>et</span> <span class='ocrx_word' id='word_1_272' title='bbox 1281 4122 1559 4194; x_wconf 80' lang='lat' dir='ltr'>legendum</span> <span class='ocrx_word' id='word_1_273' title='bbox 1575 4146 1586 4174; x_wconf 94' lang='lat'>:</span> <span class='ocrx_word' id='word_1_274' title='bbox 1603 4124 1710 4176; x_wconf 81' lang='lat' dir='ltr'>Ab·</span> <span class='ocrx_word' id='word_1_275' title='bbox 1788 4129 2001 4196; x_wconf 78' lang='lat' dir='ltr'>misisse,</span> <span class='ocrx_word' id='word_1_276' title='bbox 2030 4144 2080 4180; x_wconf 87' lang='lat' dir='ltr'>et</span> <span class='ocrx_word' id='word_1_277' title='bbox 2103 4127 2307 4181; x_wconf 87' lang='lat' dir='ltr'>videtur</span> <span class='ocrx_word' id='word_1_278' title='bbox 2330 4126 2683 4180; x_wconf 80' lang='lat' dir='ltr'>differentiam</span> <span class='ocrx_word' id='word_1_279' title='bbox 2706 4139 2786 4176; x_wconf 75' lang='lat' dir='ltr'>at-</span> 
     </span>
     <span class='ocr_line' id='line_1_33' title="bbox 707 4200 2787 4280; baseline 0 -26"><span class='ocrx_word' id='word_1_280' title='bbox 707 4200 940 4267; x_wconf 70' lang='lat' dir='ltr'>dt‘coestet,</span> <span class='ocrx_word' id='word_1_281' title='bbox 966 4220 1066 4255; x_wconf 74' lang='lat' dir='ltr'>non</span> <span class='ocrx_word' id='word_1_282' title='bbox 1096 4204 1401 4258; x_wconf 62' lang='lat' dir='ltr'>instituisset.</span> <span class='ocrx_word' id='word_1_283' title='bbox 1432 4206 1557 4273; x_wconf 73' lang='lat' dir='ltr'>Quis</span> <span class='ocrx_word' id='word_1_284' title='bbox 1580 4216 1712 4257; x_wconf 70' lang='lat' dir='ltr'>veta-</span> <span class='ocrx_word' id='word_1_285' title='bbox 1791 4207 2018 4260; x_wconf 68' lang='lat' dir='ltr'>teudi-se</span> <span class='ocrx_word' id='word_1_286' title='bbox 2042 4209 2182 4261; x_wconf 78' lang='lat' dir='ltr'>inter</span> <span class='ocrx_word' id='word_1_287' title='bbox 2199 4206 2469 4280; x_wconf 73' lang='lat' dir='ltr'>polliceri,</span> <span class='ocrx_word' id='word_1_288' title='bbox 2493 4219 2546 4260; x_wconf 77' lang='lat' dir='ltr'>et</span> <span class='ocrx_word' id='word_1_289' title='bbox 2567 4203 2787 4277; x_wconf 62' lang='lat' dir='ltr'>promu-</span> 
     </span>
     <span class='ocr_line' id='line_1_34' title="bbox 707 4281 2152 4353; baseline 0.003 -20"><span class='ocrx_word' id='word_1_290' title='bbox 707 4281 937 4335; x_wconf 67' lang='lat' dir='ltr'>bat-Seu.</span> <span class='ocrx_word' id='word_1_291' title='bbox 950 4283 1708 4353; x_wconf 72' lang='lat' dir='ltr'>Foete‚utabdicaretfratreme</span> <span class='ocrx_word' id='word_1_292' title='bbox 1791 4296 1907 4339; x_wconf 76' lang='lat' dir='ltr'>tere.</span> <span class='ocrx_word' id='word_1_293' title='bbox 1934 4287 2152 4340; x_wconf 65' lang='lat' dir='ltr'>Senon.</span> 
     </span>
    </p>
   </div>
  </div>
 </body>
</html>
