3200 5117
762 520 890 595 224
976 487 984 498 ’
1260 517 1356 580 Μ
1404 517 1657 580 mnu
1702 514 2339 597 QUINTILIANI

1880 783 1972 805 w!
1979 783 2366 806 mm*

1594 985 2007 1063 CCCVI.

1031 1218 1431 1315 Expositus,
1464 1230 1730 1313 neyatoe
1755 1219 1991 1286 matris
2023 1219 2295 1315 nuptias
2321 1228 2572 1312 petens.
2591 1227 2602 1250 ²

755 1423 1015 1508 Maritus
1039 1442 1288 1504 peregre
1310 1419 1734 1504 proficiscens,
1757 1421 2054 1503 praecepit
2074 1422 2287 1496 uxori,
2311 1433 2382 1480 ut
2405 1432 2652 1502 partum
2674 1440 2858 1502 expo-

835 1533 1027 1582 neret.
1065 1520 1384 1602 Expositus
1420 1533 1510 1579 est
1546 1540 1717 1600 puer.
1757 1519 2019 1604 Maritus
2057 1540 2342 1601 peregre,
2375 1539 2565 1579 uxore
2598 1515 2852 1592 herede,

835 1615 1109 1677 decessit.
1146 1615 1293 1675 Post
1328 1627 1571 1697 tempus
1604 1611 1862 1693 quidam
1898 1613 2286 1689 adolescenS,
2319 1612 2494 1695 cujus
2527 1626 2673 1673 aetas
2710 1633 2854 1672 cum

835 1713 1233 1795 expositionis
1259 1723 1540 1792 tempore
1571 1710 1984 1790 congruebat,
2013 1712 2200 1794 coepit
2222 1710 2424 1771 dicere
2448 1732 2510 1770 se
2536 1707 2737 1769 filium
2753 1755 2770 1785 ,
2796 1723 2855 1769 et

745 1866 752 1875 .
834 1811 1005 1872 bona
1036 1811 1149 1871 sibi
1172 1809 1511 1871 vindicare.
1536 1808 1706 1869 Inter
1730 1828 1936 1878 moras
1954 1807 2171 1889 judicii
2187 1854 2205 1885 ,
2229 1808 2396 1870 bello
2420 1809 2585 1869 idem
2614 1807 2855 1868 adoles-

834 1930 977 1969 cens
1001 1908 1250 1969 fortiter
1270 1906 1432 1967 fecit.
1462 1906 1621 1966 Petit
1645 1906 1901 1988 praemio
1928 1906 2175 1989 nuptias
2197 1903 2356 1987 ejus,
2381 1926 2571 1988 quam
2593 1919 2854 1966 matrem

835 2005 1105 2081 dicebat,
1129 2020 1420 2065 manente
1442 2003 1654 2086 priore
1667 2003 1928 2085 judicio.
1953 2003 2020 2063 C.
2047 2004 2123 2065 D.

1457 2192 2153 2259 DECLAMATIO.

852 2354 1010 2425 Non
1038 2352 1137 2425 ita
1164 2379 1281 2425 me
1309 2352 1539 2453 prima
1566 2352 1759 2423 frons
1781 2365 1796 2395 ¹
1835 2377 2057 2424 causae
2086 2351 2532 2424 callidissima
2557 2352 2854 2451 optionis

757 2470 1197 2542 simulatione
1220 2469 1521 2570 decipit,
1552 2489 1631 2540 ut
1653 2467 1912 2541 mulier
1946 2468 2072 2541 ista
2105 2468 2556 2542 matrimonio
2585 2469 2850 2561 credat,

758 2586 946 2684 quod
991 2584 1204 2658 hodie
1250 2611 1463 2657 nemo
1511 2605 1808 2684 peteret,
1854 2584 1909 2657 si
1957 2612 2102 2656 non
2145 2568 2567 2658 recusaretur
2607 2612 2622 2655 :
2671 2582 2850 2655 illud

756 2699 977 2799 magis
1005 2726 1262 2789 vereor,
1299 2725 1387 2770 ne
1410 2699 1721 2799 juvenis,
1756 2699 1875 2798 qui
1907 2698 2091 2800 ejuS,
2132 2726 2345 2799 quam
2373 2717 2663 2769 matrem
2700 2722 2844 2769 esse

758 2815 1063 2905 dicebat,
1095 2813 1374 2913 nuptias
1407 2834 1632 2914 optat,
1666 2813 1977 2888 videatur
2005 2814 2176 2886 velle
2209 2814 2295 2886 ad
2327 2803 2565 2886 <terum
2600 2838 2849 2911 perve-

756 2929 943 3001 nire:
971 2956 1049 3000 ac
1069 2956 1186 3000 vos
1207 2929 1569 3002 latentium
1593 2928 1931 2999 natalium
1956 2928 2240 3001 credatis
2265 2927 2807 3027 experimentum
2826 2984 2846 3018 ,

757 3043 945 3141 quod
980 3042 1260 3133 mulier,
1297 3068 1448 3140 quae
1492 3062 1644 3141 post
1677 3042 2014 3114 amissum
2062 3041 2391 3114 maritum
2438 3069 2560 3143 per
2592 3062 2692 3114 tot
2722 3033 2850 3114 an-'

755 3185 918 3246 noS,
955 3158 1076 3259 qui
1107 3160 1327 3230 facere
1358 3178 1675 3256 poterant
1702 3157 1792 3230 ab
1828 3158 2126 3244 infantia
2157 3160 2383 3229 virum
2422 3159 2671 3229 fortem
2692 3216 2710 3247 ‚
2749 3156 2846 3227 sie

755 3274 1113 3372 complexa
1154 3295 1252 3346 est
1292 3273 1706 3345 viduitatem
1731 3331 1751 3359 ,
1793 3295 2156 3371 tamquam
2197 3299 2415 3373 genus
2452 3270 2845 3372 pudicitiae5

754 3390 944 3462 hunc
957 3392 1257 3492 jungere
1281 3392 1412 3464 sihi
1430 3418 1679 3464 venere
1702 3418 1852 3463 sera
1872 3406 1924 3481 ²,
1951 3412 2016 3463 et
2038 3391 2344 3490 polluere
2371 3387 2846 3488 complexibus

828 3610 849 3646 1
863 3634 874 3645 .
913 3593 1098 3646 Prima
1124 3595 1279 3666 frons
1312 3594 1520 3668 decipit.
1555 3592 1754 3647 Phaedr.

749 3673 839 3738 IV,
854 3672 1109 3744 prologo:
1140 3695 1161 3718 ι
1178 3672 1385 3745 Decipit
1402 3675 1570 3726 Frons
1588 3675 1757 3744 prima

755 3778 778 3802 οι
798 3755 1014 3807 multos.
1040 3778 1062 3802 n
1094 3783 1165 3795 --
1192 3753 1537 3808 Matrimonia
1568 3754 1753 3805 credat.

753 3835 909 3887 Cedat
924 3865 942 3898 9
963 3832 1094 3885 Obr.
1124 3832 1193 3885 Ut
1209 3830 1401 3884 mulier
1417 3834 1561 3885 istam
1580 3831 1760 3883 matr-i·

748 3916 917 3967 monii
932 3915 1130 3980 credat,
1156 3912 1355 3968 Schult.
1376 3943 1450 3953 —
1470 3912 1528 3965 Si
1549 3932 1657 3966 non
1683 3931 1756 3963 re-

749 4007 1027 4049 cusaretur.
1048 3997 1182 4048 Nam
1203 3997 1247 4048 si
1267 3997 1359 4067 qui
1377 3995 1583 4048 fortiter
1600 3995 1754 4061 fecit,

750 4091 1005 4147 speraret,
1017 4079 1290 4149 optionem
1306 4076 1512 4130 mulieri
1522 4077 1754 4148 placere,

749 4173 923 4227 neque
946 4160 1089 4224 fore,
1120 4172 1179 4211 ut
1202 4179 1269 4212 ne
1294 4178 1388 4230 per
1409 4172 1617 4211 aetatem
1640 4160 1759 4230 qui-

750 4232 873 4288 dem
914 4254 947 4289 a
986 4237 1186 4308 nuptiis
1228 4234 1535 4290 abhorrenn
1552 4274 1570 4303 ,
1612 4249 1757 4290 certe

1837 3597 2229 3648 matrimonium
2247 3613 2356 3647 non
2371 3606 2588 3665 peteret.
2610 3594 2747 3662 Ergo
2763 3610 2848 3643 ca·

1836 3674 2039 3726 vinacio
2065 3675 2331 3744 quaeritur,
2353 3688 2407 3725 et
2431 3676 2484 3724 in
2509 3671 2652 3722 iilam
2675 3668 2758 3722 vel
2785 3670 2847 3721 ii-

1838 3754 1942 3807 lam
1981 3768 2184 3828 partem
2199 3795 2218 3823 ,
2259 3774 2428 3809 causae
2463 3751 2845 3824 praejudicium.

1837 3839 2015 3889 AEnon.
2038 3838 2094 3889 Si
2115 3837 2267 3889 modo
2288 3845 2620 3901 recusaretur,
2640 3833 2841 3888 Schult.

1912 3933 1959 3966 α.
2008 3916 2206 3970 Venere
2245 3933 2372 3967 sera.
2416 3916 2487 3966 Ut
2526 3915 2741 3966 Tacitus
2776 3911 2844 3964 de

1835 3996 2144 4061 Germanis,
2183 4013 2249 4046 an
2283 4012 2407 4045 vero
2439 3992 2641 4066 effera,
2673 3989 2842 4062 qualis

1837 4088 1914 4126 est
1934 4077 1987 4125 in
2002 4076 2238 4127 incerto?
2252 4092 2320 4126 an
2329 4073 2535 4145 ferali?
2551 4075 2846 4145 anjunqcre

1835 4153 1931 4205 sibi
1954 4155 2120 4206 vinam
2135 4191 2154 4218 ‚
2183 4163 2235 4203 et
2259 4171 2421 4205 seram
2446 4150 2709 4224 polluere,
2738 4161 2843 4202 etc.

1837 4246 2038 4288 oetatem
2049 4239 2075 4288 ἓ
2095 4235 2315 4289 Senum.
