3200 5117
702 572 1549 662 D0ECLAMAT10NES.
1595 575 2069 643 CCCXXXV.
2304 582 2461 673 369*

340 696 502 769 scio.
533 695 667 779 Sed
698 722 840 767 non
870 720 1142 793 semper
1164 693 1252 765 ad
1285 693 1609 767 animum
1645 697 1997 795 pertinent
2017 697 2215 798 jura:
2249 705 2436 774 occi«

341 812 503 884 dere
532 811 876 892 adulteros
909 810 1015 881 lex
1041 809 1416 908 permittit:
1450 838 1578 908 ego
1609 812 1788 883 mihi
1820 813 1917 884 sic
1949 813 2222 905 irascor,
2246 837 2433 888 tam-

340 955 558 1025 quam
588 929 778 1000 nefas
804 924 1129 1017 fecerim3
1163 947 1283 998 aut
1313 926 1370 1000 si
1401 927 1574 1025 quid
1609 928 1684 999 in
1712 929 1841 1000 hac
1869 953 2063 1028 parte
2097 933 2435 1006 consolari

337 1042 587 1134 vultiS,
636 1042 814 1114 mori
859 1041 1055 1131 volo,
1104 1042 1294 1138 quod
1337 1041 1768 1114 adulterum¹
1804 1070 1948 1115 non
1991 1046 2235 1118 occidi.
2281 1051 2436 1120 Hoc

339 1179 616 1231 tantum
668 1185 782 1230 me
837 1156 1068 1229 dicere
1114 1157 1406 1256 putatis,
1458 1157 1649 1254 quod
1694 1185 1812 1230 me
1858 1186 2007 1230 non
2048 1162 2433 1254 vindicavi,

336 1274 530 1372 quod
571 1274 839 1362 nescio,
879 1272 1037 1370 quis
1077 1272 1328 1361 fuerit3
1370 1292 1437 1344 et
1474 1273 1651 1344 forte
1681 1294 1929 1373 perstet
1958 1275 2071 1347 hic
2105 1304 2435 1369 mecum,

336 1411 404 1462 et
434 1389 625 1489 quod
658 1390 784 1460 has
821 1414 1075 1459 manus
1103 1385 1429 1475 evaserit,
1465 1386 1866 1482 gratuletur,
1902 1388 2091 1485 qnod
2129 1417 2273 1462 non
2313 1418 2437 1462 oc·-

336 1507 519 1595 cidi,
546 1505 900 1577 vulneravi
931 1532 947 1575 :
985 1504 1076 1575 ita
1120 1502 1237 1573 ille
1278 1522 1345 1572 et
1376 1503 1600 1573 salvus
1635 1523 1770 1592 est,
1806 1525 1873 1574 et
1903 1503 2241 1578 beneficio
2275 1534 2436 1580 meo

333 1621 583 1693 vive12.
620 1619 945 1710 Poenitet‚
977 1616 1166 1714 quod
1195 1642 1338 1688 non
1370 1616 1457 1687 ab
1479 1616 1797 1689 adultero
1821 1620 2030 1718 coepi3
2062 1621 2242 1694 circa
2274 1650 2437 1695 uxo-

340 1760 491 1805 rem
520 1754 828 1805 moratus
860 1758 1018 1803 sum
1037 1788 1057 1820 ,
1092 1751 1450 1826 tamquam
1489 1731 1607 1801 illa
1634 1732 1793 1829 plus
1823 1733 2098 1807 sceleris
2124 1737 2431 1809 fecissetz

341 1847 623 1919 interim
645 1848 827 1944 fugit
845 1846 964 1917 ille
976 1844 1256 1944 juvenis
1280 1866 1348 1916 et
1364 1845 1577 1917 velox.
1600 1848 1782 1919 Mori
1802 1847 1992 1938 volo,
2019 1850 2208 1946 quod
2235 1853 2438 1924 adul-

341 1984 568 2036 terum
602 1988 745 2033 non
780 1962 1100 2033 invenio:
1147 1959 1338 2033 unde
1374 1961 1605 2034 venit?
1647 1963 1800 2062 quis
1839 1962 2214 2036 hominum
2258 1967 2438 2039 fuit?

341 2103 486 2148 non
533 2076 830 2148 inveniri
877 2076 954 2147 in
1005 2074 1271 2146 civitate
1319 2075 1683 2147 hominem
1728 2078 2224 2150 vulneratum?
2262 2107 2437 2176 quos

341 2219 469 2290 ego
514 2219 656 2264 non
683 2191 885 2264 -domi
925 2189 1235 2262 medicos
1273 2191 1613 2264 adhibui?
1648 2219 1896 2266 omnes
1936 2193 2091 2266 illos
2140 2195 2439 2268 interro-

341 2308 537 2406 gavi:
582 2334 759 2379 num
797 2307 950 2404 quis
990 2305 1209 2377 alius?
1246 2317 1671 2397 nemoerat,
1715 2309 1847 2380 nisi
1887 2335 2099 2406 quem
2135 2308 2437 2385 latrones

338 2424 917 2497 vulneraverunt:
955 2445 1023 2496 et
1057 2449 1247 2494 nunc
1280 2422 1396 2494 ille
1428 2413 1543 2498 me
1579 2423 1850 2500 deridet
1887 2424 2293 2523 ubicunque
2316 2485 2336 2519 ‚
2370 2450 2441 2503 et

337 2541 624 2611 fortasse
649 2540 800 2641 jam
831 2565 1038 2611 sanus
1071 2559 1190 2609 est.
1227 2538 1411 2610 Mori
1445 2537 1600 2609 volo
1631 2566 1645 2610 :
1682 2539 1839 2611 satis
1865 2538 2053 2639 justa
2084 2541 2437 2616 moriendi

339 2684 548 2729 causa
575 2677 755 2745 erat,
791 2656 846 2728 si
880 2654 1231 2727 calamitas
1260 2681 1417 2726 mea
1443 2655 1779 2746 hactenus
1812 2656 2117 2729 stetisset.
2152 2660 2440 2730 Accedit

337 2770 514 2860 huc,
546 2769 735 2867 quod
765 2769 1044 2841 fortuna
1068 2790 1300 2839 nostra
1331 2769 1524 2840 dedit
1555 2770 1758 2841 malis
1786 2771 2291 2869 suspicionem:
2327 2773 2441 2844 ni·-

339 2882 438 2955 hil
483 2904 583 2955 est
629 2884 759 2955 hoc
810 2882 998 2971 loco,
1043 2882 1180 2972 fili,
1226 2882 1415 2981 quod
1463 2910 1578 2954 me
1621 2885 1951 2982 suspicari
1994 2906 2238 2984 putes;
2288 2914 2435 2959 non

340 2997 691 3069 habebam
719 3013 995 3070 causam
1022 2997 1346 3095 parcendi
1375 2997 1588 3070 homo
1618 2999 1995 3096 periturus:
2029 3028 2157 3098 ego
2187 3015 2253 3072 te
2276 3029 2436 3073 vero

341 3112 787 3184 innocentem
811 3133 1014 3212 puto;
1046 3138 1124 3182 ac
1149 3110 1203 3181 si
1233 3137 1374 3183 non
1395 3112 1639 3199 crediS,
1669 3114 1933 3202 curavi,
1963 3116 2235 3185 sanavi:
2264 3116 2438 3186 alio-

338 3228 496 3324 qui,
531 3250 596 3299 te
631 3249 696 3300 et
727 3227 934 3299 hodie
970 3226 1400 3298 occidissem.
1445 3228 1728 3297 Constat
1766 3225 1895 3297 tibi
1942 3226 1970 3272 3
1996 3228 2429 3301 innocentia:

336 3342 454 3413 sed
493 3369 859 3439 nunquam
896 3361 1116 3440 potest
1155 3361 1460 3412 constare
1501 3339 1629 3410 sibi
1672 3343 1897 3410 fama:
1936 3340 2036 3410 vis
2076 3343 2243 3413 scire
2278 3370 2431 3442 quae
2542 3409 2559 3432 χ

339 3458 611 3532 inimici
642 3458 855 3530 nostri
883 3455 1302 3557 loquantur?
1330 3456 1430 3528 ira
1451 3477 1686 3528 actum
1706 3483 1818 3527 me
1840 3456 1914 3527 in
1936 3456 2227 3530 latrones
2256 3459 2430 3531 inci-

413 3661 462 3699 1.
495 3646 645 3716 Quod
670 3646 979 3699 adulter-m.
1014 3646 1163 3718 Quod
1192 3643 1341 3698 adul—
1420 3647 1519 3716 giis
1563 3643 1739 3698 malim
1780 3647 1849 3697 ita
1898 3644 2069 3715 legere
2090 3684 2106 3712 ,
2146 3645 2432 3719 loquantur·

341 3739 468 3782 tems
492 3747 544 3779 η.
571 3746 621 3779 ο.
647 3729 825 3779 AErod.
1423 3728 1573 3780 irati:
1599 3727 1757 3778 mein
1780 3727 2003 3780 latrones
2021 3727 2276 3789 incidisse,
2301 3724 2431 3777 solet

394 3824 461 3860 a.
497 3806 620 3857 Meo
654 3805 805 3858 vivet.
835 3808 959 3858 Meo
991 3805 1148 3869 vivit,
1181 3806 1343 3856 Fran·
1408 3805 1567 3880 fieri.-
1602 3827 1857 3860 summum
1896 3821 1966 3861 est
2003 3827 2251 3881 sequens,
2288 3805 2425 3872 scio,

338 3889 467 3940 cius.
489 3888 790 3941 -Deridet
805 3887 1115 3958 ubicunque.
1135 3886 1346 3936 Deridet
1421 3888 1508 3939 sed
1537 3905 1717 3952 nemo,
1751 3901 1835 3937 etc
1879 3892 2146 3938 Ριτιιοεοε.
2180 3883 2427 3936 ΔΞι-οιίἰιιο

343 3968 634 4039 ubicunque
670 3977 772 4033 cst,
816 3965 992 4018 AErod.
1030 3993 1103 4005 --
1130 3964 1343 4015 Accedit
1421 3965 1487 4018 de
1528 3967 1786 4017 sententia
1829 3966 2060 4018 Brissoni
2093 3986 2105 4014 ε
2158 3964 2431 4015 Mirantur

339 4048 448 4099 huc.
469 4049 685 4101 Accedit
704 4048 827 4111 boc,
854 4046 1031 4100 AErod.
1421 4063 1505 4096 me
1541 4045 1594 4094 in
1635 4044 1870 4096 latrones.
1913 4045 2041 4111 Quae
2081 4044 2198 4113 ipsa
2236 4055 2427 4094 veritas

408 4130 461 4181 3.
493 4132 706 4182 Constat
737 4131 831 4183 tibi
863 4128 1176 4180 &inocentia-
1206 4126 1342 4190 Sibi,
1424 4136 1530 4176 est:
1557 4141 1656 4175 nec
1678 4122 1862 4174 debuit
1883 4121 2115 4174 Pithoeus
2134 4120 2275 4172 aliud
2297 4118 2429 4191 quid

336 4208 605 4273 Latinium
646 4225 697 4263 et
735 4212 806 4262 ita
839 4208 1022 4260 AErod.
1057 4206 1235 4259 edidit.
1273 4237 1346 4248 --
1425 4220 1670 4272 quaerere.
1693 4201 1855 4268 Quod
1880 4202 2072 4252 deinde
2100 4202 2323 4270 graviter·
2353 4200 2429 4250 af-

336 4286 424 4338 lre
440 4300 597 4342 actum.
619 4291 703 4343 sio
725 4302 830 4342 vet.
853 4285 986 4340 cod.
1012 4289 1161 4358 cujus
1185 4287 1345 4338 vesti-
1423 4285 1621 4337 fectum
1641 4297 1737 4337 est.
1756 4283 2033 4336 AErodiuse
2056 4299 2313 4335 nmmum
2332 4282 2429 4332 m'oe

546 4377 599 4429 e.
2074 4369 2140 4436 24
2216 4465 2225 4474 .
