3200 5117
723 552 1554 620 DECLAMATIONES.
1603 551 2043 622 ccchIV.
2301 566 2421 652 4¹7

342 703 773 777 quaecunque
823 705 903 751 ex
944 678 1224 752 adverso
1271 679 1634 771 dicuntur,
1677 682 1944 754 Donavi
1987 682 2176 754 enim
2217 712 2432 785 pecu-

342 795 535 867 niam
555 810 603 886 ¹,
626 817 692 868 et
707 796 959 869 servavi
981 822 997 866 ε
1025 816 1122 886 et,
1145 823 1285 893 quo
1302 796 1462 898 jure
1487 796 1916 897 prohibetur,
1942 825 2023 872 eo
2047 802 2428 899 pertinent,

345 931 419 982 ut
460 935 781 1011 appareat
819 912 1229 1010 inscriptum
1278 939 1420 985 esse
1443 971 1462 1004 ,
1503 914 1694 1010 quod
1733 914 2014 1014 objicio.
2057 919 2205 990 Hac
2242 941 2431 1017 parte

343 1024 540 1098 finita
562 1047 627 1097 et
648 1025 1040 1118 constituta,
1064 1047 1496 1099 transeamus
1523 1028 1611 1098 ad
1638 1055 1817 1116 eam,
1841 1056 1993 1126 quae
2019 1031 2280 1129 reliqua
2302 1057 2427 1125 cst,

341 1161 406 1211 et
433 1140 791 1214 ostendam
826 1168 969 1213 esse
1005 1140 1506 1213 maleficium2.
1538 1141 1906 1215 Nihildum
1939 1144 2025 1216 de
2045 1145 2294 1219 ‘animo
2321 1149 2428 1219 di-

336 1253 487 1326 vitis
517 1254 786 1354 loquor,
819 1255 1141 1328 nondum
1171 1254 1389 1353 prodo
1423 1281 1691 1345 causas»,
1723 1278 1999 1355 propter
2026 1287 2195 1358 quas
2230 1261 2427 1334 fecit:

335 1367 567 1441 solum
597 1369 801 1441 fuisse
825 1369 1052 1440 filium
1075 1394 1320 1440 meum
1341 1369 1591 1440 credite
1612 1391 1996 1442 amatorem
2018 1376 2390 1447 meretricis
2410 1407 2429 1465 3

334 1480 499 1554 huic
528 1482 956 1581 redemptam
983 1508 1124 1553 esse
1154 1483 1625 1555 meretricem:
1659 1483 1814 1556 dico
1842 1486 1974 1558 hoc
1999 1514 2139 1561 esse
2163 1490 2434 1562 malefi-

334 1595 527 1669 cium
546 1652 565 1686 ‚
596 1616 665 1668 et
690 1596 977 1694 quidem
1007 1597 1332 1668 oninium
1363 1597 1869 1670 maleficiorum
1903 1603 2425 1699 gravissimum:

334 1715 510 1787 levia
557 1736 721 1786 sunt
771 1713 930 1802 illa,
979 1739 1133 1811 quae
1180 1713 1690 1811 patrimonium
1738 1717 2212 1816 populantur3
2255 1720 2430 1795 levia

337 1828 584 1919 etiam,
615 1851 766 1926 quae
795 1827 1120 1899 adversus
1152 1852 1398 1925 corpus
1432 1828 1942 1926 excogitantur:
1982 1832 2113 1903 hoc
2146 1859 2289 1906 non
2324 1856 2428 1907 est

336 1943 507 2041 legis
549 1942 807 2014 viribus
849 1941 1393 2032 vindicandum,
1437 1943 1627 2042 quod
1673 1945 1860 2016 saevit
1904 1946 2228 2019 adversus
2274 1950 2429 2020 ani-

336 2055 584 2128 mum?
617 2057 873 2128 Utrum
906 2054 1119 2155 igitur
1150 2054 1323 2128 dicis
1356 2081 1503 2127 non
1531 2084 1676 2130 esse
1710 2056 2019 2131 deforme
2042 2116 2061 2147 ‚
2100 2087 2245 2132 non
2282 2089 2426 2134 esse

336 2172 607 2262 inutile,
633 2171 1068 2245 meretricem
1097 2170 1291 2243 domi
1309 2171 1606 2245 habere?
1634 2200 1724 2246 an
1755 2201 1945 2265 eum,
1980 2176 2100 2273 qui
2131 2203 2278 2248 rem
2313 2178 2428 2250 de·

332 2288 631 2360 formem
658 2308 863 2384 atque
887 2285 1207 2358 inutilem
1229 2286 1559 2376 effecerit,
1588 2309 1735 2358 non
1756 2313 1900 2360 esse
1920 2289 2247 2362 maleficii
2274 2290 2423 2391 lege

332 2401 953 2503 comprehensum?
973 2400 1368 2500 cuicunque
1389 2401 1790 2473 mortalium
1810 2429 2009 2501 grave
2030 2424 2204 2494 erat,
2226 2405 2422 2478 domi

332 2519 584 2591 habere
617 2517 1094 2590 meretricem:
1133 2516 1266 2588 hoc
1305 2537 1481 2589 certe
1505 2544 1770 2590 nomen
1805 2546 1932 2591 suo
1962 2520 2112 2592 loco
2146 2541 2418 2593 tantum

328 2636 612 2709 fortasse
664 2634 974 2706 deforme
1018 2652 1161 2722 est3
1211 2632 1625 2706 translatum
1682 2634 1758 2705 in
1815 2634 2109 2707 domum
2133 2693 2153 2726 ‚
2211 2637 2420 2709 etiam

329 2751 822 2850 periculosum.
858 2751 1105 2822 Dicam
1140 2776 1332 2822 nunc
1370 2776 1530 2850 ergo
1572 2750 1690 2823 hic
1732 2750 2177 2852 interceptam
2221 2779 2418 2851 spem

330 2889 667 2966 nepotum
695 2924 715 2956 ‚
772 2867 1216 2966 inquinatam
1284 2867 1410 2938 filii
1463 2867 1604 2940 mei
1664 2870 1926 2940 famam
1950 2927 1969 2958 ,
2018 2870 2416 2941 futurorum

331 3009 608 3082 quoque
638 3010 989 3056 annorum
1025 3007 1219 3082 spem
1254 3010 1396 3056 esse
1424 2984 1813 3056 sublatam:
1845 2986 1978 3057 hoc
2010 2985 2257 3086 igitur,
2295 2986 2414 3083 qui

329 3097 528 3188 fecit,
558 3124 699 3169 non
727 3119 943 3196 potest
969 3124 1113 3170 non
1141 3097 1494 3170 admisisse
1524 3098 2141 3172 maleficium.·Sed
2170 3101 2420 3197 peritu-

331 3238 478 3300 rus,
510 3211 765 3311 inquit,
793 3233 965 3301 erat,
998 3212 1129 3284 nisi
1156 3212 1225 3283 id
1254 3212 1604 3284 fecissem:
1634 3212 1807 3300 scio,
1840 3238 1992 3309 quae
2021 3234 2246 3311 partes
2271 3216 2421 3285 fne-

327 3327 468 3397 rint
513 3328 864 3399 severioris
906 3328 1153 3426 patris:
1199 3327 1457 3399 diceret
1503 3325 1654 3416 ille,
1695 3326 2027 3399 Mallem:
2077 3327 2289 3401 levior
2328 3329 2414 3400 ad

326 3468 439 3512 me
482 3440 679 3514 dolor
723 3442 1138 3540 pervenisset
1171 3468 1250 3513 ex
1282 3461 1526 3513 morte.
1570 3439 1888 3512 Infelices
1925 3440 2210 3538 quidem
2235 3498 2254 3530 ‚
2290 3443 2412 3538 qui

324 3554 575 3627 liberos
606 3584 763 3629 suos
804 3557 891 3629 ad
934 3584 1180 3657 rogum
1230 3556 1527 3628 deflent:
1563 3581 1928 3626 summum
1967 3556 2276 3628 orbitatis
2319 3577 2418 3626 cst

326 3668 631 3759 malum,
665 3663 1091 3743 desiderare:
1137 3670 1269 3742 hoc
1313 3696 1472 3741 vero
1516 3668 1951 3740 intolerabile
1991 3690 2130 3759 est,
2177 3669 2413 3767 lugere

324 3780 703 3871 viventem3
736 3784 1001 3882 quoties
1034 3784 1361 3873 occurrit,
1400 3783 1598 3872 flere3
1636 3783 2245 3883 plenas·quasdam
2276 3783 2413 3853 du-

323 3921 476 3966 cere
501 3897 855 3995 exsequias
885 3897 1256 3996 dignitatis.
1288 3899 1435 3995 Ego
1464 3923 1629 3970 sane
1658 3896 1836 3969 hanc
1862 3897 1992 3968 tibi
2028 3895 2412 3968 remiserim

320 4033 621 4110 partem,
670 4041 812 4113 qua
853 4012 1119 4113 colligis
1156 4013 1572 4088 moriturum
1617 4014 1860 4087 fuisse:
1900 4035 2136 4085 utrum
2177 4037 2409 4085 amore

397 4207 442 4242 1.
467 4191 675 4245 Donavi
692 4194 833 4245 enim
849 4195 1144 4265 pecuniam.
1161 4194 1326 4248 Puto:
1482 4211 1529 4245 2.
1553 4194 1626 4245 Et
1654 4192 1918 4246 ostendam
1950 4211 2047 4244 csse
2076 4187 2389 4265 maleficium

322 4268 513 4322 donavi
534 4289 703 4324 meam
720 4274 1021 4344 pecuniam.
1047 4273 1212 4327 Gnon.
1411 4275 1634 4345 Utique,
1660 4284 1712 4324 et
1732 4275 2064 4328 ostendamus.
2091 4275 2321 4325 Gnoxov.

541 4359 592 4412 6.
2102 4379 2164 4432 27
