3200 5117
738 553 1570 621 DECLAMATIONES.
1620 556 2064 626 CCLXXXI.
2324 562 2440 650 157

1383 823 2336 851 mmmmm
2343 830 2440 851 m

1104 1023 1691 1101 CCLXXXI.

944 1250 1385 1324 Abdicandus
1411 1276 1567 1323 cum
1592 1252 1848 1350 qlade‘o.

364 1453 486 1531 Qui
517 1451 858 1528 abdicatur,
885 1454 1281 1515 contradicit:
1319 1455 1478 1513 inter
1501 1474 1705 1515 moras
1723 1453 1939 1537 judicii
1957 1500 1976 1532 ‚
2004 1458 2212 1519 stricto
2240 1459 2445 1543 gladio

443 1553 709 1612 occurrit
736 1553 802 1611 in
834 1551 1168 1613 solitudine
1202 1553 1397 1635 patri:
1433 1553 1709 1632 rogavit,
1748 1567 1815 1614 ut
1852 1554 1966 1614 sibi
2000 1556 2447 1620 abdicationem

440 1651 771 1712 remitteret
790 1696 808 1727 ,
841 1664 902 1712 et
936 1653 1137 1734 coegit
1162 1649 1411 1733 jurare:
1453 1649 1686 1731 juravit
1712 1651 1851 1731 ille,
1880 1667 1940 1714 et
1968 1670 2207 1717 accusat
2241 1656 2442 1719 filium

443 1747 768 1829 parricidii.

1225 1882 1587 1949 SERMO.

453 2047 837 2111 Narratione
880 2042 1375 2134 praeparandum
1412 2061 1544 2126 est,
1584 2062 1659 2110 ut
1696 2047 2010 2135 quoniam
2053 2048 2230 2115 nulla
2268 2068 2444 2117 certa

362 2174 559 2216 causa
583 2167 681 2215 est
703 2150 1128 2216 abdicationis
1145 2199 1161 2228 ‚
1187 2148 1488 2215 videatur
1510 2168 1696 2239 pater
1717 2154 2047 2242 parricidii
2070 2158 2442 2246 suspicione

363 2254 634 2334 fecisse,
676 2273 741 2321 et
778 2255 893 2320 has
928 2253 1192 2320 insidias
1226 2255 1625 2344 praevidisse.
1660 2261 2070 2345 Quaestiones
2103 2261 2229 2328 iuae
2258 2279 2441 2342 sunt,

363 2384 449 2425 an
478 2359 562 2426 ad
589 2362 804 2450 legem
831 2361 1157 2450 parricidii
1190 2361 1340 2425 satis
1366 2361 1450 2426 sit
1473 2361 1754 2451 probare
1772 2415 1789 2440 ‚
1821 2365 2039 2432 hocin
2062 2389 2178 2432 reo
2205 2390 2442 2459 propo-

366 2467 563 2532 situm
586 2467 820 2535 fuisse:
850 2491 935 2534 an
958 2468 1088 2533 hoc
1109 2468 1523 2556 propositum
1549 2468 1707 2534 huic
1732 2470 1952 2536 fuerit.

1050 2663 1751 2730 DECLAMATIO.

458 2818 776 2891 Primum
810 2820 942 2891 hoc
971 2820 1143 2891 mihi
1178 2820 1547 2920 responde,
1582 2847 1676 2893 an
1705 2822 1995 2895 occisuri
2021 2821 2265 2895 habitu
2291 2824 2447 2895 fue-

370 2935 458 3007 ris
485 2964 499 3006 :
538 2964 678 3008 non
711 2934 903 3008 enim
938 2935 1064 3007 tibi
1095 2935 1402 3036 proderit
1428 2937 1666 3010 dixisse
1685 2994 1704 3027 ‚
1729 2965 1871 3011 non
1894 2939 2042 3011 feci.
2066 2941 2446 3037 Nunquam

372 3075 562 3120 mens
607 3049 789 3122 exitu
838 3049 1243 3121 aestimanda
1286 3071 1385 3121 est
1422 3078 1438 3122 ε
1489 3079 1658 3123 nam
1705 3073 1772 3124 et
1816 3054 1938 3150 qui
1981 3054 2323 3152 impetum
2372 3053 2445 3124 in

375 3182 631 3257 patrem
677 3162 905 3234 stricto
951 3160 1180 3260 gladio
1227 3162 1528 3250 fecisset,
1578 3165 1916 3254 retent'uS,
1963 3165 2256 3255 diceret,
2305 3193 2446 3238 non

374 3277 590 3348 occidi
610 3305 631 3372 ;
653 3279 709 3350 si
732 3305 1083 3350 venenum
1108 3298 1425 3377 paratum
1459 3277 2097 3377 deprehendissem,
2129 3281 2444 3374 ¹diceres,

372 3417 514 3464 non
552 3394 807 3466 occidi:
847 3395 1019 3491 quin
1055 3394 1265 3466 etiam
1298 3395 1353 3465 si
1383 3395 1801 3493 permittitur
1831 3396 1955 3467 ista
1990 3396 2343 3488 defensi03
2381 3420 2449 3470 et

367 3506 481 3580 ille
526 3511 748 3608 potest
790 3511 1014 3582 dicere
1063 3536 1134 3582 se
1184 3536 1327 3582 non
1376 3510 1744 3600 occidisse,
1794 3511 1918 3610 qui
1968 3538 2444 3609 percussorem

368 3627 806 3699 summiserit.
842 3627 1014 3699 Satis
1048 3654 1208 3726 ergo
1244 3647 1343 3699 est
1377 3629 1664 3726 probare
1697 3627 2016 3700 animum
2053 3628 2444 3728 parricidae:

372 3762 698 3838 superest,
722 3762 802 3814 ut
820 3742 1148 3840 cogitetis»,
1176 3769 1264 3814 an
1289 3739 1399 3814 hic
1424 3742 1743 3814 animum
1765 3741 2103 3815 habuerit.
2129 3743 2202 3815 Si
2226 3737 2449 3813 occul-

375 3854 509 3926 tius
541 3878 710 3929 esset
742 3857 1139 3957 conjectura
1183 3858 1535 3950 ducenda,
1574 3859 1912 3949 dicerem,
1953 3879 2227 3956 turpem
2275 3855 2448 3928 ado-

371 3968 735 4042 lescentem
759 3999 775 4043 :
799 3973 1103 4044 dicerem
1122 4028 1141 4062 ,
1168 3972 1528 4044 abdicatus
1550 3993 1680 4045 est:
1715 3972 1836 4045 etsi
1868 3972 2197 4045 innocens
2226 3969 2445 4069 magis

300 4073 311 4080 ’
368 4087 614 4184 poterit
657 4087 877 4161 irasci.
927 4087 1060 4160 Sed
1106 4087 1275 4184 quid
1322 4115 1600 4160 causam
1651 4089 1931 4160 infirmo
1978 4086 2321 4159 dicendo?
2371 4087 2444 4160 in

445 4272 489 4310 ι.
511 4255 967 4330 Deprehendissem
979 4297 998 4324 ,
1020 4255 1224 4310 diceres.
1248 4258 1453 4311 Diceret
1471 4258 1723 4310 Francius
1747 4254 2003 4322 malebat,
2023 4268 2076 4309 et
2091 4256 2164 4310 ita
2183 4254 2440 4308 AErodius.
