3200 5117
727 583 1562 652 DECLAMATIONES.
1610 584 2124 651 cccxxxlv.
2338 585 2463 651 363

368 853 724 876 nm

1986 853 2469 877 mmmm

1078 1043 1762 1123 CCCXXXIV.

756 1278 1138 1349 Proditoris
1169 1288 1523 1348 accusator
1546 1289 1669 1344 ex¹
1710 1274 2076 1372 defensore.

367 1480 514 1541 Cum
535 1493 853 1540 DAMNATo‘*
873 1500 1262 1540 Pnom‘rtoms
1283 1498 1595 1538 PA‘rnoNus
1616 1497 1902 1538 Ειειτιι-ιτ.
1926 1478 2122 1539 Affuit
2140 1499 2246 1540 reo
2267 1479 2473 1561 prodi·

450 1577 668 1651 tionis;
696 1575 1018 1636 absolutus
1041 1589 1160 1634 est:
1188 1572 1286 1633 ille
1308 1574 1461 1655 petit
1485 1573 1563 1632 ab
1591 1572 1876 1634 absoluto
1902 1576 2255 1656 pecuniam,
2282 1597 2471 1657 quam

450 1687 665 1754 pactus
689 1687 854 1732 erat:
883 1694 1016 1732 non
1042 1672 1296 1731 dantem
1325 1670 1546 1731 detulit
1569 1691 1745 1731 reum
1774 1672 2182 1754 proditionis:
2211 1672 2471 1734 damna-

453 1771 562 1829 vit.
590 1772 825 1830 Petitur
852 1771 920 1830 in
953 1770 1258 1831 exsilium.

1071 1958 1770 2025 DECLAMATIO.

474 2113 647 2184 CUM
687 2129 1046 2186 DAMNATo
1089 2125 1555 2188 Pnomrlo'ms
1589 2129 2093 2189 ET'PATRONUS
2123 2135 2468 2188 Exsum‘r.

374 2229 808 2300 Damnatum
835 2255 980 2301 esse
1013 2230 1438 2329 proditorem
1472 2252 1738 2303 certum
1773 2251 1906 2323 est,
1943 2252 2012 2304 et
2041 2231 2234 2303 hunc
2260 2231 2476 2305 fuisse

376 2363 800 2442 patronum:
852 2371 992 2443 quo
1038 2345 1254 2417 modo
1303 2366 1538 2418 tamen
1588 2344 2032 2418 defenditur?
2077 2371 2217 2443 quo
2264 2346 2473 2418 modo

378 2458 804 2556 proditorem
848 2458 1180 2533 defendit.
1226 2464 1378 2533 Hoc
1423 2461 1517 2533 sic
1557 2481 2020 2561 persuaserat,
2065 2459 2270 2531 etiam
2315 2480 2475 2532 ante

378 2573 971 2672 experimentum,
1015 2576 1289 2648 nullam
1338 2602 1482 2648 esse
1525 2575 1806 2675 ingenio
1853 2599 1977 2647 suo
2013 2573 2276 2645 malam
2316 2600 2480 2644 cau-

376 2714 545 2760 sam.
573 2690 730 2761 Non
754 2689 858 2761 fui
877 2746 896 2779 ,
927 2690 1189 2790 inquit,
1219 2711 1554 2790 patronus
1583 2717 1666 2762 eo
1687 2688 1960 2791 judicio
1979 2745 1998 2779 ,
2029 2714 2169 2789 quo
2194 2687 2479 2758 damna·

377 2821 488 2872 tus
533 2823 672 2873 est:
722 2803 778 2874 si
827 2804 1040 2875 verba
1090 2805 1261 2904 legis
1310 2805 1564 2876 intueri
1608 2803 1945 2896 velimus,
1997 2802 2174 2874 nihil
2212 2801 2345 2873 hoe
2388 2796 2493 2873 ad·

378 2937 785 3015 praesentem
809 2920 1643 3021 cognitionem-pertinet:
1667 2919 1823 2992 satis
1848 2939 1948 2992 est
1971 2917 2479 3016 enim⁴probare

382 3052 450 3103 et
473 3032 677 3105 illum
707 3035 1124 3134 proditorem
1147 3094 1166 3128 ‚
1198 3059 1263 3110 et
1296 3058 1363 3110 te
1393 3059 1765 3137 patronum
1789 3037 2000 3108 fuisse
2027 3033 2476 3134 quandoque.

381 3149 515 3221 Sed
565 3151 967 3247 videamuS,
1025 3155 1196 3253 quid
1251 3176 1478 3227 secuta
1530 3155 1619 3225 sit
1668 3154 1822 3225 lex:
1881 3177 2028 3224 non
2079 3149 2479 3222 mehercule

378 3284 657 3338 tantum
690 3290 933 3367 putem
966 3269 1341 3369 providisse
1380 3269 1912 3369 legumlatorem
1932 3324 1950 3358 ‚
1981 3286 2331 3366 quantum
2362 3263 2481 3336 ad-

379 3399 612 3453 versus
653 3403 719 3455 te
758 3383 1183 3482 probamus:
1227 3405 1600 3484 patronum
1642 3383 1833 3457 enim
1872 3382 2097 3456 voluit
2133 3379 2481 3470 exsulare,-

379 3519 526 3565 non
570 3497 952 3569 conscium.
998 3498 1127 3570 Illa
1166 3525 1443 3600 prorsus
1485 3498 1758 3570 locutus
1796 3522 1958 3568 cum
1997 3492 2336 3565 advocatis
2379 3493 2482 3566 vi-

459 3688 504 3723 1.
525 3671 809 3726 Proditores
825 3687 1152 3729 accusatore.
1174 3677 1224 3729 d.
1255 3679 1390 3730 Pro-
1475 3698 1497 3722 ιι
1517 3676 1574 3726 in
1621 3676 1792 3727 causis
1839 3673 1998 3724 etiem
2043 3685 2299 3724 nocentes
2319 3701 2338 3736 ·›‘
2381 3671 2481 3721 Viri

382 3750 593 3804 ditionis
623 3766 911 3821 accusator,
947 3757 1125 3809 AErod.
1474 3776 1495 3799 a
1514 3752 1672 3818 boni,
1698 3753 1741 3803 si
1766 3751 2044 3803 necessarii
2070 3764 2221 3816 sunt,
2248 3767 2360 3800 non
2386 3747 2481 3799 de-

456 3846 505 3881 2.
531 3833 658 3883 Cum
680 3832 943 3886 damnato.
966 3835 1187 3901 Quintil.
1204 3838 1269 3900 V,
1296 3852 1386 3904 to,
1474 3857 1495 3880 ιι
1515 3831 1812 3885 fendendos
1827 3847 1940 3885 esse
1954 3832 2358 3903 nonputnnt.1n
2373 3828 2483 3881 hoe

384 3906 428 3978 §.
448 3924 544 3977 107
561 3930 574 3960 ε
594 3912 728 3962 *Lex
747 3925 843 3976 est,
858 3914 965 3981 Qui
982 3915 1117 3984 patri
1133 3912 1390 3984 proditio·
1474 3937 1497 3960 ι
1515 3915 1733 3966 crimine
1772 3931 1881 3966 non
1924 3913 2099 3965 solum
2134 3912 2359 3964 levitatis
2398 3925 2477 3964 est

380 3988 463 4039 uis
502 4005 595 4040 reo
628 4008 738 4041 non
777 3992 1017 4056 affuerit,
1047 3991 1263 4044 exheres
1301 3995 1385 4044 sit.
1474 4017 1497 4042 ι
1516 3992 1897 4067 culpa‚vet·um
1920 3996 2077 4046 etiam
2099 3994 2345 4064 contagio
2366 4011 2480 4045 sce-

380 4070 550 4142 Negat
563 4068 719 4137 filius,
731 4073 992 4144 nisipater
1001 4071 1277 4126 absolutus
1292 4075 1383 4127 tit:
1473 4101 1496 4124 σι
1516 4076 1640 4130 ieris
1653 4116 1669 4144 ‚
1695 4078 1739 4128 ei
1761 4075 2016 4128 defendas
2035 4091 2155 4127 eum
2169 4112 2186 4140 ‚
2206 4091 2363 4147 quem
2380 4074 2480 4127 ob-

383 4151 512 4221 quid
539 4154 705 4224 sigui?
726 4155 833 4206 Lex
852 4154 1043 4220 altera,
1067 4154 1386 4208 Proditionis
1473 4177 1495 4201 κ
1515 4157 1757 4208 strictum
1791 4175 1905 4208 esse
1930 4156 2111 4228 patriae
2139 4155 2423 4225 suspicere.
2448 4179 2471 4204 ιο

382 4228 660 4286 damnatus
674 4252 796 4287 eum
812 4231 1071 4285 advocato
1087 4233 1389 4288 exsulenci-
1464 4233 1737 4308 -Affia't-
1757 4236 2018 4289 Pau-um
2038 4253 2109 4287 ea*
2119 4245 2277 4305 pacto
2290 4235 2477 4308 ’defen-

384 4324 503 4361 cero
519 4329 619 4382 pro
639 4314 696 4365 L.
719 4311 855 4383 Sylla
868 4348 887 4378 ‚
905 4331 1023 4385 cap.
1049 4331 1076 4366 τι
1096 4335 1109 4364 =
1137 4335 1160 4360 ι
1174 4313 1386 4368 Cateria
1464 4316 1711 4388 sioniaf..·
1725 4318 1990 4389 mpmd.
2005 4314 2474 4370 absolutum-saAEu.
