3200 5117
958 568 1796 640 DECLAMATIONES.
1846 574 1937 638 11.
2365 572 2489 640 525
2566 672 2577 685 ,

387 728 688 801 quoque
722 726 956 773 rerum
991 728 1118 773 sua
1146 701 1400 798 gratia:
1437 720 1534 771 est
1567 697 1891 798 quaedam
1921 698 2304 771 formarum
2327 712 2346 743 ¹
2383 726 2493 770 vo-

385 816 660 915 luptas.
701 817 975 888 Miraris
1015 815 1072 886 si
1097 814 1395 912 ²aliquis
1433 841 1577 884 non
1620 814 1964 912 sapienter
2001 835 2222 904 amat,
2266 840 2491 912 quum

383 931 704 1031 incipere
742 956 973 1003 amare
1015 956 1160 1001 non
1201 929 1286 1000 sit
1326 926 1705 1027 sapientis?
1747 926 1839 997 da
1875 925 2047 996 mihi
2089 953 2289 998 sanos
2328 952 2493 997 mu-

383 1045 588 1118 lieris
638 1045 909 1118 oculos:
951 1072 1161 1117 nemo
1209 1043 1478 1116 adulter
1527 1040 1922 1113 formosus³
1976 1060 2097 1112 est:
2162 1042 2492 1113 Periturae

383 1159 744 1258 pudicitia:
773 1161 1075 1233 minima
1106 1178 1207 1230 est
1238 1158 1312 1229 in
1338 1184 1417 1229 eo
1442 1155 1864 1244 sollicitudo,
1897 1155 2492 1253 quemadmodum

384 1294 677 1371 pereat:
718 1275 1077 1373 proprium
1129 1293 1232 1344 est
1280 1273 1581 1371 profanae
1635 1269 1946 1342 libidinis
2001 1270 2305 1359 nescire&
2353 1297 2491 1367 quo

385 1390 622 1462 cadat.
659 1390 800 1460 Ubi
835 1389 1050 1460 semel
1087 1386 1314 1486 pudor
1350 1386 1641 1477 corruit,
1673 1386 1871 1458 nulla
1903 1386 2247 1458 inclinatis
2279 1386 2350 1456 in
2384 1386 2493 1456 vi-

384 1505 579 1575 tium
606 1503 859 1575 animis
888 1504 1091 1574 ruina
1119 1503 1453 1574 deformis
1477 1523 1613 1574 est:
1643 1503 1696 1574 is
1722 1501 2011 1573 demum
2041 1501 2321 1572 libidini
2343 1501 2495 1601 pla-

392 1619 586 1704 cuit,
622 1617 695 1687 in
729 1642 942 1715 quem
975 1643 1116 1688 non
1152 1635 1377 1715 posset
1410 1615 1640 1686 mariti
1676 1614 1914 1688 cadere
1949 1615 2273 1715 suspicio.

1151 1822 1336 1867 PARS
1394 1821 1751 1869 ALTERA:

504 1949 607 2018 lta
628 1973 770 2019 non
793 1946 1021 2047 majus
1042 1967 1144 2019 est
1162 1967 1656 2045 argumentum
1676 1945 2032 2047 pudicitiae
2050 1944 2237 2045 quod
2256 1975 2491 2047 parere

399 2061 661 2154 voluit,
707 2089 922 2160 quam
970 2064 1456 2162 impudicitiae,
1505 2064 1693 2162 quod
1744 2062 2158 2137 infeliciter4
2181 2065 2493 2162 peperit?

399 2176 622 2249 Vides
655 2199 933 2277 partum
967 2178 1142 2250 laesis
1172 2180 1448 2250 fortasse
1470 2179 1847 2251 visceribus
1880 2206 2276 2251 excussum:
2307 2180 2494 2252 mul-

403 2312 562 2363 tum
595 2294 888 2365 fortunae
923 2294 1131 2365 etiam
1168 2294 1345 2365 intra
1375 2313 1652 2366 uterum
1688 2295 1885 2366 licet:
1915 2294 2101 2365 vides
2134 2294 2491 2393 sanguinis

399 2408 568 2479 vitio
609 2430 959 2508 perustam
1003 2430 1276 2481 cutem:
1307 2408 1608 2480 colorem
1647 2409 1934 2508 putas⁵;
1976 2409 2166 2481 istud
2208 2411 2489 2485 fortasse

402 2589 456 2628 et
493 2578 637 2630 mala
666 2577 878 2648 forma,
918 2580 1115 2649 passim
1153 2580 1401 2631 occurrit.

480 2674 524 2709 1.
547 2660 639 2711 Est
653 2659 894 2731 quoedam
904 2659 1204 2730 formarum
1225 2659 1407 2731 volup-

401 2746 493 2789 tas.
536 2739 728 2789 Forte:
772 2749 847 2790 est
884 2738 1124 2811 quaedam
1166 2739 1406 2810 infamioe

400 2813 668 2887 voluptas3
692 2816 773 2867 vel
803 2816 1133 2886 deformium.
1163 2815 1401 2869 Gnouov.

476 2913 523 2946 2.
565 2898 777 2947 Miraris
815 2898 874 2948 si.
907 2897 1038 2949 Vide
1081 2897 1150 2948 ad
1183 2898 1404 2966 Quintil.

403 2972 549 3022 Decl.
574 2973 826 3037 CCan3
852 2986 906 3023 et
926 2993 1048 3025 mox
1069 2975 1218 3027 Decl.
1244 2977 1333 3028 IV.

474 3053 525 3103 3.
569 3055 851 3107 Formosus.
899 3056 1141 3107 Fortasse
1182 3057 1369 3110 meliue
1388 3095 1405 3123 ‚

404 3148 511 3183 non
518 3130 794 3201 forinosus.
817 3134 959 3183 Pt‘rn.
982 3131 1296 3184 particulam
1316 3154 1409 3186 ne-

403 3208 564 3280 gandi
585 3211 769 3261 inserit
788 3208 1036 3261 Pithoeus.
1057 3210 1178 3261 Non
1200 3212 1406 3282 inepte,

406 3293 450 3342 si
482 3289 548 3341 de
579 3289 785 3362 perdita
819 3302 870 3342 et
902 3291 1150 3361 projectae
1178 3291 1407 3345 libidinis

402 3372 616 3422 foemina
635 3370 740 3422 hoc
759 3371 1061 3422 efferretur:
1086 3370 1178 3422 sed
1200 3390 1306 3424 nou
1325 3391 1408 3425 se-

403 3451 697 3522 parandum
722 3450 826 3502 hoc
849 3450 1140 3503 membrum
1167 3471 1195 3504 a
1222 3473 1409 3524 praece·

404 3531 580 3584 denti:
607 3533 688 3583 Da
711 3532 845 3585 mihi
867 3551 1015 3584 sanos
1037 3532 1266 3585 mulieris
1290 3553 1408 3586 ocu-

404 3608 480 3663 los
494 3632 509 3660 .-
533 3629 684 3663 nemo
698 3609 908 3662 adulter
912 3609 1176 3679 formosus
1189 3625 1275 3663 est.
1295 3615 1408 3664 [loc

405 3705 520 3743 est:
557 3714 579 3737 ιι
601 3693 760 3743 Uxori
787 3690 939 3742 bonae
968 3694 1156 3743 mentis
1186 3712 1283 3744 uec
1315 3695 1408 3744 Ni-

405 3791 525 3827 reus
546 3792 645 3826 nec
665 3772 1071 3844 Parthenopaeus
1088 3772 1404 3844 placebunt:

405 3855 539 3906 infra
564 3853 870 3926 pudicitiam
896 3854 995 3905 erit
1022 3854 1208 3903 forma.
1241 3853 1323 3905 Sic
1353 3856 1407 3906 in

404 3939 725 3989 contrarium
742 3954 840 3987 uec
857 3933 1060 3988 moecha
1082 3936 1278 3988 formas
1300 3934 1407 3990 dis·

403 4020 625 4088 tinguit,
653 4017 779 4069 dum
809 4017 958 4068 satiet
989 4013 1277 4068 libidinem.
1307 4017 1406 4071 Gn.

402 4096 622 4149 Dubitat
669 4095 734 4148 de
776 4094 856 4147 his
900 4093 1130 4146 Pithoeus
1150 4133 1166 4159 .,
1207 4109 1258 4147 et
1300 4115 1406 4148 non

403 4175 560 4228 vellet
592 4179 874 4228 insertum:
908 4173 999 4225 sed
1031 4172 1157 4224 nihil
1194 4187 1406 4225 mutan-

405 4250 531 4313 dum
549 4276 561 4304 ε
580 4256 681 4308 nisi
701 4255 817 4326 quis
834 4251 980 4305 malit
998 4254 1120 4319 erit,
1139 4270 1296 4327 quam
1316 4263 1402 4304 cst.

1484 2579 1707 2631 Senum.
1732 2609 1806 2620 —
1836 2580 1950 2650 Quo
1974 2578 2142 2631 cadat.
2174 2580 2285 2649 Quo
2309 2579 2488 2647 cadat,

1485 2661 1576 2712 ubi
1584 2660 1745 2713 semel
1747 2661 2132 2732 pudorcomtit.
2148 2659 2335 2713 Nulla.
2349 2662 2493 2712 Pir-u.

1558 2742 1609 2808 4.
1640 2742 1790 2812 Quod
1808 2760 1991 2814 parem
2015 2739 2209 2809 noluit,
2234 2751 2330 2792 etc.
2356 2743 2495 2813 quod

1487 2820 1789 2891 infeliciter.
1804 2822 1978 2886 Forte,
1994 2820 2176 2886 voluit,
2189 2839 2345 2891 quam
2364 2821 2487 2891 imp.

1486 2903 1629 2972 quod
1667 2901 1942 2973 infelicior.
1989 2904 2134 2953 Prrn.
2178 2903 2275 2952 Hic
2311 2920 2492 2973 parere

1487 2977 1658 3031 voluit
1666 3000 1685 3040 ,-
1707 2993 1758 3030 et
1776 2997 1926 3045 mox,
1946 2980 2085 3051 quod
2104 2980 2155 3030 in
2150 2978 2389 3049 feliciter
2404 2999 2493 3051 pe-

1484 3057 1651 3124 perit,
1677 3056 1959 3127 legendum
1982 3076 2096 3109 esse
2120 3056 2247 3108 mihi
2271 3056 2490 3111 dubium

1489 3134 1696 3187 videtur
1716 3136 1937 3188 nullum.
1964 3141 2192 3190 Pertinet
2214 3138 2319 3190 huc
2343 3140 2489 3192 locus

1490 3232 1552 3264 ex
1566 3214 1882 3282 Quintiliani
1894 3217 2118 3285 junioris
2132 3217 2280 3269 Decl.
2297 3219 2488 3286 XVIII,

1488 3312 1607 3365 cap.
1630 3296 1691 3348 3:
1720 3317 1742 3340 ι
1764 3314 1878 3368 quae
1896 3295 2161 3368 pudicitiae
2180 3299 2344 3368 prima
2361 3299 2490 3351 fidu-

1493 3392 1516 3417 ·
1537 3374 1617 3423 cia
1639 3385 1745 3439 est,
1765 3371 1928 3426 edidit
1948 3387 2184 3445 partum,
2205 3394 2360 3446 quem
2382 3397 2490 3430 ma·

1494 3474 1517 3499 ιι
1537 3454 1667 3505 ritus
1691 3468 2028 3524 agnosceret:
2054 3474 2161 3508 non
2192 3459 2394 3525 timuit,
2422 3479 2490 3511 ne

1494 3557 1517 3582 ιι
1537 3550 1717 3606 stupra
1761 3534 2092 3607 furtivosque
2136 3538 2452 3591 concubitus
2471 3580 2489 3606 ‚

1493 3636 1515 3660 a
1535 3612 1741 3683 parvuli
1764 3613 1966 3680 vultu8‚
1992 3628 2082 3666 aut
2104 3618 2386 3668 crescentis
2410 3619 2491 3668 in-

1494 3713 1517 3736 ·
1537 3692 1709 3742 fantiae
1733 3691 2019 3743 similitudo
2042 3691 2252 3762 (malim
2275 3692 2490 3747 dissimi-

1495 3794 1516 3818 οι
1537 3770 1706 3823 litudo
1727 3771 1748 3842 )
1790 3771 2074 3844 detegeret.
2101 3800 2121 3823 ι
2162 3766 2382 3825 Scnutxr.
2419 3805 2490 3819 —-

1491 3850 1772 3905 Visceribus
1795 3870 2073 3905 excussum.
2092 3851 2246 3905 ovid.
2274 3853 2367 3923 Ep.
2388 3854 2488 3921 xl,

1487 3929 1548 3994 41
1573 3951 1585 3980 2
1627 3952 1648 3975 ιι
1672 3931 1739 3981 Ut
1776 3931 1989 3999 penitus
2026 3931 2219 3980 nostris
2260 3928 2397 4001 (hoc
2437 3947 2488 3986 te

1492 4029 1516 4053 α
1535 4006 1817 4059 celavimus
1834 4008 2022 4079 unum)
2036 4007 2336 4063 Visceribus
2351 4029 2489 4063 cres-

1492 4113 1514 4136 ιι
1533 4107 1659 4141 cens
1682 4102 2013 4141 excuteretur
2037 4108 2189 4142 onus.
2211 4114 2233 4137 ι

1557 4170 1605 4222 5.
1637 4170 1869 4223 Colorem
1894 4181 2062 4242 putas.
2092 4173 2291 4224 Putas?
2316 4174 2483 4225 inter-

1483 4254 1735 4324 rogative.
1761 4252 1977 4305 Scirum.
