3200 5117
742 587 821 652 72
902 585 911 594 ¹
1238 560 1329 624 M.
1360 557 1628 624 -FABII
1675 557 2311 642 QUINTILIANI

738 686 939 758 detur
992 683 1497 783 patrimonium
1549 707 1792 754 meum
1823 737 1842 773 ,
1903 682 2184 780 pulsant
2231 682 2532 752 frontem
2583 709 2817 756 meam

738 798 1186 898 caeduntque,
1236 799 1447 870 etiam
1489 798 1543 868 si
1590 817 1891 883 taceant,
1946 798 2091 896 ipso
2147 797 2389 868 habitu
2409 833 2433 886 ,·
2477 797 2625 896 ipsa
2671 796 2823 869 tris-

739 913 922 1003 titia,
956 913 1104 1011 ipso
1142 912 1457 984 silentio:
1490 912 1610 983 sed
1660 934 1730 985 et
1775 930 2051 1010 rogant,
2091 932 2159 983 et
2197 910 2822 1009 provolvuntur-ad

741 1053 1011 1126 genua:
1050 1053 1182 1098 ‘nec
1223 1025 1399 1096 mihi
1450 1025 1605 1114 illa,
1649 1025 1893 1097 saltem
1925 1024 2287 1116 simulata,
2331 1047 2410 1097 ut
2441 1026 2820 1124 plerisque,

743 1140 1080 1212 excusatio
1128 1161 1469 1238 superest,
1520 1162 1599 1212 ut
1642 1141 1916 1228 dicam,
1962 1141 2120 1211 Non
2165 1167 2469 1238 possum.
2501 1143 2616 1211 Tu
2661 1165 2821 1212 vero

744 1275 974 1342 tanto,
1026 1252 1453 1343 adolescens,
1514 1254 1791 1341 fortior,
1848 1272 2057 1350 atque
2113 1254 2307 1324 omni
2366 1253 2572 1325 laude
2599 1309 2618 1340 ,
2675 1280 2824 1324 non

744 1368 816 1440 in
858 1389 1087 1439 nostra
1132 1368 1343 1440 modo
1391 1388 1736 1466 tempora,
1781 1367 2152 1442 sedetiam
2199 1368 2273 1439 in
2322 1370 2552 1439 futura
2584 1368 2823 1440 omnia

744 1475 975 1546 secula
1003 1475 1311 1573 dignior,
1347 1474 1532 1547 solus
1565 1475 1742 1545 mihi
1771 1474 2170 1545 mortalium
2196 1474 2445 1547 videris
2477 1501 2682 1545 usum
2709 1500 2824 1572 pe-

744 1588 970 1660 cuniae
1010 1588 1439 1660 intellexisse.
1489 1591 1766 1659 Frustra
1796 1586 1922 1657 tibi
1957 1586 2189 1684 aliqua
2234 1587 2512 1657 fortuna
2554 1607 2824 1659 tantum

745 1703 1246 1800 patrimonium
1294 1701 1520 1790 dedit,
1566 1722 1635 1772 et
1666 1701 1741 1772 in
1776 1701 1980 1772 breve
2015 1700 2310 1771 humani
2349 1721 2624 1801 tempus
2664 1701 2823 1790 aevi,

743 1818 955 1890 veluti
1005 1818 1265 1915 grande
1314 1816 2002 1917 pondus'imposuit:
2046 1814 2584 1912 relinquendum
2611 1831 2627 1859 ¹
2685 1835 2829 1887 erat

745 1931 962 2022 istud,
998 1953 1065 2004 et
1097 1959 1199 2004 res
1228 1932 1576 2004 transisset
1596 1931 1689 2003 ad
1713 1930 1918 2020 alios;
1953 1929 2377 2027 quandoque
2410 1929 2828 2030 locupletem

676 2135 683 2138 „
745 2048 1013 2120 fecisset
1054 2048 1294 2120 nescio
1346 2076 1557 2145 quem
1608 2074 1794 2119 mors
1838 2047 2166 2118 liberalis.
2223 2045 2432 2122 Libet
2473 2047 2825 2119 vobiscum

749 2161 943 2260 loqui
974 2182 1210 2234 nostro
1241 2163 1562 2252 nomine,
1606 2162 1785 2235 avari
1821 2162 2200 2260 parcique,·
2229 2162 2350 2259 qui
2392 2160 2656 2258 aliquid
2687 2187 2830 2233 non

747 2276 985 2349 fecisse
1015 2278 1287 2350 sordide
1308 2334 1327 2368 ,
1364 2267 1516 2380 jam
1551 2277 1760 2350 etiam
1789 2276 2009 2350 scelus
2040 2276 2457 2349 existimatis.
2482 2279 2641 2347 Non
2669 2297 2835 2348 sunt

749 2390 875 2462 ista
914 2393 1203 2494 ferenda
1250 2393 1616 2486 nobiscum
1649 2421 1664 2464 :
1722 2419 1954 2490 neque
1990 2391 2078 2463 ad
2112 2393 2368 2464 inferos
2409 2410 2667 2464 servata
2710 2417 2835 2490 per

750 2503 965 2576 vitam
993 2506 1271 2579 fortuna
1299 2506 1755 2605 persequitur-t
1796 2505 1994 2577 Tolle
2025 2533 2278 2595 usum,
2300 2506 2469 2604 quid
2498 2527 2598 2577 est
2627 2531 2836 2603 pecu-

752 2617 912 2689 nia?
954 2620 1130 2716 quis·
1158 2620 1368 2717 igitur
1407 2648 1570 2694 usus
1618 2620 2007 2694 honestior?
2039 2620 2314 2692 nullus:
2351 2647 2480 2692 nec
2523 2619 2640 2691 hic
2683 2618 2833 2717 lege

754 2732 967 2831 possit
1008 2733 1156 2806 fieri
1195 2761 1377 2824 reus,
1414 2735 1468 2806 si
1518 2735 1700 2807 hanc
1733 2736 1954 2833 ipsam
2005 2735 2415 2833 pecuniam,
2458 2761 2671 2833 quam
2716 2760 2838 2832 per

750 2865 851 2917 tot
891 2847 1230 2919 beneficia
1261 2848 1525 2940 divisit,
1568 2873 1691 2949 per
1723 2849 1963 2946 gulam
1995 2869 2448 2946 ventremque
2489 2847 2839 2921 transmit-

754 2981 963 3034 teret:
1019 2962 1197 3054 nihil
1244 2965 1476 3037 obesse
1541 2965 1940 3063 reipublicae
1985 2963 2356 3050 videretur,
2411 2965 2465 3036 si
2512 2964 2835 3035 vitiorum

754 3075 1093 3148 institores
1143 3076 1271 3150 hos
1319 3078 1599 3150 eosdem
1646 3101 1964 3177 sumptus
2008 3078 2409 3151 divisissent.
2480 3081 2625 3176 Ego
2674 3102 2837 3149 vero

752 3191 918 3263 huic
970 3219 1365 3292 comparare
1405 3221 1494 3266 ne
1527 3193 1681 3266 illos
1724 3195 2013 3292 quidem
2051 3195 2297 3283 timeo,
2342 3192 2464 3289 qui
2495 3191 2733 3290 aliqua
2764 3190 2834 3261 in

754 3331 903 3376 rem
947 3308 1304 3404 publicam
1352 3336 1560 3407 opera
1594 3329 2012 3408 posuerunt:
2063 3308 2207 3382 haec
2254 3305 2442 3379 enim
2489 3325 2726 3395 muta,
2774 3326 2842 3376 et

756 3419 1083 3491 humanis
1103 3443 1336 3495 tamen
1360 3445 1750 3500 constructa
1769 3424 2100 3496 manibus
2115 3438 2168 3514 ²,
2189 3445 2256 3496 et
2273 3422 2573 3522 speciem
2596 3420 2804 3494 modo
2817 3477 2837 3510 ,

753 3554 820 3605 et
844 3534 1125 3606 brevem
1160 3537 1542 3634 quemdam
1576 3566 1783 3611 usum
1813 3538 2286 3636 voluptatibus
2314 3539 2559 3611 nostris
2587 3535 2838 3607 attule-

750 3672 935 3722 runt.
985 3656 1080 3723 At
1130 3652 1413 3726 hercule
1472 3657 1850 3727 referamus
1894 3653 1985 3726 ad
2019 3651 2254 3744 illam,
2311 3653 2396 3726 de
2443 3678 2581 3750 qua
2625 3648 2838 3720 modo

749 3764 1026 3839 locutus
1056 3794 1213 3839 sum
1233 3824 1253 3858 ,
1287 3770 1589 3868 speciem
1617 3797 1632 3840 2
1665 3789 1925 3868 quanto
1956 3767 2314 3866 pulchrius
2337 3768 2686 3863 integrum
2722 3790 2840 3863 po·

829 3963 874 3998 1.
898 3945 1332 4020 Relinquendum.
1360 3947 1542 4000 Horat.
1566 3949 1642 4013 11,
1668 3947 1754 4000 od.
1838 3948 2150 4000 muneribus.
2174 3948 2253 3998 De
2269 3942 2593 4015 gladiatoriis
2612 3943 2841 3995 muneri·

762 4025 849 4092 14,
871 4046 944 4080 vs.
976 4046 1033 4081 21
1057 4051 1071 4080 τ
1107 4052 1130 4076 ι
1150 4030 1466 4101 Linquenda
1488 4028 1644 4081 tellus
1660 4066 1677 4096 ,
1707 4041 1759 4081 et
1840 4028 1941 4080 bus
1959 4030 2214 4101 loquitur,
2239 4038 2292 4078 et
2311 4042 2424 4095 quae
2446 4024 2529 4078 his
2547 4025 2707 4091 flunt,
2728 4041 2842 4076 am-

761 4130 783 4152 ·
802 4107 1018 4175 domus,
1043 4123 1096 4163 et
1118 4111 1333 4181 placens
1358 4116 1523 4175 Uxor,
1546 4123 1648 4162 etc.
1670 4134 1693 4160 n
1837 4109 2166 4181 phitheatris.
2205 4105 2407 4161 Eodem
2453 4109 2711 4177 pertinet,
2749 4103 2844 4175 qui

834 4204 882 4238 α.
895 4187 1155 4242 Humanis
1164 4200 1337 4240 tamen
1350 4199 1639 4242 constructa
1649 4207 1760 4241 ma·
1840 4194 2071 4263 inqentes
2081 4192 2359 4242 noxiorum
2365 4185 2612 4260 familias
2628 4184 2843 4239 occisuri

758 4256 917 4312 nibus.
931 4259 1137 4312 Habent
1148 4261 1353 4333 priores
1368 4258 1492 4313 edit.
1513 4260 1759 4315 humanis
1840 4278 2013 4323 tamen
2033 4278 2267 4341 pascunt.
2293 4265 2527 4319 Gnoson
