3200 5117
847 526 972 591 512
1342 523 1436 586 M.
1486 521 1739 584 FABII
1781 520 2422 601 QUINTILIANI
2531 532 2539 538 '

839 672 976 721 nax
1002 644 1243 733 facies,
1273 657 1371 716 et¹
1413 643 1539 716 tibi
1571 647 1963 742 opportuna
1990 644 2377 716 secundum
2406 645 2551 744 ipsa
2581 645 2939 719 habitanti

839 761 1071 850 litora,
1102 771 1283 831 non²
1306 757 1670 857 rapienda,
1701 757 1822 829 sed
1846 758 2302 856 exspectanda
2328 757 2630 833 obsessio
2660 780 2768 831 est
2797 787 2813 830 :
2852 761 2941 833 ita

841 874 1148 965 babitaS,
1191 895 1270 946 ut
1309 874 1434 945 tibi
1470 873 1678 945 etiam
1721 872 2251 971 tranquillitates
2290 873 2538 972 eligere
2577 875 2939 949 fastidiose

842 991 1066 1063 liceat.
1103 991 1280 1062 Sane
1314 1009 1552 1062 tamen
1583 988 1883 1061 adversis
1915 990 2467 1088 tempestatibus,
2502 1012 2569 1063 et
2588 991 2943 1063 saevienti-

843 1107 972 1179 bus
1007 1133 1078 1179 se
1107 1105 1313 1178 undis
1342 1106 1587 1178 offerre
1621 1103 1938 1176 libuerit:
1976 1130 2066 1178 ne
2095 1104 2226 1176 hoc
2263 1106 2547 1204 quidem
2583 1106 2941 1204 periculo-

844 1247 1000 1293 sum
1025 1247 1041 1292 :
1068 1218 1406 1295 venientis
1434 1219 1626 1291 enim
1651 1217 1899 1291 fluctus
1916 1276 1935 1308 ‚
1957 1239 2026 1291 et
2044 1220 2518 1318 consurgentis
2541 1220 2703 1292 freti
2724 1222 2937 1293 facies

843 1355 1001 1407 ante
1044 1354 1283 1421 terret,
1331 1360 1544 1430 quam
1588 1332 1868 1431 decipit.
1911 1332 2205 1405 Utinam
2247 1333 2537 1431 quidem
2580 1333 2933 1433 ejusmodi

844 1447 1366 1547 tempestatibus
1393 1445 1768 1546 productus
1794 1473 2006 1538 esses,
2037 1447 2242 1546 puer!
2279 1468 2355 1523 tu
2380 1448 2609 1546 potius
2636 1470 2930 1520 matrem

843 1565 1223 1664 reliquisses
1247 1562 1297 1633 3.
1347 1562 1669 1661 Denique
1714 1589 1854 1659 quo
1903 1584 2212 1662 tempore
2256 1562 2711 1635 submersus?
2762 1564 2929 1635 dum

844 1679 1195 1780 applicant
1215 1678 1482 1778 piratae,
1509 1704 1599 1749 an
1625 1677 1825 1751 ante?
1847 1679 2150 1751 necdum
2177 1677 2346 1751 scis?
2370 1698 2515 1749 tam
2548 1705 2801 1750 secura
2824 1678 2927 1751 es?

840 1795 971 1867 hoc
1014 1794 1213 1866 matri
1263 1819 1411 1867 non
1453 1792 1680 1864 credo.
1724 1795 1871 1864 Cur
1913 1791 2106 1864 enim
2151 1818 2362 1864 nemo
2409 1818 2491 1862 ex
2534 1791 2925 1891 paedagogis

838 1909 1048 1984 vidit?
1085 1909 1139 1981 si
1169 1909 1373 2001 vidit,
1410 1935 1534 1981 cur
1572 1908 1911 1981 laboranti
1943 1908 2278 1981 auxilium
2314 1935 2463 1981 non
2496 1907 2703 1980 tulit?
2734 1911 2925 1983 Dum

837 2023 1225 2123 applicant,
1270 2048 1544 2095 necesse
1585 2044 1686 2094 est
1719 2023 1963 2122 utique
1993 2043 2162 2095 tunc
2188 2023 2450 2096 fluctus
2485 2023 2834 2112 vitaverit,
2866 2044 2927 2095 et

835 2140 979 2239 ipse
1003 2166 1280 2239 quoque
1310 2139 1566 2238 piratas
1595 2140 1869 2238 fugerit.
1903 2144 2016 2212 An
2044 2166 2203 2211 vero
2228 2139 2483 2213 eodem
2516 2160 2833 2240 tempore
2865 2161 2925 2211 et

836 2255 1049 2353 pirata
1078 2253 1411 2354 applicat,
1441 2274 1509 2325 et
1538 2254 1787 2326 fluctus
1810 2253 2193 2354 praedatur?
2226 2281 2391 2353 rogo
2418 2282 2536 2326 ¹vos
2556 2311 2574 2344 ,
2608 2254 2731 2354 qui
2767 2276 2924 2326 ante

836 2369 1205 2442 adventum
1244 2390 1429 2443 tutus
1467 2371 1635 2459 fuit,
1670 2370 1968 2442 adventu
2004 2371 2237 2468 piratae
2271 2370 2509 2469 periit?
2542 2371 2688 2442 Cur
2721 2396 2922 2467 ergo,

836 2482 1131 2582 inquit4‚
1167 2511 1375 2557 nemo
1410 2484 1822 2557 clamantem
1855 2484 2119 2556 audiit?
2151 2485 2464 2582 primum
2485 2484 2750 2556 vicinus
2786 2510 2925 2563 un—

839 2599 1086 2671 darum
1107 2601 1531 2673 saevientium
1549 2603 1778 2700 fragor
1800 2600 2235 2673 audientium
2255 2600 2535 2671 auribus
2558 2591 2921 2670 minorem

836 2714 1243 2787 excludebat
1260 2742 1510 2787 sonum
1524 2773 1543 2806 ‚
1566 2715 1819 2788 deinde
1840 2717 1913 2788 in
1932 2737 2123 2787 tanto
2137 2714 2440 2787 tumultu
2454 2711 2865 2810 fugientium
2883 2767 2906 2799 ,

836 2830 1235 2931 praeteriisse
1258 2857 1496 2904 vocem
1523 2858 1668 2903 non
1700 2832 1963 2904 mirum
1988 2852 2109 2905 est.
2133 2831 2328 2921 Quid
2359 2832 2446 2903 ita
2462 2826 2919 2900 non-auditus

836 2946 977 3018 est?
1008 2970 1097 3017 ne
1119 2971 1350 3042 qnoeso
1365 3001 1384 3036 ,
1415 2946 1673 3019 infelici
1703 2973 1919 3046 puero
1942 2947 2293 3020 vilitatem·
2309 2947 2419 3018 sui
2440 2944 2881 3044 imputaverit
2897 3001 2919 3032 ,

837 3062 1024 3160 quod
1071 3060 1344 3133 relictus
1363 3062 1390 3107 ⁵
1411 3121 1428 3153 ‚
1463 3064 1667 3162 ’quod
1718 3063 2026 3136 desertus
2073 3084 2191 3134 est.
2242 3065 2390 3134 Cur
2433 3087 2595 3133 non.
2623 3057 2922 3132 audisti?

833 3175 1109 3276 longius
1131 3178 1442 3274 fugeras:
1468 3177 1589 3248 sed
1616 3198 1768 3275 post
1789 3203 2048 3276 paucos
2077 3177 2220 3250 dies
2235 3234 2254 3267 ,
2276 3201 2527 3274 corpus
2552 3174 2919 3273 expulsum

912 3387 954 3419 1.
981 3370 1179 3432 Facies,
1201 3383 1250 3422 et
1275 3373 1382 3422 tibi.
1411 3371 1598 3423 Facies.
1627 3372 1730 3424 Sed
1746 3372 1839 3424 tibi
1918 3373 2037 3443 ple,
2065 3392 2219 3446 quam
2250 3371 2348 3424 illa
2382 3385 2445 3425 te.
2481 3373 2564 3423 Tu
2603 3372 2923 3423 comes-citus

835 3452 1186 3517 opportunitas
1223 3451 1498 3501 secundum
1541 3453 1651 3522 ipsa
1688 3451 1837 3501 habi·
1917 3461 2225 3521 tempestate
2250 3452 2402 3502 citius
2424 3448 2569 3501 illam
2594 3449 2921 3520 reliquisses,

836 3526 973 3577 tanti
1000 3526 1181 3595 litora,
1205 3548 1309 3581 non
1335 3531 1581 3602 mpienda
1595 3569 1614 3596 ‚
1642 3533 1728 3584 sed
1749 3550 1837 3583 ex·
1918 3548 2079 3600 quam
2100 3530 2192 3583 illa
2212 3544 2292 3596 te,
2311 3544 2371 3581 ut
2389 3532 2648 3601 rapereris
2668 3548 2698 3580 a
2717 3530 2921 3599 piratis.

832 3609 1108 3687 spectanda
1122 3612 1403 3681 processim·
1420 3611 1502 3665 vel
1524 3612 1833 3685 pmqressio:
1914 3607 2631 3674 Gnon.·Mamm,Sehu1t.
2677 3606 2827 3660 obn·
2853 3635 2920 3644 —

834 3707 927 3753 ειη
950 3689 1186 3760 egressio,
1211 3709 1305 3755 an,
1331 3692 1560 3743 occasio?
1580 3691 1797 3742 Senot-r.
1914 3687 2053 3737 Dum
2083 3684 2365 3758 applicant
2392 3686 2479 3737 An
2506 3686 2630 3737 dum
2659 3705 2788 3757 app.
2818 3687 2917 3736 Εε-

908 3767 1094 3819 2.Non
1110 3769 1486 3838 rapienda‚sed
1496 3768 1835 3840 exspectanda
1985 3767 2036 3830 4.
2066 3767 2170 3817 Cur
2200 3783 2323 3838 enyo
2356 3766 2544 3837 inquit.
2556 3766 2765 3835 Quum
2803 3783 2918 3837 enyo

834 3846 1040 3899 obmsio
1076 3856 1163 3898 ext.
1204 3842 1308 3898 Alii
1346 3848 1488 3919 apud
1523 3848 1833 3915 AErodium,
1914 3846 2148 3897 interiit?
2172 3863 2340 3896 nemo.
2374 3845 2591 3896 Statum.
2618 3873 2695 3882 ——
2716 3841 2919 3895 Exclu-

835 3923 1051 3978 insessio.
1099 3928 1254 3977 Forte
1274 3936 1312 3992 ‚⁹
1337 3928 1623 3980 oblectatio.
1666 3927 1831 3980 Grion.
1914 3924 2067 3975 debat
2101 3920 2733 3989 so'nm.Vul.F1ue.1‚
2779 3923 2917 3990 319:

837 4003 1073 4069 occasio,
1096 4005 1226 4056 Obr.
1256 4007 1532 4069 Possessio,
1557 4006 1641 4058 ed.
1652 4007 1735 4058 ·al.
1920 4002 2363 4057 «Obruatldaeam
2375 3960 2924 4072 qnmntumtubaman

906 4080 954 4130 3.
991 4043 1073 4131 Tu,
1095 4083 1272 4150 ,patim
1302 4093 1505 4153 patrem
1539 4081 1831 4155 reliquisses.
1920 4084 2037 4134 «tia
2054 4081 2269 4133 buxum.
2292 4104 2315 4127 u·

835 4158 1835 4235 Supple‚quammatrem,inquitAE1-o-
1986 4159 2035 4214 5.
2083 4159 2233 4230 Quod
2273 4160 2489 4213 mlicaoe.
2532 4159 2935 4230 Imputaverisg

833 4232 1602 4309 dius.1mmolege,matrem.·
1633 4255 1685 4294 οι
1710 4256 1835 4313 sup·
1914 4240 2009 4313 qui
2038 4236 2273 4307 relictus,
2301 4240 2395 4311 qui
2423 4241 2644 4295 desem
2672 4251 2760 4294 eet·
2797 4237 2926 4291 Scu-
