3200 5117
861 548 989 629 486
1350 543 1455 609 ’Μ.
1504 545 1756 610 FABII
1799 541 2438 628 QUINTILIANI

860 670 994 741 Sed
1026 670 1246 741 fratris
1268 725 1287 755 ,
1322 668 1584 768 inquit,
1619 668 1908 740 salutem
1955 668 2185 769 optavi
2214 696 2229 740 :
2263 669 2418 770 jam
2451 695 2611 768 ergo
2651 670 2796 742 noli
2826 672 2923 743 di-

860 812 1044 870 cere;
1079 783 1513 882 Supervacua
1547 783 1834 856 abolitio
1865 783 2035 856 fuit:
2069 784 2291 856 alium
2332 782 2520 854 enim
2557 783 2734 855 mihi
2773 809 2924 883 prae-

859 901 1106 989 tulisti,
1129 921 1194 973 et
1217 900 1572 973 innocenti
1596 921 1961 973 nocentem
1976 957 1996 991 ,
2018 927 2133 972 reo
2154 899 2562 972 damnatum
2577 956 2599 988 ,
2618 901 2740 995 qui
2762 923 2923 971 certo

858 1017 1078 1116 perire
1104 1016 1421 1098 debebat.
1456 1016 1526 1087 Si
1548 1015 1888 1087 misereris
1915 1037 2195 1088 tuorum
2213 1072 2233 1105 ,
2260 1041 2373 1086 eos
2397 1014 2643 1087 saltem
2666 1015 2920 1116 adjuva,

860 1132 945 1203 de
970 1132 1228 1230 quibus
1240 1132 1456 1234 judex
1482 1132 1871 1204 etiamnum
1906 1131 2193 1203 dubitat.
2226 1130 2424 1221 Quid
2450 1156 2616 1229 ergo
2637 1186 2656 1219 ,
2687 1130 2921 1229 inquit,

857 1246 1206 1345 periisset?
1228 1247 1278 1318 si
1312 1275 1423 1317 me
1451 1246 1858 1345 interrogas,
1890 1268 2261 1346 occupatus
2286 1272 2477 1335 sum,
2512 1272 2664 1318 non
2692 1246 2916 1318 audio:

858 1362 913 1434 si
940 1365 1229 1459 patriam
1248 1418 1269 1452 ‚
1296 1361 1600 1434 desertor
1625 1382 1745 1433 est.
1773 1361 2118 1452 Quaedam
2140 1418 2159 1452 ,
2184 1360 2491 1463 judices,
2520 1358 2917 1459 comparatio

858 1476 1154 1547 minuit:
1193 1502 1311 1573 per
1335 1502 1406 1548 se
1430 1475 1708 1548 crudele
1732 1474 1902 1566 fuit,
1925 1474 2145 1574 perire
2171 1476 2490 1561 fratrem;
2522 1474 2653 1545 sed
2678 1499 2915 1571 compa·

860 1610 1087 1660 ratum
1143 1590 1314 1660 nuhi
1342 1647 1360 1679 ,
1412 1588 1766 1662 tolerabile
1813 1617 1827 1659 ε
1887 1589 2054 1687 quid
2107 1588 2316 1688 ergo?
2365 1615 2491 1686 ego
2540 1585 2913 1686 periissem?

860 1706 1209 1790 Fratrem,
1243 1703 1503 1802 inquit,
1545 1704 1797 1776 servavi
1825 1731 1840 1774 :
1880 1705 2110 1802 itaque
2140 1731 2329 1776 nunc
2361 1703 2618 1775 frater-¹
2651 1725 2714 1775 te
2741 1701 2908 1774 abdi-

860 1839 1007 1889 cat:
1042 1818 1161 1889 ille
1200 1819 1519 1890 beneficii
1559 1820 1848 1917 gratiam
1880 1819 2123 1909 debet,
2167 1846 2292 1918 ego
2337 1819 2606 1917 peccati
2648 1845 2903 1918 poenam.

860 1934 992 2005 Sed
1024 1935 1228 2031 qnid,
1270 1937 1322 2006 si
1364 1961 1501 2006 non
1546 1935 1777 2033 pietati
1817 1936 2115 2022 servisti,
2156 1937 2272 2007 sed
2304 1956 2380 2006 ut
2413 1962 2528 2006 me
2563 1930 2909 2007 occideres?

861 2067 1199 2145 quantum
1238 2049 1307 2119 in
1342 2070 1405 2119 te
1431 2049 1596 2137 fuit,
1630 2050 1995 2122 damnatus
2018 2076 2198 2121 sum.
2221 2049 2452 2140 Affui,
2479 2050 2711 2148 inquit
2731 2077 2745 2120 :
2769 2047 2907 2120 alio-

861 2163 979 2263 qui
1009 2162 1463 2235 abdicareris²
1496 2187 1792 2235 tantum.

940 2367 959 2402 ι
974 2390 984 2399 .
1005 2350 1355 2421 Nuncfmten
1373 2355 1488 2404 Vet.
1512 2351 1645 2404 cod.
1661 2351 1861 2422 fmter:
1942 2351 2251 2406 abdicaveris
2263 2351 2676 2406 tammnemius
2690 2350 2899 2402 Pithoeus.

863 2430 1067 2483 videtur
1092 2430 1185 2502 ivg.
1213 2445 1374 2502 pater.
1404 2436 1549 2484 Prru.
1578 2432 1862 2504 Nunc-fra·
1943 2432 2163 2483 Sensus:
2192 2433 2359 2484 sinon
2382 2433 2652 2494 aifuisses,
2672 2428 2903 2480 abdicare·

864 2521 993 2561 trem
1016 2511 1251 2576 advoces,
1280 2509 1453 2561 AErod.
1483 2513 1666 2573 Forte,
1695 2511 1870 2562 Frater
1944 2512 2014 2563 ris
2031 2525 2261 2572 tanturm
2277 2529 2386 2562 nnn
2403 2512 2555 2564 etiam
2573 2508 2902 2581 responderes:

864 2601 917 2641 te
940 2588 1071 2640 alut.
1106 2617 1167 2628 —-
1202 2590 1395 2642 Pietati
1424 2591 1616 2646 servisti
1663 2590 1864 2642 Pietate
1941 2589 2072 2642 nihil
2100 2591 2262 2650 foret,
2282 2607 2377 2641 cur
2397 2606 2653 2640 recusares
2674 2586 2902 2637 abdicari.

862 2671 1085 2732 pervasti.
1115 2670 1332 2721 Senum.
1943 2670 2107 2720 Gnou.
2137 2667 2354 2740 Alioqui
2376 2687 2470 2720 non
2493 2664 2775 2717 abdicarer-125
2795 2674 2904 2713 tan-

938 2766 983 2799 2.
1033 2746 1249 2820 Alioqui
1290 2745 1593 2800 abdicarer-is
1639 2759 1859 2800 tantum.
1945 2758 2051 2799 tum
2076 2767 2092 2795 .-
2130 2764 2238 2797 non
2275 2747 2436 2798 solum
2464 2743 2610 2795 bonis
2639 2755 2686 2793 et
2719 2740 2901 2806 domo,

866 2825 1139 2880 AEroditu:
1172 2825 1362 2897 Affid,
1396 2828 1597 2900 inquit,
1631 2827 1830 2901 alioqui
1846 2850 1861 2878 .-
1944 2824 2039 2879 κά
2060 2827 2166 2878 vita
2188 2826 2548 2880 exturbareris.
2570 2824 2773 2880 Sanun.
