3200 5117
766 525 841 601 14
1260 522 1353 585 M.
1403 519 1653 585 FABu
1699 519 2338 601 QU1NT1L1AN1

755 668 909 720 tum
944 667 1063 718 est.
1104 644 1301 737 Quid
1342 643 1682 743 amplius?
1724 670 1891 715 nam
1937 644 2116 715 sicut
2156 643 2373 716 coitus
2418 665 2624 740 atque
2672 667 2846 714 con-⁴

757 787 1028 860 gressus
1061 761 1230 832 citra
1268 758 1384 860 jus
1423 784 1566 830 non
1602 758 1904 830 efficeret
1940 783 2263 849 uxorem,
2300 758 2394 831 ita
2426 781 2597 829 uxor
2633 758 2845 830 etiam

758 878 929 949 citra
968 876 1151 948 haec¹
1189 894 1446 948 manet.
1488 874 1566 944 ld
1614 897 1696 945 ex
1723 874 2144 971 quotidianis
2173 895 2240 946 et
2271 874 2347 945 in
2389 875 2688 946 frontem
2731 873 2845 943 in-

759 993 1193 1065 currentibus
1218 990 1590 1092 approbari
1615 1011 1856 1090 potest.
1877 992 2062 1061 Nam
2086 1014 2165 1062 ut
2186 992 2273 1061 ab
2294 991 2456 1090 ipsis
2475 990 2806 1088 incipiam
2830 1015 2843 1057 :

759 1106 1276 1205 comprehendo
1315 1131 1600 1177 uxorem
1645 1105 1913 1176 duxisse
1945 1103 2118 1193 dici;
2161 1103 2484 1204 hocfante
2527 1127 2846 1194 noctem,

761 1219 893 1294 hoc
916 1243 1078 1294 ante
1104 1245 1586 1319 congressum,
1612 1219 1744 1291 hoc
1771 1220 2000 1319 primo
2027 1220 2253 1291 statim
2268 1219 2458 1320 jure,
2482 1242 2551 1292 et
2569 1215 2849 1292 fortasse

761 1338 835 1408 in
877 1337 1029 1409 aliis
1073 1338 1292 1438 possit
1323 1337 1537 1409 videri
1580 1338 2049 1408 necessarium
2086 1358 2472 1435 exspectare
2507 1365 2520 1407 ε
2571 1335 2717 1407 haec
2764 1331 2850 1405 de

759 1454 1022 1553 nuptiis
1046 1453 1476 1525 convicimus
1493 1467 1545 1522 ².
1568 1453 1687 1523 Est
1709 1452 1999 1550 quidem
2015 1454 2134 1553 jus
2157 1452 2554 1550 patrimonii
2579 1450 2852 1550 explen-

759 1567 971 1659 dum,
1016 1591 1249 1641 tamen
1295 1588 1609 1668 exspecto
1652 1589 1720 1640 et
1759 1568 2160 1659 circuitum,
2195 1589 2263 1640 et
2302 1568 2491 1667 quod
2535 1568 2602 1639 id
2649 1589 2848 1666 peto,

762 1685 1298 1756 matrimonium
1319 1684 1809 1784 jungendum,
1831 1683 1976 1756 haec
1997 1681 2071 1755 in
2094 1684 2436 1784 ejusmodi
2457 1683 2852 1754 conditione

763 1824 909 1868 non
931 1819 1099 1871 sunt
1119 1796 1602 1896 exspectanda,
1624 1797 1791 1896 quia
1817 1799 2325 1871 antecesserint.
2351 1801 2609 1896 Raptor
2629 1798 2852 1869 sinon

764 1912 1136 2001 occiditur,
1172 1913 1325 2013 jam
1375 1911 1665 1983 maritus
1707 1934 1853 1984 est:
1902 1912 1972 1982 id
2016 1913 2112 1983 sic
2158 1940 2436 2011 quoque
2477 1912 2850 2011 accipitur:

765 2024 890 2124 qui
931 2026 1224 2097 maritus
1263 2025 1428 2114 erit,
1479 2052 1622 2098 non
1665 2048 1766 2098 est
1808 2026 2085 2114 caelebs,
2128 2053 2282 2126 quae
2329 2053 2528 2117 uxor,
2566 2053 2711 2098 non
2747 2026 2855 2096 vi-

765 2139 945 2228 dua,
970 2160 1092 2211 aut
1124 2140 1334 2238 virgo.
1367 2142 1471 2212 De
1506 2162 1797 2239 utraque
1830 2165 1945 2212 vos
1978 2165 2269 2237 persona
2307 2167 2435 2239 ego
2462 2140 2616 2213 volo
2647 2141 2860 2211 inter·

769 2281 1031 2353 rogare.
1068 2258 1403 2329 Putemus
1428 2257 1654 2329 statim
1686 2256 1964 2355 optione
1991 2256 2190 2327 finita
2223 2257 2436 2355 quaeri
2473 2256 2559 2328 de
2590 2255 2858 2327 adoles-

768 2392 1019 2444 cente:
1072 2372 1422 2446 diceresne
1476 2371 1680 2444 illum
1729 2397 1869 2443 esse
1918 2369 2278 2444 caelibem?
2327 2393 2396 2444 at
2451 2374 2506 2444 si
2561 2371 2852 2458 dicereS‚

773 2487 889 2559 ille
914 2487 1292 2561 occurret3.
1318 2489 1451 2559 Dic
1470 2487 1698 2586 igitur
1725 2485 2073 2561 caelibem:
2103 2516 2385 2561 uxorem
2414 2508 2631 2587 potest
2653 2486 2858 2558 aliam

774 2604 1066 2676 ducere?
1105 2603 1445 2703 virginem
1488 2602 1710 2694 hanc,
1766 2627 1887 2678 aut
1921 2603 2241 2696 viduam,
2277 2633 2420 2676 non
2458 2605 2736 2678 diceres.
2768 2607 2860 2674 At

848 2818 891 2852 1.
927 2802 1066 2855 Citra
1101 2802 1225 2854 hoec.
1252 2805 1638 2856 praecesserunt
1670 2801 1777 2854 duo

772 2878 1050 2931 masculini
1069 2882 1277 2950 generis
1287 2920 1304 2948 ,
1324 2883 1484 2934 coitus
1497 2893 1651 2954 atque
1664 2897 1780 2933 eon-

768 2980 979 3034 qressus.
1022 2961 1167 3013 Nihil
1212 2977 1385 3013 tamen
1431 2980 1621 3013 moveo
1645 2981 1656 3010 :
1707 2963 1781 3013 ita

773 3042 914 3091 enim
943 3055 997 3091 et
1025 3038 1218 3092 Fabius
1246 3041 1486 3106 lustvl,
1517 3042 1577 3107 3,
1610 3039 1655 3111 §.
1681 3058 1776 3110 29:

780 3143 802 3166 α
821 3121 1037 3172 Orator-i
1068 3121 1281 3171 minime
1310 3123 1555 3186 convenit
1583 3119 1780 3172 distor-

781 3221 803 3245 κ
823 3212 908 3250 tus
923 3198 1126 3262 vultuS‚
1145 3204 1457 3270 gestusque,
1476 3217 1590 3271 quae
1613 3200 1669 3251 in
1691 3200 1784 3251 mi-

1864 2825 1886 2850 «
1907 2819 1993 2855 mo
2015 2805 2193 2857 statim
2205 2807 2342 2874 jure.
2358 2803 2423 2855 Et
2437 2803 2663 2854 fortasse
2676 2803 2730 2852 in
2745 2799 2858 2853 aliis

1865 2905 1887 2928 a
1906 2886 2074 2954 possit
2089 2883 2255 2935 videri
2272 2883 2622 2935 necessarium
2645 2899 2860 2951 exspec-

1866 2989 1888 3012 «
1908 2967 2010 3018 tari
2033 2964 2160 3018 haec.
2181 2966 2261 3017 De
2279 2965 2479 3035 nuptiis
2498 2961 2859 3014 convenimus,

1867 3069 1888 3093 u
1906 3049 1999 3100 Est
2017 3046 2229 3117 quidem
2244 3052 2331 3120 jus
2349 3047 2665 3098 matrimonii
2687 3042 2861 3114 exple-

1868 3147 1888 3171 ·
1912 3140 2051 3178 turm
2090 3140 2261 3177 tamen
2293 3137 2540 3196 exspecto
2574 3135 2624 3174 et
2661 3124 2858 3174 coitum

781 3302 803 3324 κ
824 3282 922 3332 mis
943 3277 1109 3331 videri
1132 3278 1331 3332 solent:
1357 3302 1379 3327 ι
1404 3282 1480 3332 sic
1500 3278 1643 3350 apud
1663 3280 1786 3332 Sue·

776 3372 888 3411 ton.
909 3357 1095 3410 Claud.
1122 3362 1184 3411 11.
1213 3379 1276 3411 ex
1292 3361 1403 3412 MS.
1424 3362 1744 3412 Memmiano
1765 3382 1777 3411 t

784 3461 805 3484 ι
825 3438 964 3488 Avioe
1006 3436 1161 3489 Livioe
1195 3436 1398 3490 divinos
1426 3437 1691 3504 honores,
1734 3452 1786 3490 et

788 3542 810 3565 a
834 3520 1057 3571 circensi
1077 3537 1273 3591 pompa
1294 3538 1509 3572 cunum
1528 3517 1785 3590 elephan-

790 3621 812 3644 ι
831 3612 1007 3650 torum
1022 3600 1318 3670 Augustino
1340 3599 1586 3666 similem,
1609 3597 1786 3650 ‹lecer-

786 3702 808 3726 α
828 3677 1002 3731 nenda
1027 3697 1092 3729 cu
1103 3679 1250 3730 ravit.
1272 3701 1294 3725 n
1324 3680 1492 3731 Eunu.

852 3779 900 3812 α.
948 3760 1165 3831 Nuptiis
1214 3760 1542 3813 convicimus.
1610 3761 1752 3830 Lego
1769 3800 1786 3829 ‚

785 3838 1169 3892 Communibus.
1207 3839 1524 3892 Communes
1575 3840 1786 3910 nuptias

780 3935 961 3985 vocat,
1004 3939 1119 3991 quae
1158 3919 1292 3971 fiunt
1325 3922 1445 3991 jure
1488 3922 1782 3984 communi,

787 4017 894 4051 non
910 3998 1000 4050 illo
1018 3997 1269 4068 singulari
1283 4016 1347 4049 ex
1361 3996 1477 4070 lege
1495 4010 1783 4069 raptarum.

780 4081 930 4130 Pia-u.
968 4105 1038 4121 -ι
1074 4080 1198 4131 Non
1233 4078 1451 4149 placent
1492 4096 1790 4131 communes

785 4162 993 4231 nuptie.
1032 4161 1217 4230 Neque
1254 4158 1358 4211 hac
1390 4173 1594 4212 tantum
1633 4173 1786 4232 parte

784 4236 991 4291 laborat
1016 4235 1167 4290 locus
1188 4258 1200 4288 ε
1227 4240 1461 4311 corrige:
1494 4261 1517 4284 κ
1535 4239 1650 4290 Hoc
1676 4240 1786 4310 pri-

1866 3230 1887 3253 a
1909 3219 1962 3259 et
1996 3207 2080 3272 id,
2116 3205 2261 3278 quod
2287 3219 2446 3276 peto,
2484 3204 2860 3274 patrimonium

1868 3309 1890 3332 u
1903 3284 2252 3359 jungendum.
2269 3286 2388 3336 Haec
2400 3286 2454 3335 iu
2470 3281 2727 3353 ejusmodi
2742 3299 2865 3333 con-

1870 3389 1891 3411 α
1912 3363 2112 3416 ditione
2149 3383 2259 3417 non
2302 3375 2424 3415 sunt
2475 3359 2828 3433 exspectanda
2844 3398 2860 3422 .,

1871 3465 1892 3487 ι
1915 3461 2078 3513 quum
2124 3442 2517 3494 antecesserint.
2541 3466 2564 3489 ι
2610 3439 2692 3491 vel
2740 3439 2860 3510 quia

1862 3520 2228 3573 antecesserint.
2240 3519 2329 3591 (Et
2343 3517 2504 3572 habet
2515 3517 2748 3589 Bipont.)
2757 3518 2864 3568 Ex·-

1862 3597 2082 3670 spectari
2101 3598 2207 3649 hoec
2221 3635 2238 3662 ,
2264 3615 2380 3668 quae
2400 3598 2624 3661 dixerat,
2638 3605 2861 3659 noctem,

1865 3697 2182 3754 congressum
2203 3693 2254 3730 et
2278 3678 2741 3731 cohabitationem.
2762 3678 2861 3742 Ut,

1867 3760 2066 3831 inquit,
2091 3756 2314 3830 exempli
2335 3760 2531 3829 gratia,
2553 3771 2720 3829 pactoe
2740 3773 2863 3809 sunt

1865 3840 2088 3911 nuptiae,
2115 3854 2224 3890 tum
2247 3836 2458 3908 quidem
2485 3840 2573 3908 jus
2597 3839 2865 3889 matrimo-

1866 3920 1972 3984 nii,
2011 3931 2110 3970 etc.
2141 3917 2321 3970 Multis
2352 3916 2462 3970 haec
2491 3918 2722 3989 probare
2761 3937 2864 3990 po-

1868 4011 2125 4051 teramus:
2169 3994 2263 4049 sed
2306 3996 2646 4050 festinamus:
2682 4011 2734 4050 et
2779 4016 2864 4050 sa-

1865 4078 2031 4147 pienti
2054 4077 2194 4128 satis.
2216 4075 2383 4128 Geor.

1937 4155 1986 4206 3.
2008 4152 2113 4206 lue
2145 4163 2386 4205 occurret.
2425 4155 2609 4220 Forte,
2646 4154 2743 4206 illa
2777 4172 2862 4204 oc-

1865 4249 2099 4291 curreret.
2125 4234 2340 4288 Senum-r.
