3200 5117
752 549 1594 619 DECLAMATIONES.
1644 550 2128 619 cccxxvu.
2360 551 2483 640 327

396 677 610 756 factis.
642 680 1013 750 Venenum
1043 675 1348 775 paravit?
1388 675 1711 749 insidiata
1739 696 1843 749 est
1871 676 2104 749 liberis
2131 676 2313 750 tuis?
2342 675 2489 768 vel,

401 796 589 895 quod
618 796 1044 868 levissimum
1072 816 1206 886 est,
1236 820 1626 894 expugnare
1655 791 1972 868 animum
1999 814 2201 867 tuum
2222 794 2492 868 voluit?

401 909 582 982 nihil
615 910 909 983 horum:
945 936 1209 983 novum
1239 930 1306 983 et
1334 909 1736 984 inauditum
1768 929 1976 981 antea
2001 910 2260 982 crimen
2281 925 2331 1001 ¹,
2361 937 2490 984 no-

401 1051 594 1097 verca
628 1023 931 1098 nimium
964 1024 1217 1097 dicitur
1243 1051 1477 1098 amare
1510 1024 1894 1123 privignos,
1927 1023 2301 1096 sterilitatis
2337 1051 2491 1097 me-

411 1139 880 1214 dicamentum
913 1140 1116 1212 bibit.
1152 1140 1223 1212 Si
1263 1160 1339 1212 tu
1367 1140 1619 1212 liberos
1646 1166 1791 1211 non
1822 1139 2111 1210 haberes
2132 1196 2150 1228 ,
2185 1159 2491 1237 poteram

403 1275 638 1328 tamen
679 1255 798 1327 illa
836 1255 1102 1346 dicere,
1138 1253 1530 1353 periculum
1561 1254 1830 1344 timuit,
1862 1254 2296 1327 documentis
2323 1281 2496 1353 qua-

403 1370 724 1443 rumdam
756 1370 1122 1442 infeliciter
1153 1368 1575 1467 parientium
1610 1390 1803 1441 mota
1828 1390 1966 1460 est,
1996 1370 2282 1442 fortasse
2314 1369 2498 1441 male

402 1485 617 1558 sensit
634 1484 719 1555 de
747 1483 1178 1583 temporibus
1201 1482 1399 1581 ipsis:
1421 1480 1595 1553 vidit
1614 1508 1770 1553 eam
1790 1481 2137 1553 luxuriam
2152 1539 2170 1572 ,
2198 1508 2281 1554 ea
2303 1482 2495 1572 vitia,

405 1620 483 1671 ut
500 1624 693 1697 paene
716 1597 1007 1670 educare
1024 1597 1278 1669 liberos
1297 1595 1593 1669 amentis
1613 1616 1806 1668 esset.
1828 1598 1941 1666 Tu
1967 1622 2167 1694 porro
2188 1595 2261 1668 in
2287 1622 2496 1669 uxore

408 1714 582 1786 nihil
613 1713 803 1785 aliud
838 1727 1249 1812 exspectas2,
1274 1739 1493 1811 quam
1525 1710 2074 1784 fecunditatem?
2106 1739 2249 1784 non
2279 1714 2494 1813 parit3

408 1828 529 1901 sed
558 1827 975 1927 obsequium
995 1884 1015 1917 ,
1043 1826 1162 1900 sed
1194 1826 1406 1899 fidem
1436 1846 1725 1926 praestat.
1756 1826 1891 1899 Sed
1908 1827 2061 1928 jam
2089 1847 2364 1926 tempus
2399 1847 2498 1899 est

409 1942 700 2041 propriis
731 1968 888 2014 eam
914 1941 1291 2015 rationibus
1319 1943 1624 2016 defendi.
1656 1943 1850 2015 Bibit
1873 1942 2045 2015 illud
2063 2000 2082 2032 ,
2114 1970 2337 2039 quum
2363 1964 2496 2016 tres

409 2058 660 2130 liberos
690 2056 1011 2130 haberes:
1044 2084 1172 2132 nec
1202 2058 1436 2132 statim
1465 2057 1598 2129 hoc
1624 2083 1860 2130 amore
1886 2077 1952 2129 et
1972 2056 2229 2128 affectu
2258 2056 2500 2127 defen-

413 2171 543 2245 do:
577 2171 858 2244 interim
893 2191 1253 2271 tamquam
1285 2172 1728 2245 ambitiosam
1759 2171 2040 2244 tuebor:
2069 2170 2286 2242 voluit
2313 2170 2521 2261 effu--

415 2313 570 2387 gere
604 2286 875 2358 fabulas
914 2312 1406 2378 novercarum,
1441 2286 1662 2358 voluit
1699 2285 2015 2359 adversus
2059 2311 2251 2358 casus
2292 2282 2500 2356 etiam

414 2429 835 2503 praeparare:
868 2401 1062 2474 illam
1089 2401 1268 2475 nihil
1298 2402 1370 2474 in
1406 2401 1617 2474 domo
1650 2400 1907 2473 habere
1923 2400 1976 2489 3,
2004 2420 2283 2500 propter
2311 2398 2500 2498 quod

413 2516 746 2616 privignis
779 2516 1135 2590 invideret.
1167 2516 1407 2608 Quid?
1434 2517 1489 2588 si
1513 2516 1677 2588 fecit
1703 2515 1834 2587 hoc
1859 2541 2003 2588 non
2032 2513 2245 2586 modo
2270 2540 2505 2585 nover-

415 2658 504 2705 cae
522 2691 541 2725 ,
574 2633 695 2705 sed
723 2633 936 2706 etiam
964 2633 1194 2707 uxoris
1224 2634 1500 2734 optimae
1531 2631 1811 2705 animo?
1838 2631 2120 2731 plenam
2152 2614 2506 2701 invenerat

416 2749 714 2821 dor'num'
726 2805 744 2841 ,
767 2749 1061 2847 plenum
1084 2770 1598 2823 testamentum.
1618 2747 1816 2839 Quid
1837 2748 2044 2838 mihi,
2066 2746 2324 2845 inquit,
2342 2771 2503 2816 cum

417 2886 617 2962 partu
653 2864 835 2937 erat?
857 2865 1148 2939 ”dederat
1173 2865 1350 2938 mihi
1379 2867 1662 2938 fortuna
1681 2865 2008 2965 juvenes:
2046 2886 2275 2959 neque
2300 2860 2508 2931 mari-

499 3080 518 3115 1
531 3103 543 3115 .
563 3065 771 3118 Novum
790 3068 1001 3120 crimen.
1023 3068 1198 3120 Ironia
1211 3104 1228 3133 ‚
1244 3080 1297 3119 et
1309 3066 1421 3119 imi-

421 3143 556 3196 tatio
581 3143 847 3198 Ciceronis
878 3166 977 3218 pro
1008 3148 1178 3218 Ligar.
1209 3164 1327 3217 cap.
1361 3161 1379 3196 1
1404 3165 1418 3197 ε

426 3246 450 3270 ι
470 3224 678 3276 Novum
698 3228 921 3295 crimen,
942 3226 1001 3278 C.
1018 3228 1208 3294 Caesar,
1228 3240 1281 3279 et
1299 3240 1420 3280 ante

426 3328 449 3352 ιι
467 3303 612 3357 huuc
644 3306 783 3359 diem
820 3308 1131 3362 inauditum.
1154 3334 1176 3358 n
1203 3308 1321 3361 vid.
1351 3306 1421 3361 ad

419 3385 544 3436 lust.
570 3383 716 3437 Orat.
744 3386 832 3454 IV,
865 3403 910 3454 ι,
934 3389 981 3456 ς.
1001 3389 1094 3442 ·38.
1123 3388 1290 3440 Eunu.

495 3479 542 3513 2.
563 3463 630 3514 In
651 3481 809 3517 uxore
827 3464 965 3516 nihil
986 3464 1137 3518 aliud
1151 3475 1422 3537 exspectas.

421 3543 635 3608 Potius,
661 3544 802 3597 nihil
831 3546 984 3599 aliud
1012 3561 1220 3620 spectas.
1255 3547 1423 3600 Gnou.

422 3622 500 3672 Ita
518 3619 841 3689 Obreohtus,
861 3637 915 3676 et
931 3625 1120 3678 millies
1142 3628 1212 3679 ita
1237 3643 1426 3698 pecca-

429 3714 540 3751 tum
565 3703 683 3754 fuit.

498 3778 547 3829 3.
580 3777 741 3831 Illam
774 3782 913 3834 nihil
944 3783 999 3835 ἱη
1036 3784 1188 3835 domo
1226 3782 1423 3834 habere.

427 3858 705 3912 AErodius:
745 3861 877 3914 Item
911 3864 967 3915 in
997 3862 1168 3917 domo.
1209 3861 1423 3914 Scribe:

429 3935 617 3990 Voluit
656 3938 891 4013 effugere
922 3940 1141 4013 fabulas
1181 3957 1427 3993 noverca-

425 4036 544 4071 rum
563 4041 579 4069 .·
615 4020 786 4076 voluit
813 4022 1050 4076 adversus
1072 4040 1214 4075 casus
1239 4024 1425 4094 sejam

420 4114 717 4169 proeparare
741 4122 756 4151 .·
803 4100 968 4154 voluit
1009 4099 1147 4153 m‘lail
1182 4100 1236 4152 in
1275 4101 1427 4153 domo

429 4177 640 4248 habere,
665 4195 877 4255 propter
899 4181 1042 4254 quod
1064 4181 1318 4257 privignis
1344 4183 1428 4235 ἰη-

430 4257 632 4314 videm.
649 4259 813 4316 (ὅκου.
830 4260 1121 4331 Proeparan‘
1138 4259 1253 4313 iua.
1272 4259 1431 4314 Nihil

1501 3067 1557 3118 in
1577 3067 1760 3133 domo,
1782 3063 1982 3118 Schult.
2007 3064 2306 3136 Ρωμαῖοι-ε
2325 3061 2501 3114 illam.-

1499 3145 1640 3198 nihil
1667 3147 1723 3198 ἰη
1747 3146 1932 3209 domo,
1958 3144 2089 3198 obt.
2125 3144 2310 3198 Voluit
2333 3162 2386 3196 se
2410 3143 2502 3196 ad-

1500 3245 1670 3279 versus
1694 3244 1838 3278 casus
1860 3226 2017 3279 etiam
2040 3239 2347 3295 preparare.
2372 3226 2502 3277 Item

1502 3302 1640 3355 nihil
1659 3339 1684 3370 ,
1733 3301 1910 3355 AErod.
1963 3301 2218 3355 Adversus
2265 3321 2404 3356 casus
2453 3321 2504 3356 se

1501 3383 1659 3435 etiam
1690 3401 2001 3456 praeparare.
2031 3383 2142 3436 Illa
2168 3383 2305 3436 nihil
2328 3387 2387 3437 in
2415 3384 2504 3436 do-

1504 3483 1618 3529 mo,
1644 3465 1727 3518 vel
1747 3482 2041 3538 proeparare
2063 3463 2174 3518 illa.
2196 3465 2382 3533 Nihil,
2402 3479 2502 3517 etc.

1503 3548 1639 3599 Best.
1664 3545 1729 3598 de
1754 3559 1851 3598 rat.
1881 3546 2084 3600 emend.
2106 3546 2274 3619 leges,
2299 3565 2346 3598 c.
2366 3547 2507 3608 XIV,

1503 3627 1551 3693 S.
1586 3643 1640 3695 9.
1671 3654 1743 3665 —
1772 3624 1873 3677 Sed
1908 3624 2063 3676 etiam
2102 3625 2275 3678 uxoris
2310 3623 2509 3694 optimo

1505 3702 1700 3755 animo.
1735 3702 1942 3770 Potina,
1977 3703 2199 3773 optimoe.
2239 3701 2405 3753 Grion.
2439 3726 2510 3740 --

1506 3778 1735 3831 Plenum
1772 3791 2148 3834 testamentum.
2188 3777 2248 3830 ld
2279 3790 2386 3841 est,
2426 3776 2511 3826 cui

1507 3858 1631 3910 satis
1658 3871 1795 3911 esset
1816 3857 2099 3922 heredum,
2124 3854 2314 3928 quibus
2338 3851 2514 3922 legata

1508 3941 1614 3990 sint
1648 3939 1892 3991 universa
1925 3937 2164 3991 testantis
2199 3934 2371 3986 bona:
2402 3930 2509 3984 vid.

1507 4019 1585 4071 Cl.
1607 4017 1806 4072 Schult.
1834 4016 1902 4069 ad
1926 4018 2111 4071 Senec.
2133 4016 2404 4082 Contr.11,
2431 4014 2510 4080 15,

1507 4121 1560 4172 p.
1592 4100 1712 4153 203.
1743 4099 1865 4152 vid.
1906 4098 1974 4151 ad
2000 4097 2148 4152 Deci.
2178 4100 2231 4164 1,
2261 4097 2309 4149 3.
2343 4095 2509 4147 Aliter

1504 4180 1664 4252 plena
1679 4180 1861 4235 domus
1873 4182 2031 4234 etiam
2045 4194 2125 4234 est
2138 4178 2282 4233 dives
2293 4215 2310 4245 ,
2324 4180 2506 4231 Horat.

1506 4258 1611 4313 Od.
1633 4260 1722 4328 lv,
1749 4277 1828 4316 η.
1848 4261 2016 4314 Banu.
