3200 5117
764 536 1605 604 DECLAMATloNES.
1652 537 2123 605 CCCXXXV.
2367 540 2491 629 367

395 661 609 738 vitam
638 662 807 738 olim
835 663 1131 735 invisam
1163 681 1305 734 tam
1336 659 1458 733 diu
1483 659 1652 750 tuli,
1683 660 1906 734 donec
1938 663 2123 736 filius
2159 689 2359 737 meus
2396 691 2498 738 sa-

398 799 703 870 naretur,
734 804 824 851 ne
855 778 1121 852 viderer
1149 777 1384 874 aliqua
1418 775 1839 849 conscientia
1867 779 2045 850 mori
2074 780 2271 854 velle.
2306 782 2495 854 Mori

394 892 590 965 volo:
627 892 804 965 nihil
831 920 946 965 me
970 892 1394 968 commisisse
1420 892 1877 975 manisfestum
1904 912 2003 964 est
2025 924 2042 982 3
2074 915 2140 965 et
2152 895 2302 995 jam
2329 896 2493 968 satis

396 1009 736 1084 rationem
772 1009 1012 1084 videor
1057 1008 1441 1083 reddidisse
1479 1035 1494 1079 :
1542 1007 1725 1082 mori
1756 1007 1914 1079 volo
1951 1025 2236 1102 senex¹3
2282 1010 2496 1085 habet

393 1150 552 1197 suos
587 1124 724 1197 vita
761 1125 1140 1198 terminos:
1188 1123 1361 1197 dum
1406 1122 1731 1196 membra
1772 1123 2163 1215 sufficiunt,
2213 1126 2385 1198 dum
2418 1127 2490 1199 in

395 1238 626 1312 officio
666 1239 840 1311 vires
878 1259 1082 1329 sunt,
1117 1258 1771 1337 quotamquamque
1813 1257 2086 1335 partem
2130 1237 2354 1310 habeo
2396 1241 2496 1312 vi-

388 1354 628 1428 ventis.
656 1355 904 1445 Quum
933 1354 1165 1427 adbuc
1188 1353 1523 1426 haberem
1555 1378 1839 1428 uxorem
1868 1410 1890 1443 ,
1919 1352 2367 1436 mat-timonio
2393 1355 2494 1426 in-

389 1469 575 1542 utilis
600 1496 832 1560 eram3
860 1495 991 1541 nec
1014 1467 1315 1558 mirum,
1350 1466 1406 1540 si
1431 1493 1647 1566 quem
1677 1467 2072 1565 concupivit
2096 1466 2489 1566 juniorem:

389 1585 696 1658 occidere
730 1584 1128 1657 adulterum
1157 1608 1303 1656 non
1334 1580 1551 1680 potui.
1583 1582 1743 1654 Non
1773 1581 2141 1653 miraretur
2167 1609 2281 1654 me
2312 1585 2493 1656 mori

387 1700 598 1789 velle,
632 1702 689 1773 si
724 1701 879 1800 quis
911 1700 1189 1773 vidisset
1209 1700 1645 1799 fugientem:
1683 1726 1901 1801 quam
1926 1701 2114 1772 tarde
2138 1700 2313 1774 feci?
2336 1702 2490 1788 feli-

389 1815 704 1892 cissimus
747 1817 1071 1908 fuissem,
1123 1816 1179 1889 si
1228 1843 1345 1888 me
1384 1815 1683 1890 latrones
1735 1815 2168 1891 occidissent.
2207 1819 2491 1891 Accedit

387 1929 599 2021 illud,
639 1930 870 2004 filium
903 1931 1166 2006 habeo:
1203 1932 1384 2004 mori
1416 1930 1609 2022 volo,
1650 1933 1826 2004 dum
1869 1931 2093 2005 salvus
2134 1953 2273 2023 est,
2312 1934 2486 2007 dum

388 2043 590 2118 illum
623 2046 1014 2143 relinquere
1046 2047 1488 2145 superstitem
1518 2072 1844 2146 possum:
1884 2073 2083 2147 paene
2113 2046 2321 2121 illum
2353 2074 2488 2120 nu-

385 2186 512 2258 per
533 2161 760 2235 amisi.
788 2161 986 2251 Quid
1011 2162 1331 2236 futurum
1358 2182 1533 2252 erat,
1555 2161 1782 2234 sinon
1807 2161 2185 2261 potuissem
2208 2162 2488 2234 sanare?

387 2276 604 2369 bene,
640 2278 776 2368 dii,
813 2278 1002 2378 quod
1032 2278 1178 2352 leve
1207 2278 1353 2351 fuit
1381 2279 1675 2352 vulnus!
1706 2306 1850 2351 non
1876 2278 2133 2352 accidet
2153 2278 2284 2350 hoc
2309 2279 2486 2351 mihi

386 2391 661 2468 iterum.
688 2398 836 2494 Ego
861 2394 1032 2485 scio,
1057 2395 1131 2466 in
1162 2394 1418 2493 quibus
1448 2394 1984 2494 cogitationibus
2011 2387 2302 2466 fuerim:
2328 2396 2383 2467 si
2408 2396 2483 2468 in

385 2512 613 2612 majus
640 2512 1031 2611 periculum
1055 2511 1237 2583 filius
1256 2537 1457 2584 meus
1479 2511 1806 2603 venisset,
1825 2537 1973 2584 non
1994 2532 2484 2609 exspectassem

380 2651 533 2716 vos,
559 2647 639 2699 ut
655 2627 1028 2726 perirem2.
1049 2625 1389 2700 Nondum
1415 2626 1501 2700 de
1525 2626 1823 2700 adversis
1847 2625 2129 2725 loquor:
2158 2624 2311 2700 haec
2334 2625 2486 2725 ipsa

382 2767 499 2814 me
536 2742 628 2815 ad
661 2763 964 2817 mortem
990 2743 1298 2832 ducunt,
1329 2768 1484 2840 quae
1527 2769 1608 2815 ex
1635 2763 1791 2818 voto
1820 2742 2266 2841 contigerunt
2281 2739 2483 2812 3.Ve-

385 2912 525 2953 tune.
552 2902 659 2954 Lex
686 2905 828 2957 enim
857 2918 995 2973 erat,
1026 2928 1048 2953 κ
1068 2907 1175 2975 Qui
1202 2923 1389 2957 causas
1467 2935 1542 2947 -·
1566 2906 1746 2958 Habeo
1775 2906 2006 2958 viventis.
2034 2904 2217 2956 Habeo
2227 2904 2481 2975 juventu-

390 3002 414 3027 α
431 2984 488 3033 in
516 2998 703 3037 senatu
728 2986 1037 3039 voluntariae
1065 2989 1251 3044 mortis
1277 3005 1388 3040 non
1468 2985 1561 3050 tis,
1587 2987 1724 3038 mori
1748 2984 1883 3038 volo.
1916 2985 2121 3054 Quum,
2142 2980 2323 3033 AErod-

389 3084 412 3109 ι
433 3065 831 3136 approbaverit,
854 3067 1149 3139 insepultus
1175 3068 1390 3138 abjicia-
1541 3081 1591 3114 2.
1616 3064 1741 3116 Non
1765 3073 2123 3134 exspectassem
2150 3079 2236 3112 vos
2262 3071 2319 3111 ut
2338 3061 2481 3132 peri-

390 3166 412 3190 ιι
432 3156 534 3195 tur.
558 3169 579 3193 ιι
624 3148 704 3198 De
747 3166 853 3218 qua
895 3149 1054 3199 infra.
1095 3149 1277 3198 AEnon.
1467 3163 1591 3195 rem.
1622 3146 1738 3196 Hoc
1768 3157 1880 3209 est,
1914 3162 2024 3194 non
2058 3156 2477 3213 exspectassem,

461 3242 505 3277 ι.
531 3226 665 3280 Volo
682 3247 850 3282 senex.
877 3228 1013 3283 Volo
1029 3251 1045 3279 .-
1064 3248 1217 3282 .senex
1238 3229 1391 3282 habet

380 3323 418 3357 s.
432 3306 551 3358 vitoe
565 3308 834 3375 ter-enims,
853 3307 1191 3363 AErod.—-In
1210 3304 1387 3378 officio

382 3386 510 3442 vires
534 3399 670 3442 sunt.
696 3388 833 3441 Vide
859 3389 935 3442 ad
966 3390 1132 3442 lnstit.
1166 3388 1381 3440 Orator.

382 3465 471 3521 lib.
485 3468 604 3520 VIII
614 3507 631 3535 ‚
645 3486 870 3541 prooem.
883 3499 958 3509 —
974 3470 1194 3540 Quotam
1209 3487 1388 3539 quam·

379 3563 483 3618 que
516 3558 738 3618 partem.
781 3548 946 3618 Lege,
981 3548 1104 3600 dum
1139 3557 1384 3619 quotam-

380 3641 665 3696 quamque,
691 3625 867 3678 AErod.
893 3624 1148 3680 Obrecht.
1178 3645 1274 3698 per
1301 3626 1385 3676 in-

381 3703 792 3773 terrogationem
841 3703 966 3776 legit
996 3727 1009 3756 ι
1055 3716 1189 3760 sunt.
1242 3704 1386 3774 Quo-

382 3793 541 3854 tamq.
577 3804 632 3855 p.
683 3785 732 3837 Ιι.
774 3788 1030 3841 viventis?
1071 3800 1130 3839 ut
1166 3784 1386 3838 Ovidius

379 3862 479 3934 Ep.
513 3865 664 3932 XIII,
695 3866 794 3918 60:
827 3888 848 3912 κ
868 3868 932 3918 Et
965 3868 1202 3938 sequitur
1231 3865 1382 3934 regni

385 3965 409 3990 ιι
428 3962 552 4015 pars
570 3960 957 4019 quotaquaeque
973 3950 1085 3999 sui?
1101 3971 1123 3994 ιι
1147 3945 1252 3998 Ubi
1265 3943 1384 3998 vide

377 4023 558 4076 Heins-
597 4025 682 4079 Sic
719 4036 878 4099 quota
918 4043 1037 4097 pars
1077 4022 1248 4078 eidem
1283 4025 1381 4095 Ep.

293 4145 296 4150 .
375 4102 502 4170 XII,
529 4102 625 4174 89:
659 4127 680 4150 ιι
702 4106 823 4157 Haec
847 4105 1081 4157 animum
1109 4101 1198 4172 (et
1222 4115 1384 4173 quota

383 4204 406 4229 ⁸
424 4202 550 4255 pars
569 4183 682 4239 haec
702 4188 892 4260 eund)
905 4204 1116 4238 movere
1131 4184 1339 4258 puellae.
1355 4207 1379 4232 ο

377 4263 483 4320 Ubi
499 4267 619 4322 vide
636 4268 882 4323 eumdem
900 4270 1187 4323 Heinsium.
1210 4271 1382 4322 Eunu.

1469 3235 1528 3272 ut
1559 3239 1746 3275 causas
1773 3221 2084 3274 voluntaria·
2116 3222 2301 3272 mortis
2324 3221 2474 3275 vobis

1468 3303 1803 3356 senatoribus
1824 3301 2195 3374 approbarem.
2209 3302 2388 3354 AEnon.

1534 3382 1587 3434 3.
1614 3380 1743 3451 Quoe
1761 3380 1895 3432 mihi
1912 3398 1975 3432 ex
1991 3392 2107 3433 voto
2126 3381 2468 3454 contigerunt.

1465 3464 1699 3532 Contigit
1725 3463 1897 3527 enim,
1928 3475 1987 3513 ut
2018 3464 2272 3515 inveniret
2304 3464 2471 3516 filium

1466 3559 1622 3593 suum
1638 3539 1935 3594 adulterum
1951 3559 2057 3592 non
2074 3560 2207 3607 esse,
2225 3560 2324 3593 nec
2341 3542 2474 3594 infa-

1464 3639 1603 3672 mem
1622 3621 1677 3671 in
1693 3637 1989 3671 novercam.
2006 3619 2064 3671 ld
2083 3639 2245 3691 quum
2266 3638 2328 3670 ex
2346 3633 2473 3671 voto

1465 3702 1742 3773 contigerit
1763 3740 1780 3768 ‚
1817 3700 1939 3753 ideo
1977 3715 2151 3754 tamen
2194 3703 2379 3752 mortis
2423 3703 2472 3752 ei

1467 3800 1681 3835 causam
1701 3794 1755 3834 et
1771 3780 2093 3834 desiderium
2112 3781 2304 3844 attulit,
2327 3778 2473 3850 quod

1464 3862 1632 3914 filium
1663 3859 2035 3933 interrogando
2069 3860 2136 3912 de
2174 3857 2470 3925 adulterio,

1463 3942 1673 3996 videtur
1695 3940 1800 3993 boc
1825 3942 1945 4012 ipso
1961 3979 1979 4007 ‚
2012 3942 2057 3994 si
2082 3959 2194 3992 non
2220 3941 2439 3992 crimine
2455 3978 2474 4007 ,

1465 4037 1520 4076 at
1550 4023 1853 4094 suspicione
1887 4023 2119 4076 criminis
2151 4041 2260 4074 non
2288 4021 2473 4076 leviter

1464 4125 1588 4161 eum
1612 4107 1914 4178 aspersisse.
1940 4106 2228 4158 Martianus
2252 4103 2290 4157 l.
2316 4104 2377 4173 3,
2408 4105 2470 4157 ff.

1464 4188 1532 4242 de
1550 4187 1706 4241 bonis
1726 4206 1941 4240 eorum:
1972 4209 1995 4234 ι
2012 4185 2195 4239 Videri
2217 4199 2393 4242 autem
2418 4197 2471 4240 et

1470 4289 1494 4315 ι
1513 4279 1750 4339 patrem,
1782 4268 1875 4340 qui
1908 4265 2011 4320 sibi
2041 4284 2230 4321 manus
2264 4265 2470 4320 intulis-
