3200 5117
774 543 897 610 ns
1268 540 1367 603 ιι.
1412 536 1660 600 nnn
1703 532 2344 616 Qtlxrtusxt

766 772 1806 856 abuma-damiam,
1823 681 2858 868 mpriuin-creditosansfiat:

770 1121 845 1193 in
874 1117 1343 1222 patrimonio,
1372 1113 1930 1214 qaodcupersit:
1965 1113 2038 1184 id
2069 1133 2154 1184 ut
2185 1113 2620 1183 manifestius
2651 1135 2864 1210 atque

770 1234 1069 1335 apertius
1091 1231 1355 1320 dicam,
1386 1228 2004 1329 simpooeoesiones
2031 1228 2198 1299 huic
2223 1228 2696 1326 deprehenso,
2725 1230 2868 1300 sint

770 1349 1161 1448 mancipia,
1190 1345 1535 1447 §apellem
1567 1344 2150 1434 sitaesalienum,
2183 1344 2298 1416 cui
2332 1343 2860 1415 aen'alieuinon

770 1464 1127 1537 sufficiant
1148 1489 1231 1534 m
1246 1488 1457 1561 ,quae
1482 1462 1557 1534 in
1580 1460 2008 1561 patrimonio
2028 1481 2236 1531 sunt:
2271 1459 2644 1558 oocupabis
2665 1486 2865 1530 man·

772 1578 995 1680 cipia‚
1025 1575 1396 1676 occupabis
1432 1574 1970 1675 supellectilem,
2003 1574 2416 1646 creditores
2399 1600 2642 1645 mana
2665 1601 2862 1645 excu-

776 1695 939 1781 ties,
966 1715 1171 1792 atque
1198 1689 1545 1762 dimittes?
1576 1717 1719 1762 non
1744 1712 1966 1821 potest
1991 1690 2128 1761 boc
2147 1715 2432 1788 equum
2455 1687 2672 1759 videri
2702 1688 2866 1759 tibi-

774 1808 1053 1909 metipsi
1091 1807 1778 1880 foeneran1i10mnia
1809 1806 2022 1905 igitur
2055 1833 2174 1895 ea,
2213 1832 2370 1904 qua:
2411 1827 2862 1904 apparerent,

774 1926 851 1998 in
876 1924 1219 1998 creditum
1246 1944 1317 1995 et
1346 1922 1423 1995 in
1450 1950 1539 1995 τε
1566 1924 1884 1996 alienum
1917 1924 2362 1994 transissent:
2395 1944 2470 1994 tu
2489 1979 2510 2007 ,
2545 1921 2865 2021 quamvis

774 2040 1002 2140 legem
1024 2038 1313 2112 haberes
1329 2096 1350 2125 ‚
1374 2066 1517 2139 qua
1534 2038 1662 2112 tibi
1685 2038 1980 2110 adulteri
2002 2038 2190 2111 bona
2212 2038 2656 2126 deberentur,
2679 2035 2860 2109 nihil

776 2175 1011 2227 tamen
1048 2180 1127 2226 ex
1166 2154 1273 2226 his
1307 2153 1604 2226 adulteri
1645 2154 1885 2244 bonis,
1927 2155 2050 2251 qui
2087 2153 2263 2224 nihil
2301 2151 2626 2243 haberet,
2668 2181 2864 2225 reee-

772 2270 1015 2370 pisses.
1045 2269 1155 2342 Sic
1176 2297 1339 2370 ergo
1358 2291 1586 2343 tecum
1615 2270 1884 2343 debitor
1903 2290 2065 2341 tuus
2086 2269 2399 2367 loquitur
2420 2298 2436 2340 ε
2464 2268 2650 2341 bona
2674 2296 2860 2348 mea,

774 2385 849 2458 id
882 2408 1017 2477 est,
1051 2387 1243 2486 quod
1287 2385 1584 2460 liberum
1625 2386 1699 2457 in
1739 2386 2164 2485 patrimonio
2196 2413 2355 2458 meo
2384 2407 2525 2475 est,
2568 2407 2636 2457 et
2669 2384 2862 2484 quod

774 2501 1051 2602 proprie
1084 2529 1362 2592 meum,
1395 2501 1487 2573 ad
1524 2523 1591 2574 te
1625 2502 1915 2575 transire
1939 2501 2149 2574 debet
2178 2500 2331 2600 lege
2361 2530 2377 2572 :
2413 2503 2604 2601 prius
2635 2501 2861 2590 solvo;

772 2637 843 2688 et
872 2616 1046 2715 quid
1084 2617 1367 2689 interest
1391 2643 1519 2715 ego
1548 2615 1811 2688 solvam
1833 2675 1853 2708 ,
1887 2644 1978 2688 an
2014 2638 2089 2688 tu
2129 2615 2440 2687 auferas?
2478 2642 2622 2686 non
2658 2614 2865 2687 debet

774 2757 939 2830 ergo
964 2730 1088 2803 tibi
1120 2730 1210 2820 is,
1240 2731 1354 2801 cui
1381 2732 1752 2830 pecuniam
1771 2731 2160 2819 credidisti3
2187 2731 2410 2803 multo
2434 2730 2672 2802 minus
2695 2757 2858 2828 ego,

775 2843 893 2944 qui
925 2845 1226 2944 profecto
1253 2844 1517 2917 solutus
1540 2872 1730 2936 sum,
1758 2846 1813 2919 si
1837 2846 2007 2918 alter
2020 2847 2176 2948 jam
2200 2846 2418 2917 solvit.
2444 2844 2641 2936 Quid
2666 2846 2861 2916 enim

774 2957 1087 3057 alioquin
1116 2959 1338 3031 facere
1368 2986 1481 3031 me
1508 2960 1649 3033 vis?
1678 2962 1945 3060 integro
1969 2982 2144 3033 statu
2175 2960 2502 3033 debitoris
2530 2960 2709 3050 mei,
2739 2959 2796 3032 si
2820 2987 2864 3031 a

776 3100 892 3147 me
919 3095 1149 3175 petere
1178 3074 1572 3166 maluisses,
1613 3076 1702 3148 ad
1736 3076 2116 3149 debitorem
2149 3097 2546 3148 reverterer:
2583 3076 2641 3147 si
2674 3075 2865 3148 debi-

780 3213 884 3264 tor
918 3192 1338 3284 decessisset,
1377 3216 1446 3266 et
1486 3194 1673 3267 bona
1714 3196 1864 3298 ejus
1899 3194 1988 3266 ad
2027 3193 2352 3265 heredem
2392 3194 2860 3293 pervenirent,

776 3305 865 3377 ad
904 3306 1231 3380 heredem
1271 3309 1638 3398 redissem,
1676 3309 1747 3381 id
1785 3333 1919 3398 est,
1955 3310 2140 3381 bona
2175 3334 2621 3406 persequerer
2654 3309 2864 3407 patri-

777 3422 1032 3513 monii,
1059 3450 1184 3522 pro
1217 3452 1356 3522 quo
1386 3453 1514 3524 ego
1540 3425 1914 3525 spopondi.
1951 3425 2147 3498 ldem
2176 3451 2247 3496 es
2277 3452 2432 3499 reus
2453 3442 2501 3516 ¹,
2530 3453 2571 3497 a
2595 3423 2735 3522 qu'o
2760 3423 2862 3497 fui

777 3535 1189 3637 repetiturus
1209 3595 1228 3626 ‚
1262 3539 1318 3610 si
1349 3540 1519 3637 quid
1548 3560 1904 3639 tamquam
1939 3567 2227 3639 sponsor
2253 3541 2600 3614 solvissem
2626 3568 2641 3610 ε
2670 3565 2862 3611 nunc

778 3650 865 3725 ad
903 3672 968 3725 te
999 3652 1267 3725 transiit
1293 3655 1832 3754 patrimonium3
1861 3682 2052 3727 nunc
2074 3655 2330 3754 coepisti
2352 3655 2572 3727 vicem
2603 3652 2861 3726 habere

779 3772 1082 3846 heredis:
1113 3772 1282 3873 quid
1304 3773 1495 3846 enim
1522 3772 1835 3862 interest,
1857 3774 2018 3875 jure
2049 3772 2436 3844 testamenti
2464 3797 2505 3840 a
2532 3768 2860 3840 defuncto

777 3887 1006 3962 veniat
1027 3885 1118 3960 ad
1141 3907 1205 3959 te
1223 3886 1595 3979 hereditaS,
1624 3915 1713 3960 an
1728 3887 1877 3986 lege
1894 3914 1935 3959 a
1954 3884 2264 3959 vivente?
2283 3885 2338 3955 si
2355 3883 2858 3984 patrimonium

781 4002 956 4076 mihi
977 4003 1292 4103 persequi
1313 4004 1505 4095 licet,
1535 4004 1623 4076 ad
1649 4025 1715 4076 te
1747 4004 2024 4076 redeam
2055 4027 2324 4075 necesse
2354 4020 2489 4071 est:
2519 4000 2612 4071 ita
2643 3997 2858 4090 istud,

782 4117 970 4218 quod
1009 4119 1318 4219 accipere
1347 4145 1490 4191 non
1523 4142 1744 4218 potes,
1779 4119 1835 4190 si
1863 4147 2090 4220 posses
2120 4116 2461 4215 accipere,
2497 4115 2804 4188 solveres.

862 4276 902 4312 ι.
924 4259 1067 4314 Idem
1089 4281 1139 4314 es
1159 4281 1283 4318 mus.
1307 4264 1476 4333 Leges
1503 4265 1637 4317 idem
1662 4283 1781 4319 esses
1802 4282 1928 4317 reus.
1952 4265 2117 4319 (ἕπου.
2143 4274 2281 4317 esset.
2303 4262 2519 4316 Senot-r.
