3200 5117
813 542 937 628 490
1308 535 1401 600 M.
1450 535 1703 600 FABn
1745 533 2394 619 Qum'rmum

1484 981 2209 1058 CCCLXXVII.

973 1210 1047 1283 V
1037 1219 1303 1281 ποίης’
1338 1236 1381 1280 α
1403 1225 1603 1309 patre
1631 1215 1702 1281 in
1731 1209 2082 1301 militiam,
2115 1237 2452 1285 venenum
2486 1228 2731 1286 terens.

809 1417 1159 1475 PAnntcmn
1198 1436 1291 1475 sn·
1336 1436 1533 1476 ,ml-to.
1577 1418 1756 1476 Pater
1799 1411 1995 1476 fllium
2040 1417 2107 1475 in
2149 1414 2433 1475 militiam
2470 1416 2760 1475 vocavit:
2803 1416 2894 1476 ille

885 1525 1141 1571 ornatus
1186 1509 1367 1572 donis
1413 1512 1489 1572 ad
1533 1526 1769 1594 patrem
1817 1511 2033 1585 rediit;
2078 1511 2369 1571 adhibitis
2410 1510 2623 1570 amicis
2671 1514 2824 1594 petit
2859 1532 2891 1569 a

886 1622 1089 1691 patre,
1121 1631 1197 1670 ne
1226 1631 1287 1670 se
1311 1611 1577 1692 amplius
1607 1612 1902 1672 mitteret:
1937 1631 2069 1670 non
2099 1610 2204 1691 im}
2230 1609 2466 1670 etravit.
2501 1610 2741 1669 lterum
2777 1609 2886 1668 for-

882 1707 1112 1767 tissime
1135 1709 1466 1789 pugnavit:
1505 1706 1722 1767 rediit:
1751 1722 1947 1767 terens
1971 1727 2281 1767 venenum
2303 1726 2340 1764 a
2367 1720 2539 1786 patre
2561 1704 2886 1787 depreben-

882 1823 980 1862 sus
1003 1819 1107 1864 cst.
1132 1806 1578 1886 luten-offatm,
1605 1805 1761 1865 dixit
1783 1825 1844 1866 se
1868 1806 2030 1866 mori
2059 1804 2230 1866 velle.
2262 1802 2579 1863 Parricidii
2604 1823 2749 1863 reus
2774 1813 2887 1862 'est

886 1902 1067 1980 patri.

1498 2014 2197 2081 DECLAMATIO.

900 2161 1259 2245 Purricidii
1288 2203 1441 2247 reus
1468 2202 1626 2247 sum
1652 2204 1666 2246 :
1701 2174 2022 2273 quaedam
2047 2172 2343 2245 crimina
2364 2172 2513 2271 ipsa
2534 2170 2882 2268 magnitu-

810 2287 973 2359 dine
992 2289 1201 2360 fidem
1225 2316 1367 2361 non
1389 2290 1788 2388 impetrant:
1811 2288 2253 2386 parricidium
2272 2285 2649 2381 aliquando
2670 2286 2878 2381 legem

808 2429 952 2474 non
985 2403 1269 2493 habuit,
1305 2431 1428 2476 nec
1456 2404 1827 2475 immerito.
1857 2401 2039 2492 Quis
2067 2401 2257 2472 enim
2287 2400 2488 2470 facile
2509 2397 2744 2469 vinclis
2769 2425 2883 2468 na-

804 2539 879 2590 tu
889 2545 974 2589 1·ae
990 2546 1060 2591 se
1077 2520 1371 2592 exsolvat
1383 2518 1441 2590 ³?
1456 2546 1572 2592 vos
1589 2514 1765 2607 estisi,
1785 2518 1904 2615 qui
1927 2536 2280 2587 nascentes
2298 2513 2633 2613 excipitis:
2653 2513 2878 2607 itaque

808 2634 896 2705 ad
930 2655 1201 2706 tantum
1230 2637 1420 2730 nefas
1439 2693 1457 2726 ,
1490 2661 1745 2735 magna
1775 2652 2041 2733 oportet
2068 2631 2236 2703 serie
2268 2630 2588 2730 parricida
2612 2626 2866 2711 veniat,

808 2769 875 2820 et
906 2776 1029 2847 per
1052 2748 1423 2820 hominum
1450 2749 1879 2846 deorumque
1905 2767 2416 2844 contemptum,
2439 2743 2518 2814 ad
2542 2740 2867 2812 ultimum

810 2866 1006 2938 nefas
1048 2867 1481 2938 conscendat.
1530 2866 1723 2955 Quid
1776 2865 1907 2936 hoc
1952 2884 2091 2954 est,
2135 2863 2407 2964 judices
2443 2888 2458 2932 :
2499 2857 2874 2930 maximum

811 2981 1130 3053 omnium
1169 3007 1283 3052 reo
1313 2981 1580 3053 crimen
1620 2979 1964 3081 objicitur,
1996 3000 2061 3051 et
2098 2979 2326 3050 solum
2361 3005 2376 3047 ε
2419 3002 2560 3047 non
2590 2974 2880 3045 circum-

811 3094 1097 3193 scriptus
1122 3095 1425 3168 amicus:
1467 3117 1731 3170 cessant
1767 3096 1973 3167 etiam
2011 3092 2382 3166 familiaria
2417 3087 2878 3164 adolescentiae

813 3208 1133 3282 crimina:
1166 3229 1234 3282 et
1260 3238 1348 3283 ne
1371 3211 1439 3282 in
1463 3212 1701 3285 scortis
1722 3209 2008 3309 quidem
2032 3235 2184 3280 reus
2207 3207 2384 3279 male
2407 3205 2619 3279 audio
2634 3203 2687 3275 4.
2726 3203 2879 3274 Plus

816 3322 1096 3397 fortasse
1121 3353 1330 3423 quam
1364 3326 1659 3424 putatis,
1684 3324 1991 3428 judices,
2025 3320 2397 3421 pollicebor
2425 3348 2439 3392 :
2480 3346 2624 3391 non
2649 3342 2884 3419 quem-

815 3435 986 3508 libet
1017 3464 1096 3509 ex
1124 3439 1258 3511 illis
1286 3441 1664 3529 subselliis,
1694 3439 1813 3512 sed
1846 3454 2309 3511 accusatorem
2344 3436 2575 3534 ipsum
2600 3491 2618 3524 ,
2654 3432 2884 3503 lauda·

893 3621 934 3655 ι.
975 3605 1029 3657 V
1023 3618 1210 3660 ocams.
1241 3611 1376 3662 Huic
1408 3610 1811 3678 corruptissime
1889 3608 2068 3658 But-m.
2085 3619 2135 3658 et
2151 3604 2312 3657 Haclt.
2324 3605 2512 3655 Franc.
2530 3600 2773 3666 volebat,
2788 3598 2882 3651 vin·

817 3684 1194 3738 Declamationi
1208 3692 1371 3759 junge
1387 3689 1567 3741 Senec.
1588 3687 1680 3739 lib.
1694 3689 1811 3749 vn,
1889 3685 1974 3736 cla
1995 3695 2189 3737 naturoe
2211 3682 2452 3736 dissolvat
2467 3720 2483 3746 ,
2503 3680 2584 3732 vel
2605 3690 2807 3745 exunat,
2833 3688 2881 3726 ut

814 3757 961 3809 Decl.
981 3757 1041 3819 3;
1062 3771 1113 3809 et
1136 3760 1381 3811 Contu-ov.
1405 3762 1497 3826 ΙΙΙ,
1523 3761 1603 3812 18.
1631 3762 1810 3810 AEnon.
1891 3783 2029 3815 mox.
2057 3763 2262 3825 Malim,
2283 3780 2334 3813 se
2354 3760 2534 3813 solvat.
2558 3788 2632 3799 --
2655 3758 2746 3809 Ad
2769 3754 2880 3807 ulti-

818 3836 934 3887 Vid.
953 3851 1001 3888 et
1016 3836 1161 3888 Fabii
1178 3837 1319 3889 Decl.
1338 3838 1558 3888 XIX.—
1574 3839 1808 3890 Vocatus.
1891 3862 2034 3894 mum
2067 3841 2228 3912 nefas.
2256 3840 2386 3892 Vide
2419 3840 2665 3892 volumen
2693 3843 2742 3889 V
2772 3854 2882 3889 nos·

818 3914 932 3965 Vct.
953 3914 1074 3967 cod.
1091 3953 1108 3981 ,
1129 3915 1322 3969 locatus
1362 3918 1506 3968 Pri-n.
1530 3921 1603 3969 Ita
1633 3916 1809 3968 AErod.
1893 3923 1958 3970 tri
1985 3920 2297 3988 Quintiliani
2312 3958 2329 3985 ‚
2355 3937 2474 3990 pag.
2503 3919 2564 3984 8,
2585 3930 2699 3969 not.
2732 3935 2774 3967 1.
2798 3917 2876 3966 En.

890 4010 935 4043 2.
967 3995 1093 4046 Reus
1123 4007 1195 4049 est
1219 3996 1376 4067 patri.
1406 3996 1537 4050 Reus
1567 4008 1641 4048 est
1664 4009 1813 4068 patre
1964 3996 2123 4064 4.1n
2155 4000 2326 4050 scortis
2358 3997 2564 4068 quidem
2604 4014 2720 4048 reus
2757 3990 2880 4045 male

819 4087 1109 4139 accusante,
1137 4077 1311 4129 AEmd.
1418 4067 1437 4075 ”
1892 4080 2067 4132 audio.
2107 4081 2181 4130 lta
2216 4079 2425 4131 locutus
2449 4091 2500 4128 et
2525 4078 2763 4129 Macroh.
2781 4075 2877 4126 Sat.

889 4151 939 4201 3.
963 4152 1223 4205 Exsolvat.
1255 4156 1323 4207 Se
1347 4154 1609 4221 exsolvat,
1637 4156 1812 4209 AErod.
1893 4160 1971 4223 Π,
2012 4175 2040 4209 2
2071 4178 2084 4207 ε
2129 4180 2152 4203 α
2173 4159 2309 4209 Nam
2346 4156 2569 4208 Plancus
2605 4157 2660 4206 in
2712 4154 2882 4206 ania

814 4231 1017 4283 <schulz
1043 4233 1170 4286 Obr.
1197 4248 1248 4286 et
1276 4254 1368 4287 nos
1395 4255 1514 4288 cum
1548 4239 1662 4308 Bip.
1696 4237 1812 4290 adv.
1902 4260 1925 4284 ι
1943 4237 2092 4294 Galla
2117 4251 2282 4310 nupta
2303 4237 2441 4292 male
2465 4234 2729 4289 audiebat.
2752 4259 2773 4282 a
