3200 5117
770 551 853 628 24
1265 546 1359 609 Μ.
1408 543 1655 608 mnu
1704 541 2340 624 QmNTthNl

768 692 883 737 rea
919 665 1097 736 hanc
1136 690 1416 761 quoque
1459 664 1754 763 proponi
1793 664 2416 761 praescriptionem:
2465 691 2699 736 nonne
2730 663 2849 737 illa

766 800 1220 878 patronorum
1241 776 1552 850 defensio
1584 777 1979 848 firmissima
1998 777 2153 867 erit,
2173 776 2385 849 habes
2412 776 2807 849 adulterum
2827 835 2845 867 ,

763 894 876 967 lex
907 915 971 966 te
1003 895 1091 966 ab
1125 894 1245 966 illo
1279 893 1489 964 ordiri
1528 892 1777 994 jubet:
1825 893 1995 990 quid
2026 892 2359 966 transilis?
2386 894 2517 965 hoc
2558 893 2630 966 in
2671 894 2851 966 hanc

767 1035 912 1081 non
942 1030 1160 1109 potest
1183 1009 1345 1082 dici.
1376 1008 1558 1098 Quis
1587 1008 1799 1107 igitur
1826 1008 2058 1080 credat
2090 1009 2146 1111 ej
2158 1036 2237 1079 us
2265 1009 2679 1081 conditionis
2706 1036 2848 1082 esse

755 1124 920 1229 jura
965 1124 1143 1214 ulla,
1182 1144 1263 1194 ut
1285 1121 1550 1219 aliquid
1587 1148 1732 1194 non
1773 1123 1976 1196 liceat
2016 1144 2084 1197 et
2123 1151 2394 1196 necesse
2423 1123 2547 1196 sit?
2585 1151 2752 1196 nam
2791 1125 2848 1196 si

765 1237 941 1308 mihi
984 1239 1117 1309 hoc
1151 1237 1241 1309 ab
1282 1263 1366 1308 ea
1398 1236 1596 1324 dicit,
1643 1238 1910 1310 Accusa
1943 1238 2137 1336 prius
2179 1238 2570 1311 adulterum
2596 1297 2614 1329 ,
2661 1238 2747 1310 ad
2783 1259 2846 1310 te

764 1355 965 1426 venio
988 1369 1045 1424 ¹:
1086 1352 1505 1451 respondeo,
1542 1379 1857 1427 accusare
1890 1354 2284 1427 adulterum
2326 1354 2512 1426 volo:
2555 1355 2702 1427 haec
2735 1354 2849 1425 di-

766 1494 1029 1556 cerem,
1071 1468 1128 1539 si
1158 1493 1304 1538 non
1339 1466 1812 1558 inchoassem,
1839 1468 1896 1541 si
1926 1469 2103 1540 nihil
2135 1470 2470 1541 fecissem.
2500 1471 2704 1540 Nunc
2739 1468 2846 1566 egi

766 1611 929 1657 cum
951 1585 1285 1675 adultero,
1298 1604 1366 1655 et
1376 1584 1432 1655 si
1447 1605 1813 1656 contentus
1828 1612 2043 1657 essem
2060 1585 2411 1658 voluntate
2431 1585 2597 1684 legis
2613 1643 2634 1677 ,
2649 1610 2847 1683 agere

765 1699 992 1791 volui,
1036 1728 1158 1800 per
1201 1727 1312 1772 me
1356 1727 1498 1772 non
1534 1701 1753 1773 stetit:
1785 1701 2012 1779 ,habet
2051 1701 2157 1773 lex
2196 1702 2515 1773 animum
2558 1726 2796 1772 meum
2829 1727 2843 1770 :

768 1818 941 1916 coepi
962 1873 980 1905 ,
1021 1818 1165 1915 egi,
1199 1843 1329 1889 nec
1362 1816 1467 1888 lex
1499 1817 1740 1914 utique
1775 1816 1920 1890 ullo
1949 1819 2204 1917 scripto
2230 1818 2363 1891 hoc
2395 1815 2850 1914 comprehen-

769 1933 892 2026 dit,
927 1953 1003 2004 ut
1034 1932 1207 2003 mihi
1233 1958 1507 2004 necesse
1533 1932 1621 2004 sit
1647 1959 1846 2031 agere
1876 1960 2097 2031 usque
2127 1933 2215 2005 ad
2246 1934 2497 2005 finem:
2530 1958 2698 2003 nam
2723 1931 2847 2002 etsi

760 2046 1029 2146 judices
1079 2046 1580 2136 consedissent,
1625 2069 1693 2119 et
1729 2047 2209 2137 absolvissent,
2254 2075 2381 2146 ego
2420 2068 2655 2119 tamen
2690 2071 2850 2143 ege-

765 2190 938 2234 ram.
960 2166 1267 2259 Apparet
1284 2162 1496 2260 igitur
1515 2188 1658 2234 non
1683 2162 1864 2233 exitu
1886 2161 2133 2260 judicii
2157 2184 2458 2236 constare
2481 2161 2845 2249 actionem,

769 2277 887 2349 sed
938 2277 1261 2349 introitu:
1309 2276 1516 2376 igitur
1553 2277 1611 2347 si
1653 2276 2006 2349 absolutus
2050 2277 2348 2367 essetis,
2393 2304 2601 2374 quem
2647 2296 2845 2347 tuum

770 2390 1160 2461 adulterum
1201 2390 1551 2478 dicebam,
1586 2416 1786 2487 agere
1819 2390 1995 2460 mihi
2037 2412 2266 2463 tecum
2299 2391 2580 2479 licebat,
2624 2409 2689 2460 et
2721 2389 2848 2461 ista

768 2504 1180 2603 praescriptio
1204 2504 1402 2577 nulla
1425 2524 1629 2575 esset:
1664 2530 1854 2576 nunc
1881 2531 2024 2578 non
2057 2506 2291 2578 licebit
2318 2532 2519 2605 agere
2538 2562 2556 2595 ‚
2587 2504 2752 2604 quia
2774 2530 2844 2575 se

768 2619 1119 2690 confessus
1147 2637 1250 2690 est
1278 2616 1538 2690 absolvi
1568 2644 1708 2688 non
1735 2618 1973 2718 posse?
2003 2619 2146 2718 egi:
2185 2641 2352 2718 puta
2373 2619 2562 2692 enim
2601 2618 2845 2689 eadem

767 2736 995 2806 statim
1037 2735 1188 2824 die,
1236 2761 1375 2832 qua
1416 2761 1616 2806 reum
1659 2734 1908 2825 detuli,
1954 2735 2351 2834 interrogari
2385 2757 2487 2807 te:
2534 2734 2704 2832 quid
2738 2735 2847 2805 fa-

769 2848 994 2919 ciam?
1038 2877 1127 2921 an
1169 2870 1327 2921 ante
1361 2877 1582 2949 quum
1629 2850 1876 2921 album
1923 2850 2284 2948 descripsi,
2320 2877 2540 2949 quum
2572 2849 2844 2952 judices

767 2964 1012 3064 rejeci,
1058 2991 1183 3062 per
1227 2961 1393 3036 illas
1419 2991 1666 3037 omnes
1708 2991 1938 3037 moras
1969 2965 2401 3066 judiciorum
2450 2966 2694 3062 longas
2734 2964 2848 3034 ni-

766 3078 997 3149 mium
1019 3134 1039 3168 ,
1077 3100 1144 3151 et
1175 3106 1297 3178 pro
1327 3080 1741 3152 nocentibus
1772 3080 2214 3179 compositaS,
2252 3080 2422 3177 quid
2451 3078 2640 3150 aliud
2674 3078 2842 3168 feci,

766 3220 981 3292 quam
1009 3216 1088 3267 ut
1112 3195 1436 3296 agerem?
1480 3222 1622 3268 non
1655 3196 2110 3269 inficiaberis²
2146 3224 2261 3269 me
2295 3222 2491 3295 agere
2524 3194 2795 3292 coepisse
2825 3222 2839 3265 :

762 3308 980 3405 quid*
1006 3312 1127 3408 qui
1155 3338 1353 3409 agere
1382 3311 1620 3409 coepit,
1654 3311 1822 3409 quia
1839 3310 2053 3406 semel
2091 3309 2404 3408 contigit,
2425 3336 2600 3382 num
2619 3335 2843 3408 quum

841 3477 884 3511 ι.
905 3459 993 3510 Ad
1026 3471 1074 3511 te
1117 3461 1281 3513 venio.
1321 3463 1536 3532 Respon.
1573 3463 1762 3513 Forte:
1842 3461 1983 3530 pn’us
2017 3461 2344 3524 adulterum,
2378 3460 2541 3513 cedite
2574 3459 2751 3532 (cedat
2789 3460 2843 3511 in

772 3563 795 3589 α
814 3543 949 3595 Nam
977 3542 1019 3591 si
1048 3540 1176 3592 mihi
1216 3540 1321 3594 boc
1348 3542 1417 3595 ab
1454 3561 1516 3595 ea
1552 3540 1765 3614 dicitur,
1843 3538 2336 3609 emendationibus)
2361 3538 2608 3609 proemt'o,
2643 3555 2844 3607 respon-

771 3644 795 3667 «
814 3621 1016 3672 Accusa
1040 3622 1185 3690 prius
1201 3618 1524 3684 adulterum;
1543 3640 1763 3693 respou—
1842 3618 1967 3670 debo
1979 3657 1998 3684 ,
2063 3636 2301 3670 accusare
2353 3618 2647 3671 adulterum
2701 3615 2839 3667 volo.

771 3719 794 3744 a
815 3696 945 3764 deo,
967 3695 1049 3748 Ad
1075 3710 1126 3749 te
1151 3699 1325 3752 venire
1343 3714 1591 3752 accusato
1612 3698 1766 3751 adul·
1843 3698 2166 3752 ObrechtuS.

770 3800 793 3823 α
814 3789 925 3828 tero
958 3777 1100 3828 volo.
1123 3801 1144 3822 n
1173 3777 1338 3828 Gnon.
1375 3779 1548 3850 Lego:
1583 3801 1606 3825 οι
1625 3780 1762 3831 Nam
1915 3782 2104 3834 2.Non
2128 3779 2447 3852 inficiaberis.
2462 3780 2636 3849 Lego:
2660 3802 2681 3824 α
2701 3780 2843 3831 Num

770 3875 793 3898 u
812 3857 855 3906 si
883 3854 1010 3906 mihi
1034 3854 1137 3907 hoc
1162 3855 1228 3907 ab
1266 3874 1329 3907 ea
1361 3855 1640 3922 diceretur,
1659 3859 1763 3909 Ac·
1848 3883 1868 3907 ιι
1889 3863 1982 3913 inf.
2008 3882 2078 3913 m.
2113 3881 2159 3914 a.
2200 3862 2457 3932 coepisse?
2479 3878 2645 3931 quum
2671 3861 2761 3931 qui
2792 3878 2838 3911 a.

769 3953 792 3978 α
813 3952 938 3985 cusa
956 3935 1102 4004 prius
1128 3932 1440 3987 adulterum.
1464 3934 1668 3989 Deinde
1692 3934 1760 3987 ad
1841 3960 1885 3993 ο.
1910 3960 1964 4012 q.
1990 3959 2032 3993 s.
2053 3959 2100 3993 c.
2127 3958 2400 4009 nunquam
2432 3957 2541 3990 non
2560 3958 2716 4010 agere
2738 3957 2844 3990 coe-

770 4035 792 4057 α
814 4031 897 4063 me
915 4014 1052 4064 veni.
1069 4013 1492 4085 Respondet-em,
1513 4033 1761 4066 accusare
1849 4041 1870 4064 a
1889 4021 1970 4090 pit
1992 4041 2004 4069 :
2042 4037 2218 4090 neque
2250 4031 2422 4069 tamen
2457 4018 2654 4084 videri,
2686 4030 2785 4068 etc.
2811 4041 2835 4064 a

771 4111 793 4135 a
812 4088 1111 4141 adulterum
1143 4089 1299 4156 nolo,
1318 4115 1340 4138 ιι
1386 4093 1506 4162 quia
1536 4090 1761 4157 scilicet,
1843 4099 2060 4151 Senum,
2110 4124 2132 4145 a
2152 4099 2269 4168 Egit
2315 4099 2406 4168 qui
2452 4115 2606 4167 agere
2649 4097 2843 4168 coepit,

764 4186 872 4219 non
944 4186 1161 4238 possum
1214 4170 1362 4240 prius
1429 4187 1583 4238 agere
1641 4188 1762 4222 cum
1848 4199 1870 4222 a
1892 4178 2017 4247 quia
2041 4176 2200 4230 semel
2225 4177 2444 4246 contigit
2466 4194 2641 4237 reum3
2679 4193 2842 4247 quum

761 4246 1021 4300 adultero.
1068 4251 1282 4302 Senum.
1321 4250 1543 4315 Dicitur,
1583 4271 1762 4305 accusa
1848 4277 1870 4302 κ
1892 4274 2047 4327 agere
2067 4257 2229 4326 coepi,
2255 4255 2353 4327 egi.
2373 4277 2395 4301 ιο
2418 4252 2670 4306 Obrecht.
