3200 5117
820 508 946 588 440
1323 503 1416 567 Μ.
1463 501 1714 565 FABII
1759 500 2395 582 QUINTILIANI

819 628 1131 700 culosam
1176 625 1430 715 fuisse,
1482 651 1636 723 quae
1682 621 2002 722 praedicta
2027 636 2045 666 ¹
2098 644 2300 714 sunt,
2348 621 2759 696 ostendunt.
2815 626 2917 696 Ne

813 739 1202 840 ignorantia
1229 737 1515 839 quidem
1544 736 1830 810 defendi
1861 758 2124 836 potest:
2157 736 2229 808 id
2257 737 2449 835 quod
2475 738 2771 828 accidit,
2810 738 2917 810 dc·

815 858 1234 929 nunciatum
1258 877 1359 929 est
1386 883 1400 926 :
1432 856 1665 952 itaque
1693 880 1838 926 non
1863 875 2005 926 tam
2035 853 2111 924 in
2140 852 2544 926 defensione
2573 854 2913 926 fiduciam

814 973 1058 1062 habet,
1099 999 1313 1071 quam
1345 971 1420 1044 in
1458 971 1609 1070 lege
1640 997 1654 1042 τ
1694 997 1822 1043 nec
1855 991 1998 1043 tam
2032 969 2256 1043 dicere
2289 990 2550 1070 potest,
2586 970 2818 1044 scelus
2847 999 2911 1043 se

815 1115 960 1160 non
993 1088 1270 1177 fecisse,
1309 1113 1527 1186 quam
1568 1084 1784 1175 illud,
1829 1086 2119 1184 impune
2154 1084 2434 1158 fecisse:
2475 1105 2687 1183 negat
2720 1085 2909 1156 enim

815 1228 883 1273 se
932 1201 1154 1275 teneri
1202 1225 1398 1301 posse
1435 1198 1790 1289 veneficii,
1824 1199 2164 1298 quoniam
2210 1225 2353 1271 non
2398 1198 2665 1272 dederit
2701 1226 2907 1272 vene-

814 1344 1013 1391 num.
1043 1321 1289 1390 Postea
1313 1316 1709 1390 videbimus
1726 1373 1747 1406 ,
1775 1337 1843 1388 et
1869 1316 2225 1414 quomodo
2255 1315 2800 1416 intelligendum
2828 1317 2908 1389 sit

813 1458 1205 1522 venenum,
1253 1451 1320 1505 et
1362 1458 1451 1503 an
1493 1432 1671 1520 hoc,
1720 1430 1909 1530 quod
1954 1431 2202 1503 datum
2244 1451 2377 1521 est,
2424 1430 2547 1502 illo
2589 1451 2904 1530 tempore

810 1547 1025 1619 fuerit
1049 1572 1402 1620 venenum
1432 1573 1447 1617 :
1486 1544 1766 1617 interim
1805 1565 2132 1644 putemus
2172 1545 2442 1617 nullam
2479 1543 2714 1642 legem
2748 1544 2901 1617 huic

813 1658 1049 1732 sceleri
1086 1659 1362 1759 proprie
1392 1684 1534 1732 esse
1572 1658 2014 1731 constitutam
2043 1685 2057 1729 :
2090 1684 2328 1731 nonne
2360 1657 2677 1758 proxima
2714 1679 2902 1731 uten-

815 1772 988 1846 dum
1031 1774 1172 1846 est?
1215 1776 1375 1846 Non
1416 1773 1661 1872 ignoro
1708 1800 1850 1846 esse
1890 1774 2327 1872 frequentem
2372 1773 2786 1875 hujusmodi
2827 1774 2895 1844 in

804 1889 1092 1991 judiciis
1139 1889 1528 1962 minoribus
1575 1889 1933 1962 dumtaxat
1979 1890 2538 1980 contentionem,
2587 1910 2671 1961 ut
2716 1889 2893 1962 exci-

811 2006 988 2079 disse
1014 2006 1359 2097 formula,
1385 2005 1442 2077 si
1472 2005 1736 2096 aliter2,
1767 2031 1986 2102 quam
2015 2003 2314 2103 potuerit
2340 2030 2540 2103 agere
2557 2062 2577 2095 ,
2610 2004 2889 2077 dicatur.

812 2120 947 2191 Sed
980 2120 1124 2192 haec
1158 2139 1329 2192 tunc
1358 2119 1626 2208 valent,
1663 2145 1888 2218 quum
1922 2117 2310 2191 ostenditur
2339 2117 2459 2219 jus
2490 2117 2730 2210 aliud,
2760 2145 2890 2218 quo

814 2235 1175 2334 agendum
1218 2235 1307 2307 sit
1341 2262 1356 2308 :
1406 2235 1638 2332 itaque
1682 2235 1738 2306 si
1782 2234 1988 2324 dicis,
2037 2262 2178 2331 qua
2219 2234 2369 2333 lege
2410 2234 2549 2307 alia
2587 2260 2890 2308 accusare

816 2349 1178 2424 debuerim
1200 2410 1220 2444 ,
1269 2351 1515 2425 merito
1559 2351 1867 2424 excludis
1906 2351 2128 2442 hanc,
2176 2377 2316 2452 qua
2358 2350 2510 2450 lege
2559 2378 2711 2451 ago.
2762 2350 2891 2425 Sed

814 2492 1044 2567 neque
1076 2465 1258 2541 hanc
1285 2467 1633 2541 actionem
1666 2494 1898 2540 meam
1928 2465 2272 2558 admittis,
2297 2466 2739 2565 nequeraliud
2770 2466 2889 2539 de-

815 2600 1185 2672 monstras,
1211 2608 1352 2681 quo
1378 2581 1703 2654 recedam
1727 2578 1817 2652 ab
1841 2580 1968 2652 hac
1995 2580 2146 2679 lege
2173 2580 2539 2678 depulsus:
2565 2578 2690 2652 hoc
2709 2604 2882 2649 con-

811 2694 1037 2768 tendis
1055 2751 1074 2785 ,
1100 2714 1179 2767 ut
1198 2694 1414 2785 istud,
1440 2695 1708 2768 etiamsi
1730 2693 1951 2768 scelus
1973 2693 2087 2780 sit,
2109 2694 2336 2766 facere
2359 2691 2635 2765 licuerit.
2655 2692 2874 2788 Atque

810 2811 944 2884 hoc
989 2810 1257 2883 etiamsi
1296 2837 1445 2883 non
1485 2811 1763 2911 proprie
1806 2810 2272 2910 conscriptum
2295 2866 2314 2900 ,
2352 2804 2880 2881 3consuetudine

801 2924 1240 3026 judiciorum
1266 2952 1697 3023 consequens
1720 2946 1847 3017 est,
1874 2925 2143 3027 quoties
2169 2924 2402 3023 aliqua
2425 2922 2698 3023 propria
2718 2920 2885 2993 actio

811 3040 885 3114 in
922 3069 1080 3133 *rem
1124 3069 1268 3115 non
1313 3042 1535 3135 detur,
1577 3044 1680 3115 uti
1722 3043 2034 3143 proxima
2076 3064 2142 3115 et
2182 3040 2420 3113 simili.
2462 3039 2669 3112 Nulla
2710 3058 2888 3112 tanta

810 3183 1123 3256 mmfitisse,
1140 3185 1317 3239 AErod.
1335 3186 1814 3260 Eapen'culafuis-

808 3280 888 3314 se:
911 3263 1019 3330 vel,
1043 3283 1159 3318 eam
1178 3264 1411 3338 periculo
1424 3264 1592 3335 fuisse
1607 3302 1625 3330 ,
1648 3284 1810 3338 marg.

889 3356 932 3389 ι.
967 3341 1094 3410 Quoe
1119 3343 1383 3413 praedicta.
1418 3342 1512 3408 tis,
1536 3360 1654 3417 quoe
1679 3359 1813 3414 proe-

810 3417 948 3469 dicta
968 3429 1117 3484 sunt,
1140 3421 1443 3473 ostenditur.
1471 3421 1689 3474 Suum-r.

884 3511 932 3544 2.
965 3494 1034 3546 Ut
1049 3498 1327 3568 pecuniam
1351 3499 1588 3552 excidisse
1600 3497 1814 3569 sonuu-

811 3572 891 3639 la,
918 3585 976 3626 ut
997 3573 1164 3628 aliter.
1191 3577 1466 3630 AErodins:
1492 3589 1551 3630 ut
1567 3579 1813 3651 pecunia-

810 3653 923 3719 riis,
948 3671 1020 3704 an
1043 3653 1281 3707 excidisse
1293 3654 1561 3725 famula,
1585 3657 1678 3729 qui
1700 3673 1814 3727 eqe-

808 3732 879 3783 n't
899 3731 1068 3786 aliter.
1083 3733 1489 3803 ,Gonjiciebam:
1521 3737 1814 3789 contentio-

808 3833 927 3867 nem
963 3814 1029 3866 de
1056 3817 1317 3887 pecunia,
1346 3827 1406 3869 ut
1433 3817 1674 3871 excidisse
1695 3815 1816 3887 fon-

807 3891 986 3956 mula,
1024 3893 1116 3965 qui
1149 3890 1322 3959 aliter,
1358 3913 1520 3968 quam
1552 3897 1810 3967 pomer-it,

807 3973 996 4040 egerit,
1022 3972 1240 4025 dicatur.
1270 3974 1437 4026 Giton.
1470 3974 1539 4026 Ut
1559 3974 1814 4046 pecunia-

808 4065 923 4099 rum
944 4049 1184 4104 excidisse
1196 4070 1352 4124 quem
1362 4052 1639 4123 fomula,
1657 4065 1715 4106 ut
1730 4052 1814 4105 vel

806 4123 995 4177 aliter.-
1032 4137 1094 4178 ut
1127 4147 1227 4200 pro
1267 4129 1432 4201 quod.
1472 4131 1689 4184 Senum.
1744 4131 1815 4183 Ut

804 4216 1061 4276 petentem
1075 4209 1315 4264 excidisse
1317 4209 1561 4282 formula
1570 4250 1590 4279 ‚
1606 4222 1690 4280 ut,
1708 4225 1808 4266 etc.

1893 3185 2022 3239 Obr.
2054 3186 2123 3239 Ut
2148 3187 2344 3259 petitor
2370 3184 2636 3245 excidisse,
2668 3183 2884 3236 Brisson.

1892 3264 1959 3317 de
1993 3264 2213 3317 Verbor.
2251 3266 2383 3335 sign.
2415 3265 2470 3314 in
2505 3261 2669 3316 verbo
2701 3262 2883 3314 cadere.

1891 3344 2005 3414 Ego
2029 3341 2191 3395 credo
2211 3341 2323 3394 haec
2339 3380 2357 3408 ,
2380 3351 2440 3394 ut
2455 3341 2740 3414 pecuniam
2758 3378 2776 3406 ,
2800 3337 2888 3391 ad-

1892 3423 2087 3493 scripta
2111 3440 2141 3473 a
2168 3420 2492 3492 glossatore,
2521 3432 2582 3470 ut
2611 3418 2888 3491 explicaret

1892 3502 2008 3569 illa,
2031 3503 2088 3554 in
2107 3502 2315 3574 judiciis
2335 3502 2643 3565 minoribus,
2667 3501 2753 3554 vel
2776 3517 2888 3554 con·-

1894 3584 2174 3635 tentionem
2193 3619 2210 3647 ,
2258 3580 2449 3652 quibus
2495 3593 2556 3633 nt
2600 3579 2886 3653 exemplum

1893 3660 2170 3732 adscripsit
2186 3698 2203 3726 ,
2235 3671 2295 3714 ut
2319 3659 2557 3731 pecunioe
2571 3696 2590 3726 ,
2619 3658 2706 3711 vel
2737 3675 2888 3731 pecu·

1893 3739 2134 3793 niarium.
2162 3740 2229 3791 Et
2260 3737 2577 3809 legendum,
2608 3739 2888 3790 contentio-

1892 3836 2012 3869 nem
2022 3856 2040 3884 ,
2061 3829 2118 3870 ut
2135 3815 2373 3870 excidisse
2378 3813 2652 3888 formula,
2669 3815 2884 3877 sialiter,

1890 3914 2048 3968 quam
2058 3896 2288 3968 potuerit
2299 3913 2448 3968 agere
2456 3932 2476 3961 ‚
2490 3894 2713 3946 dicatur.
2730 3896 2881 3946 Bm.

1889 3979 2097 4029 —Haec
2119 3997 2280 4050 porro
2303 3979 2506 4048 recepit
2527 3975 2651 4029 edit.
2674 3977 2789 4049 Bip.
2807 3976 2886 4028 cui

1888 4054 2047 4107 facile
2068 4058 2396 4109 assentimur.
2420 4056 2515 4108 En.

1961 4134 2012 4188 3.
2055 4138 2447 4191 Consuetudine.
2489 4133 2883 4197 consuetudini,

1891 4213 2069 4267 AErod.
