3200 5117
767 562 884 641 124
1263 560 1355 623 M.
1406 558 1655 623 FABII
1699 558 2330 641 QUINTILIANI

760 680 955 752 irasci
983 679 1482 752 calamitatibus
1511 708 1524 721 ·
1559 701 1799 752 caetera
1819 678 1970 779 jam
2002 680 2334 779 imputari
2361 681 2491 780 ipsi
2523 708 2667 755 non
2693 712 2847 784 pos-

759 817 960 867 sunt:
994 795 1309 867 hostibus
1342 796 1650 867 confessa
1684 816 1783 867 est
1803 824 1821 884 ;
1862 795 2185 867 nondum
2221 796 2372 867 dico
2414 817 2629 888 torta3
2672 800 2843 871 illud

758 910 919 983 satis
961 931 1060 983 est
1097 910 1361 1001 dicere,
1404 909 1689 982 femina.
1737 911 1808 981 Si
1855 910 2250 982 mehercule
2293 912 2532 1010 primae
2576 933 2842 988 tantum

762 1028 999 1117 minae,
1025 1054 1105 1099 ac
1126 1026 1333 1099 timor
1361 1025 1478 1097 ille
1502 1027 1869 1118 exercitus»,
1896 1027 2017 1122 qui
2044 1026 2254 1099 modo
2275 1028 2563 1100 feliciter
2585 1056 2846 1129 pugna·

760 1164 977 1232 verat,
1012 1140 1434 1214 confudisset
1460 1141 1836 1231 feminam,
1872 1142 2148 1231 orbam,
2177 1162 2571 1242 stupentem
2603 1144 2844 1235 malis3

761 1277 902 1330 erat
927 1277 1157 1328 tamen
1190 1283 1292 1329 res
1323 1256 1535 1356 digna
1559 1258 1785 1329 venia.
1809 1257 2144 1328 Confessa
2163 1277 2295 1346 est,
2315 1284 2538 1357 quum
2564 1279 2845 1356 torque-

762 1391 983 1444 retur:
1022 1371 1146 1444 ubi
1185 1392 1456 1443 tantum
1487 1371 1699 1442 robur
1725 1370 1988 1458 animi,
2025 1370 2148 1442 ubi
2188 1392 2333 1443 tam
2374 1373 2650 1445 firmam
2677 1375 2844 1446 soli-

761 1485 1062 1584 damque
1090 1504 1399 1556 mentem
1425 1497 1475 1574 ¹,
1506 1509 1659 1580 quae
1689 1509 1833 1554 non
1868 1481 2107 1568 dolore
2135 1484 2469 1574 vincatur,
2498 1511 2638 1558 non
2668 1487 2849 1586 igni-

762 1600 894 1670 bus
931 1598 1162 1690 cedat,
1196 1625 1343 1671 non
1373 1597 1774 1672 verberibus
1808 1598 2258 1696 ingemiscat?
2289 1599 2470 1672 hanc
2498 1628 2657 1673 vero
2690 1602 2847 1675 satis

761 1716 1045 1808 fortiter,
1080 1743 1157 1788 ac
1186 1742 1394 1815 supra
1424 1741 1661 1788 sexum
1686 1742 1894 1787 suum
1917 1715 2158 1788 fecisse
2181 1715 2421 1807 credo,
2452 1718 2638 1817 quod
2669 1718 2850 1790 nihil

766 1831 969 1923 dixit,
1004 1853 1382 1931 antequam
1416 1852 1871 1928 torqueretur.
1906 1834 1988 1903 In
2020 1830 2130 1904 his
2162 1853 2397 1905 tamen
2427 1834 2847 1908 necessitati-

765 1946 933 2038 bus,
983 1948 1056 2019 in
1100 1948 1209 2021 his
1247 1949 1488 2039 malis,
1531 1975 1709 2020 num
1758 1948 2258 2022 demonstravit
2298 1950 2560 2041 aditus,
2594 1952 2850 2052 quibus

765 2062 839 2134 in
874 2063 1124 2136 urbem
1151 2064 1388 2136 venire
1427 2062 1743 2163 possent?
1782 2089 1955 2135 num
1997 2066 2347 2164 proposita
2380 2066 2648 2139 nostra?
2676 2093 2851 2139 num

767 2179 1107 2251 occultam
1138 2179 1417 2252 civitatis
1449 2179 1878 2252 voluntatem
1912 2180 2274 2280 patefecit?
2307 2209 2529 2281 quum
2570 2204 2852 2283 torque-

768 2314 985 2384 retur,
1031 2296 1303 2368 minata
1348 2312 1511 2369 est‘.
1558 2298 1655 2368 At
1699 2320 2017 2396 oppressa
2063 2317 2225 2369 sunt
2272 2298 2527 2370 auxilia
2573 2327 2615 2370 a
2657 2299 2854 2372 sociis

769 2407 973 2480 missa
1001 2438 1015 2478 ε
1052 2410 1110 2482 si
1144 2409 1401 2483 damna
1433 2410 1783 2484 bellorum
1818 2411 2072 2484 deflere
2106 2411 2261 2505 hic,
2283 2412 2593 2513 judices,
2626 2434 2852 2503 vacat;

767 2523 968 2624 plura
1014 2526 1484 2623 perdidimus,
1532 2547 1598 2598 et
1643 2526 1867 2598 aciem
1917 2526 2151 2618 illam,
2205 2553 2356 2624 quae
2404 2527 2581 2599 circa
2627 2527 2855 2598 filium

770 2639 1033 2712 miserae
1069 2638 1278 2741 hujus
1309 2640 1495 2741 jacet
1531 2668 1545 2710 :
1596 2660 1695 2712 tot
1730 2640 2087 2713 fortissimi
2118 2640 2293 2713 cives
2329 2640 2543 2720 nostri
2578 2639 2854 2712 cecide-

771 2775 968 2828 runt:
1006 2754 1247 2827 sivero
1273 2755 1379 2827 lex
1409 2755 1537 2827 ista
1560 2755 1727 2828 belli
1756 2777 1889 2846 est,
1920 2756 1978 2827 si
2012 2754 2206 2827 nulla
2235 2782 2548 2854 unquam
2581 2774 2721 2825 tam
2752 2754 2856 2826 in·

770 2889 1050 2941 cruenta
1076 2869 1360 2942 victoria
1385 2871 1703 2969 contigit,
1736 2897 1892 2968 quae
1910 2895 2056 2942 non
2076 2869 2360 2941 haberet
2376 2868 2682 2968 aliquam
2703 2869 2858 2940 tris-

770 2968 933 3056 titiae'
974 2987 1559 3076 recordationem3
1594 2986 2040 3086 pensavimus
2086 2986 2328 3058 omnia
2379 2986 2507 3058 ista
2551 2984 2850 3057 victoria.

770 3105 1038 3174 Recuso
1054 3100 1083 3146 ³
1109 3125 1187 3176 ut
1208 3104 1420 3203 possit
1441 3103 1655 3175 videri
1683 3103 2008 3175 secundis
2036 3102 2397 3174 ominibus
2415 3158 2434 3192 ,
2462 3123 2529 3174 et
2553 3100 2854 3206 quadam

773 3217 1202 3315 providentia
1229 3244 1354 3317 pro
1383 3218 1585 3290 nobis
1616 3217 1905 3290 deorum
1928 3216 2434 3288 immortalium
2453 3216 2709 3288 factum
2732 3271 2749 3305 ‚
2782 3235 2860 3287 ut

776 3330 920 3403 haec
963 3353 1316 3431 caperetur
1356 3361 1370 3403 ε
1419 3334 1786 3406 intrassent
1829 3331 2175 3403 civitatem
2221 3330 2448 3403 hostes
2485 3357 2499 3400 ε
2551 3329 2753 3402 nobis
2795 3348 2861 3400 et

775 3472 1024 3519 somno
1057 3447 1373 3547 sepultiS,
1413 3470 1480 3520 et
1509 3446 1868 3521 securitate
1900 3447 1989 3518 ab
2022 3445 2221 3518 omni
2258 3445 2669 3544 cogitatione
2703 3443 2859 3515 bel-

777 3561 1045 3652 lorum,
1088 3581 1267 3634 totus
1308 3563 1537 3635 subito
1583 3562 1656 3633 in
1694 3561 2068 3634 visceribus
2102 3559 2320 3659 ipsius
2359 3558 2553 3631 urbis
2598 3555 2861 3628 4hostis

854 3814 899 3847 ι.
934 3794 1169 3850 solidam
1204 3805 1447 3848 mentem.
1486 3795 1561 3847 Ex
1591 3795 1774 3846 Horat.
1857 3791 1959 3843 illis
1982 3789 2270 3844 vindictam
2294 3788 2362 3842 ab
2386 3786 2489 3840 illis
2514 3784 2747 3849 anxium
2768 3784 2861 3837 mi·

777 3874 998 3939 od.111‚
1022 3875 1084 3925 3:
1115 3898 1138 3922 α
1157 3876 1335 3927 Mente
1355 3875 1526 3945 quatit
1544 3871 1732 3926 solida.
1749 3894 1772 3918 ιο
1857 3876 2058 3927 naciter
2079 3873 2185 3926 hoc
2209 3872 2357 3923 dixit.

850 3972 898 4006 a.
937 3955 1147 4008 Minuta
1183 3965 1270 4008 cst.
1309 3955 1476 4008 Minis
1510 3956 1647 4007 victa
1663 3991 1682 4020 ‚
1717 3966 1778 4005 ut
1928 3957 1979 4008 3.
2004 3956 2216 4008 Recuso.
2241 3953 2355 4016 An,
2386 3949 2628 4001 recusatis
2651 3957 2862 4014 umam

777 4035 939 4105 paulo
955 4038 1159 4102 ante,si
1168 4037 1352 4106 primoe
1372 4049 1458 4089 tan
1467 4046 1574 4089 tum
1594 4036 1780 4102 mine,
1862 4052 2161 4089 recusamus.
2187 4032 2408 4084 Senum.
2754 4101 2767 4114 .

780 4125 881 4165 etc.
906 4112 1124 4167 Senum.
1144 4114 1365 4168 Retineo
1384 4113 1682 4184 vulgatam:
1703 4112 1785 4165 di·
1933 4114 1984 4180 4.
2030 4112 2205 4165 Hostis
2242 4107 2561 4182 apparuisset
2599 4111 2859 4156 exercet-as.

780 4193 955 4245 cendo
977 4196 1169 4247 auxilia
1192 4197 1399 4260 venire,
1416 4214 1524 4247 non
1548 4194 1783 4267 prodidit
1861 4192 2028 4263 Lege,
2053 4188 2266 4246 hostilis.
2288 4187 2525 4240 Gnonov.
2549 4186 2737 4254 Neque
2757 4179 2865 4232 hoc

781 4271 1023 4326 hostibus
1056 4274 1308 4339 consilia,
1340 4272 1436 4325 ted
1454 4274 1666 4327 ,minata
1703 4285 1783 4325 est
1863 4284 2078 4324 mutem.
2111 4272 2189 4321 Ita
2218 4267 2359 4318 enim
2386 4279 2439 4318 et
2468 4259 2612 4337 apud
2641 4259 2865 4313 Statium
