3200 5117
778 539 907 618 304
1273 536 1367 599 Μ.
1415 530 2355 614 FABIIQUINTILlAM

774 686 935 734 rum
966 679 1198 759 :pater
1221 659 1572 731 modestus
1602 675 1743 728 est:
1784 654 1993 727 etiam
2023 655 2080 726 si
2109 655 2278 754 quid
2308 654 2535 726 facere
2562 655 2863 728 severius

773 775 1031 865 voluit,
1066 773 1374 845 minatus
1401 791 1543 843 est:
1579 770 1695 843 hic
1726 790 2001 860 contra,
2038 769 2261 866 qualis
2303 769 2748 845 adolescens?
2788 790 2867 843 ut

775 890 956 961 nihil
1000 889 1194 962 aliud
1228 887 1600 988 objiciam,
1649 913 1864 985 quam
1913 885 2102 983 quod
2145 885 2291 983 ipse
2332 887 2687 958 confessus
2726 906 2864 975 est,

776 1034 988 1104 quam
1017 1004 1204 1103 quod
1223 1003 1458 1102 gloria:
1477 1002 1631 1074 loco
1652 1028 1779 1101 pro
1801 1001 2136 1074 concione
2156 1001 2348 1092 dixit,
2367 1022 2635 1100 patrem
2654 1028 2864 1073 suum

777 1120 1087 1192 occidere
1111 1118 1375 1219 potuit:
1403 1144 1548 1189 non
1567 1143 1834 1214 quaero,
1859 1142 1949 1187 an
1979 1116 2431 1188 innocentem
2456 1144 2472 1188 2
2501 1115 2630 1188 erit
2654 1116 2867 1217 hujus

723 1305 728 1309 ,
779 1234 876 1307 rei
920 1232 1333 1332 procedente
1367 1230 1674 1304 oratione
1719 1228 1922 1301 nobis
1958 1227 2192 1302 locust
2231 1229 2511 1302 interim
2553 1229 2864 1301 occidere

777 1369 1044 1448 patrem
1076 1347 1320 1446 potuit.
1346 1344 1721 1436 Quidnon
1751 1344 1934 1416 cadit
1963 1344 2036 1416 in
2070 1343 2262 1416 hunc
2296 1343 2664 1417 animum?
2695 1343 2862 1443 quid

780 1463 921 1535 non
957 1461 1238 1559 recipiat
1262 1459 1407 1532 haec
1435 1456 1835 1531 temeritas?
1867 1458 2104 1531 minus
2138 1480 2237 1531 est
2268 1459 2456 1558 quod
2490 1480 2699 1556 negat
2718 1474 2765 1530 ¹.
2795 1460 2864 1530 Si

779 1574 1307 1674 componendus
1337 1573 1538 1645 nobis
1567 1592 1746 1645 esset
1769 1571 2020 1673 aliquis
2038 1628 2058 1662 ,
2091 1574 2213 1672 qui
2240 1573 2662 1674 opprimeret
2689 1600 2860 1645 rem-

780 1689 1175 1788 publicam,
1207 1689 1326 1787 qui
1355 1689 1745 1761 libertatem
1777 1687 2018 1788 patriae
2050 1690 2317 1761 auferre
2350 1710 2618 1788 posset,
2651 1716 2860 1789 quam

781 1805 1063 1878 tandem
1086 1826 1397 1878 mentem
1417 1803 1629 1877 aliam
1654 1804 2247 1877 existimaremus?
2271 1805 2623 1904 fingamus
2645 1805 2864 1877 homi·

781 1946 944 1991 nem
979 1919 1377 2009 crudelem;
1419 1919 1825 2008 hominem,
1870 1919 2059 2018 apud
2102 1945 2315 2018 quern
2349 1919 2529 1991 nihil
2565 1918 2867 1990 habeant

769 2032 933 2135 jura
974 2054 1262 2106 naturae.
1298 2037 1422 2106 Est
1463 2033 1786 2132 quaedam
1816 2033 2157 2105 scelerum
2200 2035 2509 2133 ipsorum
2543 2035 2867 2129 societa5‚
2924 2071 2929 2083 ·

780 2149 952 2221 adeo
1001 2170 1078 2221 ut
1113 2150 1225 2221 vel
1267 2175 1410 2221 uno
1457 2148 1789 2248 appellari
1830 2149 2113 2221 nomine
2154 2150 2458 2248 potuerit
2492 2170 2867 2249 utrumque

780 2262 1249 2362 parricidium.
1285 2265 1467 2362 Ergo
1503 2284 1583 2337 ut
1626 2290 1707 2335 ex
1736 2263 2049 2336 aetatibus
2083 2284 2149 2335 et
2179 2291 2259 2335 ex
2288 2263 2598 2336 moribus
2640 2264 2869 2340 credi.-

780 2376 989 2449 bilius
1021 2399 1122 2450 est
1153 2380 1544 2451 affectatam
1577 2379 1666 2451 ab
1697 2380 2127 2451 adolescente
2146 2436 2166 2469 ,
2200 2407 2416 2479 quam
2444 2406 2606 2452 sene
2640 2401 2872 2477 tyran-

781 2492 1021 2565 nidem
1041 2552 1060 2584 ,
1088 2515 1322 2566 caetera
1350 2495 1581 2593 qualia
1611 2493 1817 2566 sunt?
1850 2521 1927 2565 ac
1959 2495 2273 2594 primum
2306 2518 2371 2566 te
2397 2496 2777 2593 interrogO,
2810 2495 2868 2566 si

781 2608 1090 2679 affectari
1121 2609 1569 2707 tyrannidem
1603 2637 1642 2680 a
1667 2630 1858 2706 patre
1887 2631 2008 2681 tuo
2033 2609 2498 2698 existimabas,
2532 2635 2654 2679 cur
2682 2608 2870 2678 occi-

783 2722 1014 2809 dereS,
1067 2744 1445 2822 antequam
1495 2722 2010 2795 criminarerisp
2056 2750 2282 2823 neque
2334 2723 2516 2795 enim
2563 2720 2867 2792 difficilis

783 2837 1172 2928 damnatiO,
1209 2865 1335 2910 nec
1367 2838 1574 2937 longa
1591 2837 1847 2939 judicii
1875 2867 2070 2911 mora
2095 2839 2502 2939 sequebatur
2531 2865 2547 2908 ;
2578 2863 2870 2936 appara-

782 2969 934 3027 tns²
969 2955 1357 3052 tyrannidis
1403 2977 1549 3027 erat
1595 2955 1668 3026 in
1705 2956 1941 3027 domo.
1989 2956 2455 3029 Deducendus
2499 2976 2733 3027 tamen
2780 2954 2871 3026 ad

785 3070 1221 3169 magistratus
1262 3098 1275 3141 ε
1328 3091 1397 3142 et
1441 3069 1574 3142 hoc
1622 3092 1800 3143 certe
1849 3099 1994 3143 non
2042 3071 2325 3144 difficile
2366 3073 2507 3143 fuit
2552 3070 2871 3143 adversus

785 3211 1022 3258 senem
1048 3185 1149 3275 ei,
1179 3184 1298 3283 qui
1328 3184 1578 3257 occidit
1607 3211 1773 3257 eum
1791 3243 1810 3276 ‚
1836 3213 2047 3284 quem
2075 3187 2560 3258 criminaturus
2588 3204 2768 3274 erat,
2796 3202 2871 3255 ut

862 3376 905 3413 1.
930 3363 1110 3414 Minus
1135 3374 1237 3429 est,
1266 3362 1407 3434 quod
1430 3374 1600 3435 neqat.
1632 3364 1789 3414 AEro-

1868 3365 2075 3435 scripsit
2106 3377 2323 3415 auctor:
2356 3363 2517 3434 Apud
2545 3381 2699 3438 quem
2739 3358 2876 3415 nihil

787 3438 935 3491 dius:
965 3453 1193 3512 negatur.
1224 3441 1403 3507 Quare
1420 3444 1444 3492 Ρ
1465 3441 1627 3510 Quod
1654 3442 1787 3494 ado-

1870 3442 2196 3512 habeatjuris
2211 3452 2413 3493 natura.
2431 3444 2597 3495 Giton.
2618 3439 2868 3506 Valeant,

786 3521 987 3574 lescens
1020 3536 1208 3592 negat,
1239 3541 1428 3595 nempe
1460 3523 1789 3597 tyrannidem

787 3599 854 3652 ab
879 3618 991 3652 sese
1014 3601 1348 3666 affectatam,
1371 3605 1541 3654 minus
1567 3615 1646 3654 est
1669 3622 1790 3674 par-

785 3677 1002 3744 ricidio,
1025 3679 1170 3750 quod
1196 3680 1495 3732 confitetur.
1527 3680 1693 3732 Gnort.
1717 3711 1790 3721 —

784 3761 843 3813 Si
869 3762 1262 3832 componendus.
1295 3761 1353 3813 ld
1380 3775 1458 3813 est
1479 3762 1788 3833 fingendus,

786 3856 846 3894 ut
897 3864 920 3889 ιι
942 3844 1247 3913 compositae
1289 3841 1479 3893 fabulae
1505 3865 1526 3891 n
1579 3845 1789 3895 Petron.

784 3925 920 3977 Just.
937 3924 1025 3988 w,
1047 3925 1328 3976 1.Scnuvr.
1345 3923 1466 3975 vid.
1488 3921 1557 3976 ad
1579 3926 1785 3976 Petu-on,

787 4021 903 4074 cap.
932 4003 1146 4066 cxv11;
1176 4021 1295 4054 nam
1325 4021 1389 4053 eo
1419 4004 1678 4073 respicere
1707 4000 1787 4050 Cl.

785 4080 951 4131 virum
988 4094 1136 4149 puto.
1170 4111 1243 4120 —-
1272 4081 1435 4153 Apud
1464 4098 1616 4152 quem
1652 4078 1793 4131 nihil

788 4158 1010 4212 habeant
1016 4164 1142 4232 jura
1161 4172 1377 4214 naturoe.
1401 4160 1629 4229 Quidam
1648 4159 1792 4231 apud

787 4240 1059 4295 AErodjum
1101 4240 1326 4294 valeant.
1369 4244 1571 4293 Forsan
1612 4254 1788 4294 tamen

1870 3521 2072 3574 Schult.
2098 3521 2225 3575 Obr.
2244 3553 2314 3563 -
2332 3523 2589 3594 Ipsorum.
2617 3523 2867 3585 Istorum,

1868 3605 2136 3655 Francius.
2155 3633 2227 3644 —
2241 3601 2540 3676 Appellare.
2565 3602 2868 3674 Appellan',

1868 3684 2068 3736 Schult.
2089 3686 2341 3736 Francius
2361 3698 2413 3736 et
2426 3683 2559 3737 Obr.
2575 3714 2646 3723 —-
2669 3684 2873 3740 Utrum-

1867 3784 1982 3839 que.
2015 3766 2289 3839 Utcunque
2305 3784 2446 3836 parr.
2473 3764 2656 3816 AErod.

1943 3862 1991 3895 2.
2020 3844 2333 3916 Apparatus.
2364 3846 2491 3895 Haec
2520 3857 2580 3894 ut
2615 3844 2875 3914 objectio-

1869 3943 1988 3976 nem
2000 3963 2017 3991 ,
2033 3939 2083 3975 et
2099 3943 2287 3977 novam
2304 3924 2614 3997 periodum,
2631 3923 2696 3976 ad
2714 3941 2871 3995 quam

1868 4002 2223 4076 respondetur
2250 4004 2591 4075 sequentibus
2619 4005 2870 4056 deducen-

1869 4083 1994 4145 dus,
2031 4096 2131 4134 etc.
2164 4083 2467 4136 considerat
2497 4083 2866 4150 Schultingius.

1866 4189 1937 4200 --
1961 4162 2315 4214 Deducendus.
2343 4161 2679 4225 Educ-eadm,
2698 4161 2871 4212 Gron-

1869 4238 1938 4292 ad
1959 4239 2197 4293 Declam.
2223 4240 2569 4295 CCCXLvm.
