3200 5117
702 581 1535 651 DECLAMATIONES.
1582 581 2111 647 CCCXXXIII.
2326 583 2444 650 361

364 733 597 797 remo,
645 733 740 780 an
781 705 1098 806 potuerit.
1144 706 1304 777 Non
1352 704 1776 778 omnia·esse
1817 705 2202 806 praestanda
2242 705 2453 778 etiam

365 823 763 922 parentibus
799 824 988 895 dico:
1030 821 1291 920 alioqui
1323 822 1504 894 nihil
1543 843 1643 894 est
1679 822 2126 922 periculosius
2167 822 2457 923 acceptis

363 938 756 1029 beneficiis,
790 938 846 1010 si
888 940 962 1010 in
998 964 1287 1009 omnem
1323 964 1451 1009 1105
1485 936 1774 1037 alligant
1807 935 2202 1008 servitutem
2231 964 2246 1008 z
2284 963 2458 1008 nam

367 1052 576 1126 etiam
620 1053 999 1144 scelerum,
1029 1053 1108 1125 451
1153 1052 1249 1124 ita
1296 1052 1609 1125 videatur
1660 1051 1808 1141 his,
1857 1050 1980 1149 qui
2022 1078 2151 1122 nos
2197 1051 2462 1124 meritis

367 1166 787 1266 obligavere,
834 1168 1143 1240 afferunt
1182 1167 1682 1244 necessitatem.
1731 1151 2176 1266 Quapropter
2220 1165 2341 1237 illa
2384 1164 2458 1236 in

366 1285 676 1356 confesso
706 1306 946 1376 erunt,
976 1310 1207 1382 neque
1245 1283 1593 1355 facturum
1629 1283 1897 1381 aliquid
1926 1283 2248 1354 adversus
2282 1307 2466 1352 rem-

365 1399 722 1499 publicam
759 1427 840 1473 ex
864 1401 1216 1472 voluntate
1246 1400 1432 1499 ejus,
1469 1426 1511 1471 a
1546 1426 1689 1496 quo
1722 1398 2148 1470 beneficium
2186 1421 2466 1495 accepe-

367 1514 492 1605 rit,
537 1543 704 1586 eum
751 1516 873 1611 qui
917 1515 1297 1613 acceperit3
1334 1541 1565 1611 neque
1609 1513 1913 1612 impium
1951 1539 2114 1612 erga
2150 1530 2469 1610 parentes

368 1630 760 1703 necessitate
785 1631 906 1702 tali
930 1632 1288 1719 futurum,
1318 1656 1550 1728 neque
1580 1627 2062 1717 inhonestum,
2094 1653 2321 1724 neque
2353 1653 2465 1714 ea,

369 1770 524 1842 quae
574 1743 724 1814 fieri
763 1770 907 1815 non
946 1758 1336 1842 poterunt¹,
1374 1764 1881 1843 praestaturum.
1932 1742 2147 1834 Quod
2199 1741 2254 1815 si
2311 1741 2470 1812 luce

371 1860 556 1958 ipsa,
578 1858 848 1957 judices
866 1916 885 1948 ,
917 1857 1170 1929 clarius
1199 1879 1331 1948 est,
1353 1859 1504 1957 jam
1530 1859 1953 1946 intueamur,
1980 1885 2069 1930 an
2094 1859 2258 1949 hoc,
2279 1856 2470 1956 quod

373 1999 487 2044 me
517 1991 833 2071 praestare
863 1970 1185 2043 debuisse
1212 1971 1413 2059 dicit,
1443 1974 1746 2070 praestari
1777 1973 2176 2070 oportuerit.
2204 1971 2474 2043 Fortior

373 2088 471 2160 sic
504 2109 775 2187 ageret:
808 2086 1333 2160 advocationem
1366 2112 1617 2183 negare
1647 2107 1884 2159 contra
1912 2114 2112 2159 reum
2147 2086 2474 2186 proditio-

374 2204 527 2275 nis²
559 2230 701 2275 non
738 2204 969 2276 debui.
1017 2203 1403 2302 Oportebat
1440 2229 1582 2274 non
1623 2203 1853 2277 deesse
1885 2204 2154 2304 legibus
2185 2231 2469 2293 vocem;

377 2320 734 2419 oportebat
766 2346 907 2392 esse
936 2317 1242 2417 aliquem
1264 2375 1283 2407 ,
1315 2318 1437 2418 qui
1480 2318 1556 2390 in
1600 2319 1892 2391 summis
1930 2319 2320 2418 reipublicae
2345 2375 2364 2409 ,
2396 2340 2476 2392 ut

375 2455 527 2507 tum
548 2434 942 2519 videbatur,
968 2432 1298 2532 periculis
1327 2455 1671 2507 excuteret
1691 2436 2069 2507 veritatem.
2102 2434 2477 2507 Dicebatur

373 2549 685 2650 proditor
711 2548 1003 2649 aliquis:
1042 2549 1390 2621 clamabat
1422 2549 1685 2622 delator
1697 2580 1715 2640 ;
1746 2549 1800 2621 si
1833 2549 2013 2621 mihi
2040 2576 2168 2620 vox
2197 2570 2393 2638 esset,
2417 2549 2474 2621 si

375 2664 549 2765 quid
577 2663 985 2764 eloquentiae
1024 2686 1272 2736 natura
1308 2664 1695 2757 tribuisset,
1722 2665 1875 2765 jam
1912 2663 2105 2736 vobis
2139 2663 2478 2736 ostendis·
2590 2653 2595 2658 ¹

378 2806 559 2869 sem,
586 2806 738 2878 quae
765 2807 927 2851 011111
954 2779 1145 2851 110510
1179 2780 1632 2872 commercia,
1660 2780 1850 2879 quod
1876 2780 2248 2853 discrimen
2273 2779 2482 2851 totius

380 2893 816 2991 reipublicae,
850 2921 1064 2992 quam
1095 2894 1239 2966 haec
1274 2896 1555 2985 omnia,
1585 2924 1740 2997 quae
1770 2899 1844 2969 in
1880 2917 2252 2997 conspectu
2278 2914 2478 2984 sunt,

382 3007 457 3078 111
489 3006 736 3080 ultimo
769 3009 1078 3108 periculo
1118 3031 1362 3083 essent.
1403 3011 1693 3084 Hiccine
1728 3040 1892 3085 eum
1912 3070 1930 3102 ,
1961 3012 2084 3111 qui
2116 3010 2478 3082 3accusare

381 3148 577 3223 posse
604 3122 985 3215 videbatur,
1022 3145 1247 3197 tacere
1281 3126 1666 3224 oporteret?
1697 3127 1877 3199 mihi
1908 3126 2103 3198 aliter
2126 3125 2477 3226 agendum

385 3257 521 3309 est:
553 3264 679 3337 ego
715 3236 1131 3311 utilitatibus
1156 3237 1457 3337 publicis
1482 3260 1719 3313 contra
1746 3240 2126 3313 stetissem?
2159 3267 2287 3339 ego
2318 3265 2476 3313 vero

461 3430 505 3466 1.
524 3416 648 3469 Non
669 3429 969 3488 potuerunt.
991 3416 1274 3472 Maluimus
1295 3436 1391 3490 po·
1472 3418 1637 3487 batur,
1659 3431 1822 3473 tacere
1841 3419 2126 3490 oporteret?
2137 3417 2302 3471 Grion.
2323 3419 2483 3488 Opor-

386 3504 558 3547 terunt
581 3516 642 3549 ex
667 3497 753 3551 ed.
779 3500 891 3571 Rip.
919 3499 1011 3550 En.
1475 3510 1571 3566 tet,
1595 3501 1866 3551 Francius.
1891 3528 1965 3537 —
1990 3498 2135 3550 Mihi
2159 3497 2325 3549 aliter.
2356 3501 2478 3549 Non

458 3594 506 3627 2.
547 3576 957 3631 ,advocationem
990 3599 1178 3653 negare
1210 3592 1395 3634 contra
1475 3589 1585 3628 tam
1616 3578 1827 3628 fortiter
1857 3594 2013 3648 agere
2040 3575 2233 3628 audeo.
2257 3577 2478 3628 Senum.

388 3674 528 3708 reum
545 3660 872 3728 proditionis.
895 3660 1005 3712 Cic.
1024 3680 1121 3732 pro
1142 3659 1280 3732 Sylla
1304 3679 1392 3732 ¹7²

393 3760 415 3783 σι
436 3738 767 3810 Intelligebat
788 3740 927 3793 hanc
950 3740 1105 3793 nobis
1131 3759 1159 3791 a
1184 3743 1397 3811 majori-

393 3839 416 3864 «
436 3816 537 3872 bus
557 3839 672 3873 esse
692 3822 937 3875 traditam
958 3822 1320 3895 disciplinam,
1336 3835 1396 3875 ut

393 3922 416 3945 σι
438 3899 635 3954 1111111115
668 3903 897 3956 amicitia
929 3903 999 3956 ad
1032 3902 1396 3975 propulsanda

395 3998 418 4023 ι
443 3980 680 4048 pericula
696 3983 1087 4053 impediremur.
1099 4005 1120 4028 ι»
1142 3983 1397 4034 Enoc.—

393 4060 571 4114 Totius
593 4062 723 4134 reip.
753 4065 931 4117 Totius
952 4064 1113 4130 deest,
1138 4062 1317 4116 AErod.

460 4138 509 4190 3.
543 4139 776 4193 .Hiccine
815 4161 933 4193 eum
954 4178 972 4206 ‚
1011 4143 1105 4214 qui
1145 4143 1395 4195 accusari.

391 4216 660 4270 AErodius:
682 4220 788 4272 Hic
801 4239 886 4270 me
900 4237 1029 4272 eum.
1049 4221 1255 4274 Potius:
1277 4222 1400 4274 Hic-

393 4294 506 4348 cine
531 4318 642 4352 eum
661 4339 679 4367 ‚
708 4301 800 4372 qui
826 4319 1065 4356 accusare
1086 4321 1231 4374 posse
1259 4304 1397 4358 vide·

1475 3683 1544 3694 —
1570 3654 1688 3726 qu
1722 3674 1838 3707 vero
1872 3655 1979 3708 11ωο
2005 3655 2185 3708 omnia
2212 3671 2369 3724 supra
2399 3669 2483 3703 me

1476 3734 1788 3788 maluissem.
1814 3736 2089 3797 Rhodius,
2112 3752 2264 3805 supra
2284 3753 2366 3784 me
2383 3749 2484 3782 esse

1477 3815 1771 3868 maluissem
1788 3838 1802 3865 .·
1821 3815 1937 3870 aliis
1953 3816 2134 3868 tribuit
2150 3813 2480 3884 supprimere.

1477 3897 1851 3950 scribendum:
1882 3899 1997 3971 qu
2025 3914 2141 3948 vero
2171 3895 2279 3944 hoec
2305 3893 2484 3944 omnia
2508 3939 2513 3944 .

1476 3978 1734 4048 supprimi
1760 3977 2071 4030 maluissem.
2105 3976 2336 4027 Gnouov.
2366 3975 2482 4047 Ego

1481 4078 1528 4110 v.
1567 4057 1618 4108 11.
1653 4077 1701 4111 0.
1735 4076 1972 4130 suprema
1999 4054 2319 4118 maluissent,
2349 4053 2481 4107 Obr.

1478 4139 1590 4201 An,
1610 4155 1703 4210 eqo
1721 4137 1901 4188 cadere
1920 4135 2027 4188 haec
2045 4133 2222 4185 omnia
2236 4150 2387 4203 supra
2402 4152 2485 4183 me

1478 4216 1807 4269 maluissem?
1819 4216 2037 4269 Senum.
2055 4215 2239 4280 Forte,
2259 4232 2352 4286 eqo
2368 4232 2486 4266 vero

1482 4300 1588 4354 hoec
1630 4299 1807 4354 omnia
1849 4300 2011 4352 subire
2050 4317 2134 4350 me
2174 4294 2483 4350 maluissem.
2522 4317 2529 4324 ·
