3200 5117
712 537 831 623 104
1203 540 1297 614 Μ,
1346 536 1592 604 FABn
1640 534 2269 618 QUINTILIANI

704 665 1021 738 universo
1050 662 1456 758 loquamur3
1490 658 1648 757 quis
1676 683 1841 731 usus
1876 659 2181 757 ipsorum
2213 659 2523 731 virorum
2543 660 2611 729 ¹?
2644 659 2777 731 mi-

697 778 951 868 litiaene
984 776 1224 863 utiles,
1258 801 1347 847 an
1382 773 1695 844 civilibus
1725 771 2016 843 officiis?
2047 772 2218 871 quid
2263 773 2336 843 in
2366 772 2487 844 ‚his
2509 773 2778 871 depre-

699 891 997 978 hendas,
1043 909 1282 989 praeter
1328 889 1556 960 fictam
1599 888 1903 966 frontem
1952 908 2021 959 et
2067 908 2480 986 perpetuum
2518 887 2775 977 otium,

699 1026 765 1078 et
805 1007 1184 1105 quamdam
1228 1031 1308 1076 ex
1355 1002 1740 1100 arrogantia
1783 1002 2300 1075 auctoritatem?
2331 1006 2601 1074 Verum
2640 1003 2780 1074 sint

700 1121 825 1220 ista
843 1176 861 1207 ,
898 1142 973 1192 ut
1005 1119 1276 1207 dicitur,
1308 1144 1600 1216 magna:
1633 1144 1761 1214 ego
1790 1116 1936 1189 haec
1966 1116 2057 1188 ad
2080 1118 2385 1189 formam
2409 1118 2776 1215 legemque

700 1235 963 1332 paterni
999 1231 1384 1305 testamenti
1419 1257 1586 1303 voco
1618 1258 1632 1299 :
1668 1231 1838 1329 quid
1875 1230 2124 1302 civitati
2158 1230 2489 1329 prosunt?
2519 1258 2777 1329 ampu-

700 1368 854 1420 tant
880 1347 1043 1419 vitia
1071 1374 1085 1416 z
1129 1346 1466 1417 nimirum
1500 1370 1712 1416 nemo
1745 1343 2140 1416 luxuriosus
2165 1365 2300 1433 est,
2335 1371 2544 1417 nemo
2571 1370 2779 1442 pecu-2

702 1463 924 1534 cuniae
967 1459 1283 1560 cupidus.
1339 1463 1504 1531 Haec
1548 1458 1633 1531 de
1676 1457 2092 1558 philosopho
2139 1458 2385 1531 dixisse
2424 1458 2582 1546 satis
2625 1479 2722 1529 est
2756 1486 2770 1527 :

701 1600 1136 1650 transeamus
1168 1574 1257 1646 ad
1290 1595 1668 1662 oratorem3
1716 1600 1930 1673 quem
1978 1574 2287 1673 intelligo
2331 1574 2588 1646 fiducia
2628 1573 2775 1644 elo-

703 1691 1006 1788 quentiae
1027 1689 1115 1761 ad
1144 1689 1324 1760 hanc
1350 1688 1783 1760 descendisse
1809 1715 2112 1759 causam.
2135 1689 2446 1760 Multum
2466 1713 2536 1760 se
2553 1685 2777 1759 valere

702 1807 774 1877 in
801 1806 1083 1906 judiciis
1113 1826 1357 1904 putant
1385 1832 1399 1875 :
1435 1804 1719 1903 rapiunt
1748 1804 1966 1876 malas
1993 1803 2372 1902 aliquando
2400 1829 2639 1876 causas
2667 1830 2681 1872 ε
2713 1824 2781 1874 et

702 1947 866 1991 sane
910 1920 964 1991 si
998 1919 1266 2018 justitia
1297 1916 1553 2007 valeat,
1588 1917 1762 2014 quid
1807 1938 1906 1989 est
1937 1918 2375 2016 eloquentia?
2416 1918 2585 2015 quid
2618 1943 2779 2015 ergo

699 2034 951 2106 civitati
996 2031 1400 2104 conferunt?
1446 2031 1567 2103 illa
1599 2032 1789 2103 enim
1833 2059 1997 2105 sane
2035 2033 2520 2132 remittamus:
2572 2058 2781 2103 omne

698 2148 876 2218 circa
901 2147 1106 2218 verba
1137 2147 1448 2218 studium
1467 2202 1486 2234 ,
1517 2167 1619 2236 et,
1644 2174 1869 2244 quum
1901 2173 2135 2219 rerum
2166 2167 2413 2219 natura
2442 2146 2780 2220 beneficio

703 2288 827 2333 suo
854 2261 952 2333 ita
973 2260 1296 2334 homines
1325 2259 1748 2348 instruxerit,
1785 2282 1865 2333 ut
1894 2260 2094 2332 nulla
2125 2288 2230 2333 res
2257 2288 2401 2332 non
2430 2289 2595 2334 voce
2613 2275 2638 2305 ²
2667 2288 2784 2333 ex-

702 2377 1020 2475 plicetur,
1074 2403 1580 2475 supervacuum
1619 2374 2000 2472 quemdam
2047 2374 2121 2447 in
2160 2376 2555 2449 exornando
2592 2376 2786 2448 labo-

704 2516 895 2561 rem:
946 2490 1191 2562 eodem
1242 2490 1533 2562 redeunt
1577 2489 1840 2564 omnia.
1877 2489 2075 2579 Quid
2121 2489 2373 2563 civitati
2420 2488 2783 2588 profuisti?

701 2607 1148 2702 advocatione
1177 2627 1294 2677 tua
1322 2605 1643 2678 defensus
1676 2628 1777 2678 est
1802 2606 2086 2705 aliquis3
2123 2606 2243 2679 sed
2285 2606 2519 2697 laesus,
2550 2606 2671 2706 qui
2703 2632 2783 2677 ex

703 2718 966 2792 diverso
993 2739 1165 2791 erat:
1195 2719 1503 2818 eripuisti
1525 2719 1834 2819 periculo
1857 2747 2090 2806 reum;
2119 2722 2307 2801 unde
2341 2721 2506 2811 scio,
2536 2747 2628 2793 an
2656 2747 2784 2793 no-

705 2833 1025 2906 centem?
1056 2834 1460 2906 lnnocentia
1483 2835 1774 2934 quidem
1797 2862 1920 2935 per
1944 2863 2016 2909 se
2038 2834 2217 2908 valet
2242 2865 2257 2907 :
2291 2836 2660 2909 damnatus
2683 2855 2786 2906 est

703 2947 951 3045 aliquis
993 2968 1356 3020 accusante
1399 2970 1504 3037 te;
1554 2949 1743 3021 unde
1783 2950 1926 3023 scio
1972 2977 2060 3023 an
2095 2952 2509 3048 eloquentiae
2536 2950 2781 3021 vitium

698 3059 824 3132 sit?
844 3061 1037 3151 Quid
1059 3089 1187 3160 ego
1212 3062 1297 3162 de
1318 3062 1595 3161 privatis
1619 3062 1903 3163 loquor?
1926 3064 2280 3137 civitatum
2300 3084 2513 3136 status
2529 3063 2782 3134 scimus

704 3175 792 3245 ab
822 3176 1205 3249 oratoribus
1234 3204 1375 3250 esse
1404 3204 1763 3251 conversos
1793 3207 1806 3251 :
1852 3179 1986 3251 sive
2022 3177 2217 3250 illam
2248 3177 2782 3250 Atheniensium

705 3289 1084 3381 civitatem,
1120 3293 1478 3390 quondam
1523 3294 1656 3365 late
1699 3294 2125 3394 principem,
2176 3295 2432 3366 intueri
2476 3294 2781 3393 placeat,

703 3402 958 3474 accisas
980 3404 1129 3504 ejus
1147 3407 1320 3477 vires
1341 3406 1977 3479 animadvertemus
1995 3409 2160 3481 vitio
2181 3408 2778 3481 concionantium:

702 3517 839 3588 sive
870 3518 1113 3614 populi
1143 3520 1416 3591 romani
1440 3540 1692 3593 statum
1717 3542 2035 3593 excutere
2057 3522 2484 3596 voluerimus
2500 3579 2519 3613 ,
2547 3545 2779 3592 nonne

703 3631 1133 3729 gravissimas
1165 3634 1570 3725 seditiones,
1615 3662 1849 3708 nonne
1887 3634 2393 3711 turbidissimas
2421 3635 2780 3707 conciones

703 3747 1304 3845 eloquentissimus
1344 3749 1639 3850 quisque
1674 3748 2006 3823 habuit-⁷⁵?
2045 3754 2296 3824 Nonne
2343 3750 2443 3822 illi
2487 3747 2783 3820 Gracchi

778 3941 822 3975 1.
850 3925 1087 3997 Ipsorum
1112 3925 1355 3978 virorum.
1381 3929 1503 3979 Non
1530 3927 1704 3999 placet
1855 3945 1903 3979 2.
1937 3929 2112 3982 Nulla
2145 3948 2218 3981 res
2247 3945 2354 3979 non
2389 3944 2525 3978 voce.
2559 3926 2784 3979 Contra-

702 3999 833 4052 illud
854 4004 1098 4070 virorum,
1126 4023 1286 4075 quum
1308 4008 1532 4079 ipsorum
1553 4005 1704 4057 suffi-
1781 4009 1915 4061 rium
1931 4008 2087 4062 docet
2096 4010 2305 4075 Fabius,
2315 4006 2408 4060 lib.
2421 4009 2489 4074 X,
2507 4025 2552 4071 t,
2570 4021 2622 4060 et
2638 4005 2780 4058 alibi.

704 4081 807 4132 ciat
826 4086 1111 4136 sententiae.
1130 4086 1385 4139 Caeterum
1407 4087 1596 4139 similia
1619 4086 1703 4139 his
1852 4090 1903 4143 3.
1935 4093 2158 4163 Quisque
2190 4089 2381 4142 habuit.
2415 4088 2617 4141 Habere
2642 4098 2783 4139 reete

703 4155 769 4208 de
788 4158 1123 4233 philosophis
1140 4163 1335 4216 Fabius
1354 4166 1524 4218 lustit.
1542 4165 1701 4231 lib.1,
1783 4171 1849 4223 ad
1874 4175 2167 4238 conciones,
2193 4169 2286 4223 sed
2310 4168 2381 4222 ad
2403 4168 2670 4222 seditiones
2687 4166 2781 4217 mi·

710 4238 959 4307 1;etX11,
982 4258 1029 4305 ¹3
1049 4255 1101 4295 et
1119 4243 1243 4296 alibi
1259 4244 1436 4298 tradit.
1458 4247 1629 4298 Bunu.
1782 4268 1882 4303 nus
1926 4251 2063 4304 bene
2111 4250 2297 4303 referri
2340 4259 2534 4319 potest.
2579 4245 2779 4298 Scimus
