3200 5117
812 431 1655 534 DECLAMATIONES.
1708 466 1947 531 ocu.
2344 465 2420 530 3}

353 614 513 686 quos
534 588 905 661 necessitas
935 587 1233 688 pertinet
1263 587 1712 686 nuptiarum,
1736 588 1913 660 nihil
1944 589 2072 660 ista
2099 559 2245 661 lex:
2279 612 2425 658 non

350 705 558 803 magis
588 705 784 779 enim
809 705 1173 804 repudiare
1195 703 1387 794 licet,
1409 730 1627 801 quam
1655 732 1796 777 non
1821 706 2087 778 nubere
2107 720 2125 750 ¹
2163 703 2424 778 liceret.

347 821 522 892 Duas
550 822 745 894 enim
773 848 1001 920 poenas
1030 821 1353 893 adversus
1384 841 1685 921 raptores
1723 822 2143 894 constituisse
2171 822 2283 894 lex
2316 821 2427 892 vi-

345 930 568 1024 detur,
621 934 903 1005 alteram
954 933 1198 1006 mortis
1219 991 1237 1023 ,
1281 932 1562 1005 alteram
1612 933 2048 1030 nuptiarum3
2100 935 2427 1007 leviorem

345 1045 549 1137 hanc,
578 1069 648 1120 et
678 1048 1021 1121 beneficio
1060 1048 1460 1147 popiorem3
1500 1068 1569 1119 et
1602 1069 1842 1119 tamen
1868 1048 2064 1120 illam
2099 1075 2243 1120 non
2276 1048 2428 1119 sine

342 1165 752 1237 necessitate.
803 1165 1015 1255 Quod
1048 1164 1104 1237 si
1139 1165 1289 1264 lege
1331 1191 1477 1236 non
1513 1163 1939 1254 defenderis,
1974 1166 2275 1264 profecto
2308 1163 2427 1235 in-

330 1276 598 1377 justum
645 1280 1014 1353 divortium
1049 1299 1193 1354 est:
1227 1279 1348 1353 sed
1381 1279 1735 1376 fingamus
1769 1297 1832 1349 te
1865 1276 2017 1376 lege
2050 1276 2426 1349 ²defendi:

339 1392 604 1492 reliqua
628 1393 773 1468 haec
802 1395 889 1468 sit
915 1395 1202 1493 quaestio
1220 1450 1241 1484 ,
1265 1420 1359 1468 an
1377 1394 1600 1466 facere
1624 1391 1968 1494 debueris.
1999 1391 2430 1467 Beneficium

336 1527 397 1579 te
426 1510 771 1609 accepisse
796 1536 1162 1586 summum
1188 1508 1640 1581 manifestum
1659 1528 1795 1579 est:
1825 1507 2041 1582 vitam
2070 1509 2201 1581 tibi
2235 1507 2432 1583 dedit

335 1619 523 1712 laesa,
554 1623 753 1697 dedit
791 1625 1008 1697 vitam
1034 1624 1219 1724 juste
1250 1624 1457 1711 iram,
1500 1620 1690 1694 dedit
1718 1623 1934 1695 vitam
1962 1622 2260 1722 perituro
2302 1650 2428 1723 per

333 1738 711 1837 supplicia,
735 1767 859 1839 per
881 1739 1215 1811 dedecus:
1248 1763 1372 1836 pro
1401 1735 1512 1807 his
1535 1737 1711 1809 nihil
1737 1765 1881 1810 non
1906 1740 2206 1837 praestari
2229 1768 2425 1841 opor-

333 1867 490 1922 teret
516 1849 726 1924 uxori
761 1879 776 1923 ε
824 1850 998 1950 quid
1030 1848 1225 1920 aliud
1256 1849 1507 1949 exegit,
1540 1877 1749 1948 quam
1781 1874 1863 1924 ut
1891 1879 2060 1924 uxor
2093 1851 2306 1925 esset?
2339 1857 2426 1926 At

329 1965 510 2035 enim
537 1992 698 2037 non
723 1964 1033 2061 pariebat
1052 1963 1233 2034 intra
1257 1962 1846 2062 quinquennium.
1873 1966 1945 2038 Si
1969 1965 2096 2038 tibi
2122 1994 2275 2038 eam
2301 1993 2428 2068 pa-

325 2100 558 2152 rentes
600 2076 1068 2168 collocassent,
1104 2095 1225 2148 aut
1256 2082 1405 2176 ipsa
1436 2078 1751 2150 nubendi
1781 2101 2055 2180 ternpus
2081 2081 2423 2181 elegisset,

326 2191 672 2280 dicerem,
718 2216 1176 2287 nonsemper
1219 2190 1617 2265 fecunditas
1663 2192 2018 2292 properat?
2051 2194 2424 2293 aliquando

327 2307 527 2384 dilata
566 2305 783 2380 veluti
822 2306 1164 2410 pleniores
1192 2307 1455 2379 fructus
1489 2307 1739 2379 reddit.
1772 2311 1939 2380 Haec
1961 2336 2119 2381 vero
2143 2330 2210 2381 et
2231 2333 2424 2409 rapta

328 2443 415 2493 est
450 2441 847 2518 antequam
894 2419 1380 2510 destinaretur,
1427 2440 1811 2518 antequam
1865 2420 2118 2492 idon'ea
2160 2423 2425 2523 nuptiis

329 2535 711 2625 videretur,
761 2555 830 2607 et
870 2525 1121 2606 habdit
1155 2533 1487 2608 maritum
1532 2536 1606 2606 in
1649 2561 1918 2608 amores
1959 2535 2380 2638 praecipitem
2405 2595 2422 2624 ,

329 2649 396 2721 in
443 2651 863 2753 cupiditates
895 2676 1235 2749 pronum:
1273 2670 1340 2722 et
1371 2676 1595 2746 quum
1632 2649 1849 2724 invisa
1881 2651 2093 2722 fuerit
2128 2651 2420 2741 marito,

327 2785 549 2860 potest
576 2764 797 2838 videri
827 2763 1017 2862 quod
1047 2788 1194 2836 non
1222 2762 1525 2861 peperit,
1556 2762 1892 2860 pudicitia
1909 2761 1962 2852 ³,
1997 2790 2147 2836 non
2175 2765 2421 2838 sterili-

327 2900 455 2956 tate
490 2880 759 2956 fecisse.
795 2881 910 2954 Tu
943 2905 1149 2979 porro
1183 2877 1530 2977 quidquid
1561 2877 1751 2968 licet,
1779 2878 2010 2952 statim
2039 2900 2241 2977 putas
2278 2906 2420 2952 esse

327 2994 773 3074 Faciendum:
802 2993 1151 3094 quidquid
1175 2992 1639 3092 asperrimum
1662 2993 1875 3090 leges,
1903 2993 2422 3092 quidquid-cru-

336 3107 770 3184 delissimum
816 3109 1075 3182 habent
1110 3108 1306 3209 jura,
1346 3133 1688 3206 occupas:
1731 3107 2060 3179 voluisses
2101 3107 2426 3180 animum

337 3221 552 3294 talem
589 3227 798 3300 fuisse
833 3225 1082 3327 puellae
1117 3225 1239 3298 illo
1262 3239 1618 3323 tempore,
1663 3249 1804 3322 quo
1841 3223 1929 3295 ad
1966 3249 2192 3321 genua
2225 3223 2422 3326 jace·-

332 3335 513 3408 bas?
558 3339 719 3411 Haec
754 3367 909 3414 vero
948 3366 1093 3413 non
1134 3361 1414 3412 tantum
1447 3338 1727 3427 marito,
1768 3337 1890 3411 sed
1931 3338 2135 3410 etiam
2178 3340 2419 3439 reipu-

329 3450 533 3524 blica
574 3451 859 3526 reddere
898 3455 1178 3554 plenam
1221 3475 1446 3554 potest
1483 3454 1862 3526 rationem:
1907 3481 2073 3526 nam
2112 3454 2322 3526 etiam
2362 3454 2418 3525 si

330 3592 475 3638 non
500 3566 716 3640 habet
736 3567 958 3641 filium
973 3628 993 3662 ,
1016 3570 1373 3644 asservavit
1394 3590 1630 3641 tamen
1649 3568 1983 3669 juvenem
1998 3625 2017 3660 ,
2041 3589 2276 3641 tamen
2299 3567 2419 3639 ho·

328 3684 639 3774 minem,
673 3707 909 3758 tamen
939 3688 1181 3760 civem.

408 3846 453 3882 ι.
502 3831 665 3903 Quam
714 3852 824 3886 non
872 3834 1076 3888 nubere.
1123 3835 1335 3887 Ducere.
1488 3831 1539 3885 3.
1564 3830 1842 3885 Pudicitia.
1860 3830 2022 3898 Quod
2037 3833 2242 3898 minus,
2260 3848 2422 3902 quam,

325 3905 621 3962 dicendum
639 3911 797 3966 foret.
819 3912 1038 3968 scunt-r.
1416 3916 1639 3968 maritus
1654 3950 1671 3978 ‚
1694 3911 1867 3978 salax,
1890 3925 1943 3966 et
1965 3912 2146 3968 sedata
2166 3910 2418 3983 cupidine

399 4009 451 4044 2.
476 3990 623 4064 Ray.
642 4005 690 4045 te
705 3992 835 4066 lege.
853 3994 908 4045 F.
929 4006 979 4048 te
997 4006 1087 4048 tua
1109 3990 1146 4045 l.
1163 3993 1280 4048 Sca.
1416 3990 1639 4066 praedita
1653 3991 1831 4047 fuerit.
1855 3990 2072 4045 Suum-¹1¹.

1248 4207 1527 4232 m·
