3200 5117
814 541 1661 610 DECLAMATIONES.
1707 544 2087 645 CCLXVJ.
2415 545 2498 634 95

404 664 653 732 debeat
681 689 975 756 semper,
1013 666 1143 736 hoe
1175 682 1308 746 est,
1346 687 1431 730 an
1462 666 1660 732 etiam
1697 668 1766 732 in
1795 668 2081 756 publicis
2114 668 2360 749 causis,
2397 667 2500 734 bis

404 769 493 838 de
522 770 759 838 eadem
785 795 856 838 re
884 795 1079 862 agere
1111 794 1246 837 non
1278 772 1494 838 liceat.
1536 775 1616 837 ln
1652 771 1831 863 quod
1863 773 2028 842 illud
2057 773 2346 856 dicetur3
2371 774 2501 863 pri-

404 880 573 944 vatis
597 878 857 961 litibus,
892 879 1208 970 quoniam
1241 896 1307 944 et
1336 879 1555 944 minus
1585 880 1942 961 momenti,
1973 896 2040 946 et
2067 879 2215 968 plus
2239 880 2500 946 numeri

404 981 721 1064 habeant,
749 1007 1135 1050 succursum
1165 1006 1307 1048 esse
1340 982 1465 1050 hac
1502 983 1684 1072 lege3
1725 983 2021 1076 publicas
2048 986 2339 1052 actiones
2367 1008 2500 1050 ma·

399 1090 582 1181 jores
617 1113 793 1170 esse,
828 1113 1027 1184 quam
1060 1106 1134 1154 ut
1166 1087 1404 1156 cadant
1441 1092 1852 1178 exceptione.
1894 1091 2290 1179 Insequ'etur
2322 1090 2505 1156 deni-

410 1217 543 1286 que
569 1194 732 1260 illud
751 1245 768 1276 ‚
798 1213 875 1260 ut
898 1193 1193 1261 dicamus
1212 1244 1229 1272 ‚
1258 1195 1511 1259 etiamsi
1546 1195 1613 1258 in
1642 1194 1784 1259 aliis
1817 1194 2102 1284 publicis
2126 1195 2366 1275 causis,
2403 1194 2503 1261 bis

409 1303 497 1369 de
517 1304 748 1370 eadem
774 1327 848 1369 re
872 1326 1067 1393 agere
1095 1326 1182 1367 ne
1211 1302 1446 1382 liceat3
1475 1325 1610 1366 non
1636 1319 1858 1367 tamen
1880 1325 2027 1367 eam
2046 1302 2503 1368 conditionem

410 1434 555 1478 esse
599 1411 1030 1500 proditionis:
1077 1408 1418 1501 quomodo
1457 1410 1525 1474 in
1567 1410 1821 1475 caeteris
1859 1410 2137 1475 fortasse
2180 1410 2265 1476 de
2307 1433 2501 1499 poena

407 1534 665 1583 tantum
690 1534 758 1583 et
778 1504 1079 1605 pericqu
1104 1533 1437 1607 quaeratur
1461 1515 1632 1607 ejus,
1661 1516 1776 1604 qui
1798 1534 2182 1582 accusatur:
2217 1518 2287 1582 in
2310 1540 2503 1583 causa

410 1622 835 1714 proditionis,
870 1623 958 1688 de
993 1624 1199 1689 totius
1239 1624 1519 1688 civitatis
1562 1621 1942 1689 discrimine
1976 1624 2290 1713 litigetur.
2332 1623 2506 1690 Illud

414 1753 815 1819 quatemus,
849 1756 934 1798 an
971 1733 1094 1798 ista
1129 1732 1540 1821 praescriptio
1574 1730 1664 1796 ad
1701 1754 1815 1797 eos
1849 1747 2108 1800 tuntum
2143 1735 2501 1822 pertineat,

413 1858 565 1905 cum
599 1838 839 1927 quihus
872 1840 1123 1928 agitur3
1159 1839 1452 1927 patiente
1490 1860 1571 1904 eo
1609 1839 1730 1928 qni
1767 1856 2143 1920 accusatur,
2182 1840 2376 1910 liceat
2405 1838 2505 1906 his

412 1964 629 2029 agere.

1104 2077 1814 2156 DECLAMATIO.

515 2245 846 2317 Putemus
864 2260 880 2290 ¹
914 2267 982 2317 te
1013 2271 1189 2336 esse,
1219 2247 1339 2346 qui
1366 2244 1533 2318 velis
1556 2241 1912 2337 accusare,
1944 2245 2140 2319 reum
2170 2274 2314 2320 non
2344 2275 2509 2319 con-

416 2358 741 2431 tradicere
769 2388 785 2431 :
824 2361 981 2459 quis
1014 2383 1251 2436 tamen
1277 2360 1710 2461 prohiberet,
1747 2387 1887 2460 quo
1914 2355 2147 2432 minus
2178 2375 2202 2405 ²
2222 2361 2502 2433 interim

419 2473 810 2548 accusarer?
841 2478 1022 2575 Ergo
1061 2476 1250 2576 quod
1287 2476 1416 2550 tibi
1457 2475 1689 2550 liceret
1721 2476 1982 2565 facere,
2020 2500 2134 2546 me
2166 2473 2505 2584 patiente,

421 2618 690 2667 necesse
720 2593 888 2683 erit,
918 2620 1034 2668 me
1064 2614 1364 2696 optante.
1962 2587 1968 2592 ⁵
2333 2575 2354 2606 ’“

1280 2797 1641 2865 SERMO.

507 2959 628 3024 His
674 2960 966 3034 excussis
1013 2958 1528 3054 quaestionibus,
1580 2960 1926 3026 veniemus
1978 2956 2063 3027 ad
2111 2955 2507 3045 aequitatem.

420 3066 729 3136 Dicemus
755 3066 887 3132 hoc
919 3089 1062 3136 esse
1095 3091 1218 3160 pro
1246 3066 1472 3146 nobis,
1507 3066 1806 3132 dicemus
1834 3064 1963 3130 hoc
1992 3086 2135 3129 esse
2167 3086 2289 3152 pro
2321 3084 2514 3151 repu-

424 3167 610 3236 blica.

1116 3310 1819 3386 DECLAMATIO.

528 3471 714 3570 Opto
732 3528 751 3562 ‚
777 3494 852 3545 ut
876 3499 1158 3548 causam
1184 3472 1433 3546 iterum
1460 3470 1725 3543 dicam:
1755 3495 1883 3540 nec
1913 3494 2028 3540 me
2057 3467 2263 3558 fallit,
2293 3493 2506 3568 quam

425 3585 647 3657 multa
688 3609 1127 3686 praeteream,
1175 3614 1331 3692 quae
1373 3584 1549 3659 mihi
1595 3587 1748 3682 lege
1795 3610 2118 3657 concessa
2164 3585 2323 3655 sint.
2377 3581 2512 3655 Sed

426 3704 583 3802 quis
619 3705 904 3778 tandem
940 3732 1053 3778 me
1092 3706 1576 3793 innocentem,
1617 3701 1774 3800 quis
1815 3701 2112 3800 dignum
2154 3720 2517 3771 conversa-

433 3817 615 3891 tione
636 3843 859 3895 vestra
884 3841 1192 3920 putaret,
1222 3821 1278 3892 si
1303 3820 1499 3892 aliud
1522 3815 1875 3917 optarem?
1898 3838 1999 3889 est
2026 3841 2149 3915 pro
2179 3840 2294 3885 me
2324 3840 2337 3882 :
2371 3835 2517 3883 non

431 3935 621 4007 enim
662 3959 728 4009 et
763 3959 918 4009 tum
949 3936 1107 4009 ideo
1139 3957 1410 4008 tantum
1446 3935 1771 4007 defensus
1799 3958 1957 4007 sum
1981 3988 2000 4020 ‚
2036 3951 2114 4001 ut
2145 3930 2218 4001 in
2253 3927 2518 4000 civitate

502 4106 546 4141 1.
594 4090 868 4145 Putemus.
917 4091 1211 4144 Continuat
1251 4087 1433 4140 AErod.
1513 4087 1741 4153 videtur,
1757 4088 1967 4140 iterum.
1983 4088 2128 4139 Ριτιι.
2150 4083 2392 4154 Quinum
2406 4099 2526 4154 pro-

428 4168 539 4222 hoec
565 4189 687 4223 cum
714 4191 974 4225 sermone.
1519 4166 1736 4233 hiber-et,
1765 4184 1867 4236 quo
1897 4165 2068 4218 minus
2101 4165 2286 4215 iterum
2312 4179 2524 4242 accusa-

500 4268 548 4302 2.
575 4251 801 4304 Interim
828 4270 1110 4307 accusarer.
1134 4246 1439 4321 legendum
1523 4267 1625 4313 rer,
1649 4246 1833 4299 AErod.
