3200 5117
790 498 1633 565 DECLAMATIONES.
1678 500 1986 568 cctxl.
2346 527 2429 592 79

355 624 691 697 divisurus
710 651 874 697 cum
892 624 1031 713 his,
1056 623 1178 722 qui
1204 650 1349 695 non
1375 624 1705 697 eumdem
1723 624 2058 699 honorem
2086 629 2430 725 supremis

351 739 657 812 defuncti
673 738 922 812 tabulis
937 736 1400 811 habuerunt¹?
1413 739 1541 811 His
1561 738 1993 840 adjiciamus,
2009 743 2200 841 quod
2218 741 2429 814 etiam

347 854 607 927 inutilis
639 874 769 945 est,
803 852 1074 926 duabus
1112 874 1434 952 praeterea
1476 854 1737 926 causis:
1781 881 1946 926 nam
1988 876 2056 928 et
2082 855 2433 954 frugalita-

343 987 484 1039 tem
514 994 802 1058 eorum,
840 967 960 1066 qui
999 968 1328 1039 servaturi
1355 989 1557 1058 sunt,
1602 967 2013 1060 imminuet,
2048 991 2116 1042 et
2145 971 2431 1044 luxuriae

346 1107 628 1172 eorum,
685 1082 806 1181 qui
850 1087 1336 1181 consumpturi
1386 1104 1585 1171 sunt,
1635 1083 2030 1181 prospiciet:
2074 1112 2197 1157 cur
2240 1087 2430 1158 enim

345 1196 719 1296 quisquam
754 1216 1000 1286 servet,
1040 1215 1185 1267 tam
1211 1196 1607 1294 perditurus
1634 1195 1860 1268 aliena
1881 1198 2187 1288 luxuria,
2217 1226 2433 1298 quam

345 1312 512 1384 sua?
552 1339 678 1385 cur
716 1310 905 1383 enim
943 1337 1085 1382 non
1129 1310 1505 1419 quisquam
1541 1310 1916 1398 abutatur?
1959 1313 2127 1383 Haec
2166 1313 2252 1386 de
2291 1314 2436 1413 ipsa

342 1425 492 1527 lege
538 1426 783 1500 dixisse
814 1426 975 1499 satis
1007 1446 1180 1516 erat,
1223 1447 1489 1499 remota
1519 1446 1920 1525 temporum
1955 1427 2433 1501 oestimatione:

341 1569 533 1614 nunc
576 1543 936 1614 videamus
978 1541 1152 1640 quid
1193 1540 1307 1630 sit,
1357 1559 1638 1638 propter
1678 1539 1866 1638 quod
1910 1563 2228 1641 ponatur.
2275 1545 2439 1615 Fre-

342 1678 633 1755 quentes
686 1656 964 1756 tyranni
1008 1675 1219 1727 sunt:
1266 1654 1622 1752 primum,
1670 1681 1883 1753 qnam
1931 1656 2256 1753 iniquum
2294 1678 2433 1747 est,

342 1771 499 1844 ideo
538 1773 735 1872 quod
777 1773 1047 1870 aliquos
1094 1769 1453 1868 improbos
1487 1769 1776 1863 habeas,
1820 1772 1975 1844 exui
2008 1773 2435 1873 patrimoniis

337 1887 648 1988 paternis
693 1907 902 1984 atque
949 1884 1145 1956 avitis
1179 1910 1293 1954 eos
1329 1884 1537 1956 etiam
1559 1940 1578 1975 ,
1622 1912 1796 1984 quos
1827 1885 2051 1959 bonos
2081 1913 2222 1959 esse
2258 1887 2436 1959 cives

338 1999 728 2077 constabit?
760 2024 927 2070 nam
961 1998 1015 2069 si
1039 1995 1482 2095 tyrannidem
1508 1996 1871 2090 timemus,
1907 2021 2053 2073 erat
2078 1999 2436 2100 aliquanto

336 2117 614 2218 aequius
646 2115 721 2185 in
756 2139 1080 2214 personas
1106 2138 1345 2183 eorum
1370 2168 1388 2202 ,
1414 2113 1537 2211 qui
1567 2136 1844 2212 possent
1870 2115 2264 2216 reipublicae
2289 2142 2433 2189 esse

332 2228 682 2330 suspecti,
709 2226 911 2326 dirigi
936 2225 1273 2317 actiones,
1304 2254 1519 2327 quam
1555 2255 1830 2327 poenam
1866 2256 2004 2303 esse
2034 2230 2392 2330 publicam
2415 2289 2434 2322 ‚

335 2365 610 2434 metus»,
651 2364 725 2415 ut
763 2341 1035 2434 dicitis,
1077 2340 1367 2441 publici.
1410 2342 1693 2445 Adjice,
1733 2343 1925 2443 quod
1966 2371 2054 2415 ne
2092 2345 2438 2444 praecipua

339 2460 631 2559 quidem
685 2485 891 2531 causa
938 2480 1040 2531 est
1086 2457 1494 2531 affectandae
1546 2460 1974 2559 tyrannidis,
2027 2459 2437 2560 magnitudo

338 2574 782 2648 facultatum.
811 2573 1014 2664 Quin
1045 2600 1125 2645 ex
1150 2572 1415 2645 diverso
1446 2574 1713 2647 facilius
1738 2574 2116 2674 aliquando
2142 2601 2441 2673 occupa-

339 2692 564 2763 verint
608 2688 1056 2787 tyrannidem
1089 2686 1204 2778 hi,
1248 2714 1551 2786 quorum
1593 2689 1808 2762 fracta
1855 2689 2023 2761 ratio
2041 2702 2096 2780 ²,
2131 2716 2434 2788 quorum

339 2804 594 2877 clauda
612 2804 921 2893 fortuna,
944 2822 1010 2874 et
1031 2800 1155 2900 qui
1174 2823 1348 2875 stare
1369 2803 1728 2902 republica
1751 2801 1935 2902 salva
1956 2830 2102 2875 non
2125 2822 2432 2901 possunt.

338 2919 614 2993 Deinde
632 2918 805 2991 adeo
837 2944 980 2990 non
1006 2916 1331 2990 inhibetis
1362 2917 1486 2990 ista
1516 2945 1586 2990 re
1616 2915 2059 3018 tyrannidem
2080 2976 2099 3009 ,
2129 2940 2207 2991 ut
2230 2918 2285 2989 si
2315 2919 2438 3017 qui

339 3035 413 3107 in
438 3031 711 3109 civitate
737 3054 966 3106 nostra
986 3033 1344 3107 dementes
1368 3056 1532 3106 sunt
1548 3092 1568 3125 ,
1592 3036 1798 3108 etiam
1824 3063 2110 3110 causam
2133 3035 2436 3107 habituri

341 3150 481 3223 sint
525 3150 932 3223 affectanda.-
980 3146 1364 3248 tyrannidis
1407 3177 1421 3220 :
1470 3176 1640 3221 nam
1682 3150 1737 3222 si
1780 3151 1939 3249 quis
1990 3149 2434 3246 tyrannidem

346 3287 678 3363 occupat,
722 3288 797 3339 ut
831 3265 1060 3338 aliena
1093 3263 1278 3337 bona
1312 3264 1692 3364 possideat,
1741 3284 2005 3365 quanto
2036 3263 2310 3338 facilius
2344 3264 2432 3339 ad

341 3379 787 3477 tyrannidem
812 3380 1196 3480 perveniet,
1225 3400 1302 3451 ut
1327 3406 1451 3452 sua
1473 3379 1818 3470 vindicet,
1850 3404 1972 3451 sua
2002 3377 2326 3478 recipiat?

417 3563 745 3618 amm-tem
768 3564 1008 3636 horrorem
1035 3567 1342 3620 habumnt.
1423 3566 1559 3619 bret.
1596 3567 1795 3630 lmen,
1830 3579 1950 3636 cap.
1985 3565 2086 3631 111,
2116 3583 2171 3636 p.
2215 3565 2310 3618 152
2334 3601 2352 3631 ,
2383 3577 2435 3616 et

340 3646 601 3700 Solemnis
628 3644 861 3714 locutio,
892 3648 1015 3719 quia
1046 3648 1345 3718 ignominia
1425 3645 1585 3700 alim
1630 3642 1776 3697 dedit
1808 3645 2140 3696 Fontaninns
2178 3641 2245 3694 do
2286 3642 2435 3693 Anti·

341 3730 545 3799 speeies
567 3740 682 3781 erat
705 3727 1032 3782 exheredari.
1053 3730 1185 3783 Vide
1207 3730 1345 3781 Gro-
1426 3726 1559 3797 quit.
1583 3726 1791 3790 Horta,
1813 3723 1906 3775 lib.
1931 3725 1981 3788 1,
2007 3741 2125 3794 cap.
2147 3737 2209 3789 9,
2231 3739 2287 3790 p.
2318 3719 2434 3785 ¹⁸4·

339 3824 467 3860 nov.
507 3808 576 3860 ad
610 3809 792 3863 Senee.
832 3809 900 3862 de
935 3810 1131 3880 Tranq.
1165 3811 1343 3862 Anim.
1425 3808 1502 3858 lta
1518 3804 1712 3876 injuria
1727 3814 1947 3856 vocat-r
1962 3796 2350 3852 exheredatiol.
2374 3797 2434 3862 8,

340 3908 388 3942 e.
415 3908 436 3943 ι
453 3907 504 3954 1;
531 3904 584 3943 et
606 3893 679 3943 ita
703 3909 840 3963 sape
863 3892 918 3942 in
940 3892 1065 3961 jure
1090 3908 1347 3956 romano,
1429 3887 1489 3939 ff.
1517 3885 1583 3938 de
1609 3884 1810 3937 inoffic.
1837 3895 1957 3935 test.
1984 3884 2153 3933 Burin.

337 3989 386 4024 v.
412 3972 446 4025 l.
479 3974 580 4040 111,
608 3974 659 4041 S.
690 3973 754 4038 3,
783 3974 843 4026 ff.
880 3971 947 4025 de
978 3971 1138 4043 legat.
1173 3983 1343 4043 praet.
1501 3982 1548 4017 2.
1587 3964 1774 4016 fluctu
1812 3960 1961 4012 ratio.
1998 3959 2185 4009 Horat.
2223 3953 2329 4007 Sat.
2353 3952 2400 4004 11
2419 3992 2436 4020 ,

338 4047 374 4102 l·
396 4053 461 4117 V,
486 4054 534 4121 5.
561 4052 626 4118 6,
649 4049 770 4104 eod.
799 4064 851 4104 et
875 4049 1031 4103 alibi:
1057 4048 1182 4101 hinc
1211 4065 1347 4121 ωερε
1426 4042 1491 4110 3,
1528 4042 1622 4094 18:
1658 4043 1986 4109 «Postquam
2008 4036 2179 4087 omnis
2209 4051 2434 4125 res-mea

338 4129 392 4181 iu
416 4132 650 4202 antiquis
674 4129 867 4196 titulis,
891 4148 1020 4203 quos
1049 4138 1349 4180 testamento
1433 4145 1456 4169 ι
1477 4122 1646 4174 fracta
1683 4133 1778 4173 est.
1801 4143 1825 4167 ιι
1863 4116 2189 4171 σοπειινὸαεω
2216 4119 2437 4168 mercum

340 4224 452 4262 meo
485 4209 772 4272 honoravi,
793 4208 975 4279 quales
1008 4204 1224 4277 collegit
1247 4209 1349 4260 F·—
1432 4206 1587 4257 etinm
1605 4202 1856 4256 dicuntur
1877 4198 1945 4251 ad
1965 4200 2101 4252 Petr.
2124 4216 2172 4249 o.
2194 4194 2414 4250 XXXIX
