3200 5117
95 844 106 883 ι

91 962 106 1003 i

91 1054 106 1121 l

90 1195 107 1238 Β

90 1316 98 1355 b

771 591 1603 661 DECLAMATIONES.
1651 594 1881 660 XXII.
2245 601 2371 667 563

287 726 577 814 laetatur,
605 751 644 795 a
673 750 788 795 me
816 748 941 793 nec
969 720 1272 820 accipere
1307 720 1654 818 dignetur.
1691 721 1837 818 Ego
1867 722 2133 819 primus
2157 723 2227 796 in
2257 725 2375 797 do-

285 870 405 914 mo
437 867 631 930 mea,
669 841 904 927 fateor,
931 837 1182 926 erravi;
1220 837 1339 934 qui
1369 861 1651 909 uxorem
1686 834 1853 907 duxi
1884 864 2122 930 senex,
2149 868 2374 941 quum

273 957 430 1058 jam
471 976 646 1029 esset
680 956 752 1029 in
788 955 999 1025 domo
1043 951 1268 1041 filius,
1304 972 1374 1023 et
1405 950 1696 1048 quidem
1723 951 2034 1050 juvenis:
2067 952 2239 1026 dum
2270 956 2378 1028 ni·
2460 1048 2471 1055 ῃ

284 1073 519 1145 mium
555 1072 831 1144 confido
867 1069 1142 1170 pietati,
1181 1068 1415 1140 oculos
1449 1067 1759 1138 mulieris
1797 1067 2130 1159 incestos»,⁵
2167 1092 2232 1142 et
2268 1073 2381 1143 in-

282 1186 499 1260 fanda
538 1186 876 1259 desideria
906 1182 1183 1254 nutrivi.
1218 1184 1536 1253 Novercae
1569 1181 1853 1279 praemio
1888 1182 2119 1273 cessit,
2161 1211 2381 1281 quum

281 1302 572 1375 haberet
614 1302 687 1372 in
733 1302 944 1372 domo
990 1318 1253 1397 patrem
1281 1355 1299 1387 ,
1346 1298 1460 1369 cui
1509 1324 1720 1368 nemo
1769 1298 2113 1396 praeferret
2152 1301 2224 1370 in
2262 1300 2381 1373 tali

281 1419 549 1489 honore
596 1415 702 1487 vel
757 1433 1073 1489 matrem.
1130 1415 1287 1483 Non
1341 1411 1743 1510 privignum
1796 1433 1957 1487 ante
2014 1428 2031 1458 ¹
2056 1416 2386 1488 tentarat?

281 1532 481 1632 quis,
516 1557 716 1627 rogo,
750 1530 1017 1599 fructus
1048 1548 1180 1616 est,
1217 1526 1588 1624 impetrare
1625 1527 1897 1625 nuptias
1926 1528 2235 1631 hominis
2258 1516 2386 1601 in-

280 1646 678 1721 victi?Uter
697 1644 891 1716 vobis
916 1666 1101 1716 actor
1134 1643 1363 1716 utilior
1380 1643 1728 1715 videretur
1751 1666 1817 1717 et
1837 1645 2076 1735 verior,
2098 1645 2387 1721 maritus
2421 1712 2430 1723 .

282 1792 375 1837 an
425 1760 711 1834 caelebs?
757 1758 1287 1851 filiusfamilias,
1334 1786 1422 1830 an
1472 1758 1703 1857 pater?
1746 1758 2005 1847 senior,
2049 1787 2140 1832 an
2177 1762 2387 1863 juve-

282 1875 445 1948 nis?
488 1874 608 1973 qui
655 1874 1098 1972 repudiatur,
1144 1900 1232 1944 an
1278 1873 1396 1969 qui
1441 1872 1914 1972 praeponitur?
1947 1873 2066 1972 qui
2104 1875 2387 1967 benefi-

283 1990 483 2063 cium
519 1987 750 2078 dedit,
782 2014 874 2063 an
910 1988 1031 2086 qui
1065 1987 1328 2085 accepit
1363 1986 1741 2087 injuriam?
1774 2015 1931 2076 mea
1967 2016 2137 2061 uxor
2167 1989 2394 2061 abdu-

283 2106 512 2178 citur:
545 2123 618 2174 tn
658 2103 812 2205 quis
850 2103 963 2175 es?
997 2129 1240 2174 meum
1286 2102 1517 2175 cubile
1564 2103 1927 2192 deseritur,
1973 2103 2060 2175 ad
2091 2125 2158 2175 te
2193 2104 2391 2178 dolor

285 2221 417 2297 iste
454 2219 628 2317 quid
666 2218 1009 2319 pertinet?
1037 2223 1223 2319 Ege,
1258 2219 1528 2318 inquit,
1565 2220 1850 2318 praemio
1880 2220 2085 2293 cessi:
2118 2242 2193 2293 tu
2229 2248 2389 2320 erge

284 2364 439 2409 non
476 2357 668 2439 potes
703 2363 1014 2408 revocare
1038 2392 1057 2426 ‚
1103 2335 1291 2434 quod
1330 2336 1599 2407 dederis
1623 2394 1641 2427 ,
1687 2362 1982 2435 eamque
2023 2336 2390 2437 reprehen-

280 2499 482 2571 pectui.
502 2498 608 2549 Hie
621 2535 636 2559 ‚
653 2497 707 2550 id
722 2511 800 2550 est
811 2537 827 2562 ‚
843 2501 897 2550 in
908 2498 1128 2568 judicio.
1145 2500 1301 2551 Forte

283 2590 471 2631 nutem
497 2595 596 2648 pro
619 2579 714 2640 sie,
738 2578 859 2639 εἱὸὅς
877 2589 929 2630 et
949 2597 1099 2644 mox,
1114 2596 1197 2628 me
1213 2595 1304 2628 nec

1381 2498 2391 2570 Noninfreqnensestconstructio.sscn.

1459 2596 1502 2629 ι.
1526 2579 1649 2631 Nou
1675 2578 1977 2651 privignum
2005 2588 2257 2641 tentarat,
2285 2592 2385 2630 etc.

281 2656 556 2728 adspicere
569 2656 826 2728 dignetur.
845 2657 926 2708 Sic
943 2670 1118 2708 antem
1132 2668 1191 2710 ut
1205 2674 1301 2728 pro

241 2778 252 2785 .
280 2735 433 2811 quod
462 2736 520 2786 iu
546 2734 632 2785 his
659 2736 725 2786 sit
751 2736 1012 2806 positum,
1039 2754 1146 2805 quo
1175 2733 1304 2785 nihil

279 2817 662 2891 pervulgatum
687 2818 852 2887 magis
875 2819 927 2868 in
955 2817 1302 2869 Declamatio-

283 2896 471 2947 nibns.
499 2896 563 2945 Et
587 2895 641 2943 in
665 2895 833 2963 primu
859 2893 1068 2963 quidem
1094 2895 1305 2962 Quinti·

283 2976 418 3029 linui
438 2975 702 3042 junioris:
734 2996 756 3019 α
777 2976 846 3025 Ut
871 2974 1114 3027 heredem
1139 2975 1304 3026 filium

291 3079 316 3104 ιι
337 3053 629 3116 scriberet,
660 3071 769 3103 non
805 3066 882 3104 est
915 3072 1028 3115 res,
1063 3072 1176 3123 quae
1207 3056 1306 3104 im·-

291 3158 318 3182 «
334 3143 582 3205 putetur.
607 3153 628 3177 ι
676 3132 751 3181 Ita
794 3132 930 3181 enim
980 3131 1075 3182 ista
1121 3129 1307 3181 distin-

283 3210 509 3286 guenda
534 3221 585 3259 et
603 3207 842 3276 legenda.
867 3207 1024 3259 I’aulo
1043 3219 1168 3278 post
1188 3205 1302 3258 ead.

292 3316 320 3340 ι
336 3292 590 3359 ,Iungunt
617 3286 698 3338 his
727 3285 892 3337 multo
920 3284 1307 3337 incredibiliora

292 3394 318 3422 ι
339 3384 404 3422 ut
444 3366 713 3419 occideret
743 3378 979 3437 patrem,
1011 3367 1309 3436 pepercerit

293 3473 318 3498 ιι
340 3464 621 3508 novercae,
655 3457 756 3496 ete.
780 3467 802 3490 ι
840 3444 1125 3495 Dec-laniat.
1152 3445 1266 3496 Vm
1289 3461 1305 3495 ε

294 3554 316 3576 ι
340 3529 472 3580 Non
493 3536 672 3595 potest
690 3521 814 3573 hinc
833 3521 928 3573 tibi
943 3524 1117 3573 venire
1132 3521 1310 3576 defen-

294 3635 317 3658 «
340 3611 455 3672 sio,
481 3616 545 3657 ut
566 3603 669 3655 hoc
695 3605 763 3655 sis
790 3623 888 3675 pro
908 3603 1120 3654 alterius
1141 3604 1309 3656 salute

294 3715 318 3738 α
342 3696 670 3739 commenta.
694 3705 716 3729 υ
743 3683 836 3734 Est
865 3695 914 3733 et
944 3681 1178 3752 ejusdem
1209 3684 1312 3734 De-

287 3769 452 3821 clam.
468 3762 640 3815 initio.
653 3761 815 3812 Alteri
830 3760 1156 3829 Quintiliano
1172 3760 1309 3812 hanc

287 3843 550 3901 voculam
575 3842 676 3892 isto
700 3858 858 3892 sensu
884 3838 1143 3911 placuisse
1169 3853 1312 3911 patet

290 3948 358 3981 ex
389 3920 638 3977 Declam.
668 3917 947 3985 CCLXW,
975 3920 1029 3969 in
1063 3918 1222 3969 Serm.
1260 3932 1312 3970 et

289 4000 558 4061 ccxcw
577 4037 594 4064 ‚
642 4018 753 4070 quae
799 3996 900 4048 hac
948 3997 1313 4049 observatione

289 4103 409 4138 non
439 4096 557 4133 uno
588 4075 707 4128 loco
738 4073 1040 4128 illustratur.
1067 4076 1318 4127 Videatur

294 4165 365 4216 ab
398 4161 559 4213 initio
589 4156 787 4208 Seneca
816 4155 1073 4207 Comi-,12
1105 4179 1126 4202 ιι
1146 4157 1318 4207 Leno-

301 4264 326 4288 α
346 4244 588 4302 cinatur,
613 4239 851 4307 inquam,
874 4234 1049 4305 gloriae
1073 4254 1198 4287 meae
1213 4273 1230 4300 ,
1259 4249 1317 4287 ut

302 4345 327 4369 a
349 4320 541 4373 videar
565 4317 722 4369 etiam
745 4314 1040 4387 prohibitus
1067 4313 1270 4371 aluisse.
1290 4338 1312 4361 ι

1382 2657 1591 2721 Malim,
1616 2656 1735 2711 Nisi
1754 2658 1891 2726 pn‘m'
1928 2675 2053 2707 num
2080 2668 2202 2707 ante
2226 2667 2389 2708 tenta-

1384 2748 1499 2799 rat,
1525 2736 1670 2807 quis,
1700 2754 1851 2808 mqo,
1902 2747 2075 2788 ructus
2098 2747 2193 2799 est,
2223 2723 2387 2806 impe-

1383 2825 1517 2866 trare
1543 2814 1750 2884 nuptias
1776 2813 2001 2864 hominis
2026 2813 2218 2865 inviti?
2244 2812 2306 2862 Et
2330 2816 2390 2869 in

1384 2893 1763 2964 sequentibus:
1804 2893 1876 2944 At
1915 2903 2031 2943 uter
2073 2894 2211 2945 vobis
2248 2902 2394 2944 actor
2428 2912 2433 2927 ²

1385 2972 1569 3024 utilior
1589 2972 1814 3037 videtur,
1842 2982 1894 3023 et
1921 2972 2110 3036 verior,
2134 2972 2386 3039 maritas,

1383 3068 1454 3099 an
1488 3048 1707 3100 caelebs?
1738 3049 1828 3098 Est
1861 3061 2037 3099 autem
2066 3047 2175 3099 haec
2204 3049 2390 3100 Decla-

1385 3129 1543 3178 matio
1561 3126 1798 3197 quedam
1813 3125 2150 3181 divinationis
2168 3132 2386 3198 species.

1383 3208 1602 3259 Scirum.
1620 3207 1743 3258 Non
1762 3219 2019 3258 mutarem
2038 3207 2165 3259 illud
2188 3209 2386 3263 invicti.

1384 3284 1577 3336 Sensus
1619 3286 1757 3336 enim
1801 3297 1910 3349 est,
1956 3304 2234 3338 novercam
2274 3293 2385 3360 jam

1385 3376 1510 3416 ante
1537 3377 1763 3416 tentasse
1794 3367 2123 3437 privignum,
2156 3380 2207 3418 et
2238 3368 2384 3420 illum

1382 3446 1577 3496 victum
1606 3442 1866 3497 illecebris
1894 3448 2113 3496 cessisse
2139 3451 2381 3518 praemio:

1387 3542 1506 3575 nam
1530 3524 1630 3574 nisi
1651 3536 1793 3574 certa
1817 3534 1955 3573 esset
1976 3521 2043 3574 de
2061 3526 2281 3595 privigni
2301 3543 2389 3575 vo-

1387 3602 1617 3666 luntate,
1642 3603 1759 3672 quis
1783 3602 1986 3653 fructus
2011 3616 2175 3670 esset,
2201 3617 2387 3675 optare

1389 3694 1438 3733 et
1481 3683 1761 3749 impetrare
1802 3698 1831 3730 a
1867 3679 2135 3747 judicibus
2178 3684 2388 3752 nuptias

1387 3760 1617 3811 hominis
1640 3760 1843 3823 invicti,
1865 3762 1954 3831 qui
1974 3778 2079 3811 non
2099 3774 2281 3831 posset
2302 3760 2392 3813 ad-

1391 3838 1514 3890 duci
1552 3838 1619 3890 ad
1654 3837 1769 3889 illas
1807 3841 2052 3910 nuptias?
2088 3842 2157 3890 ita
2198 3842 2392 3910 passim

1391 3917 1531 3969 vinci
1558 3930 1610 3968 et
1638 3917 1820 3968 invicti
1840 3939 1854 3966 .-
1891 3930 1947 3968 ut
1974 3919 2116 3970 Curt.
2144 3921 2292 3986 VIII,
2322 3920 2388 3971 8:

1397 4019 1421 4043 α
1442 3995 1763 4047 Macedonas
1794 3997 2014 4049 invictos
2042 3999 2266 4063 caeteris,
2292 4018 2391 4051 nec

1401 4100 1422 4123 κ
1445 4095 1573 4127 auro
1600 4074 1813 4148 quidem
1836 4077 1991 4127 vinci.
2015 4098 2035 4121 u
2064 4074 2182 4127 Vid.
2209 4075 2279 4128 ad
2302 4081 2397 4130 Pe-

1395 4166 1533 4205 tron.
1554 4172 1672 4224 cap.
1691 4154 1795 4205 LV.
1821 4154 2082 4206 Invictum
2102 4173 2225 4207 vero
2246 4168 2299 4206 et
2323 4155 2398 4207 in·

1398 4235 1560 4285 vitum
1589 4232 1847 4284 confundi
1873 4232 2092 4286 vidimus
2121 4234 2188 4285 ad
2211 4236 2392 4304 Quint.

1397 4313 1635 4368 Declam.
1658 4312 2033 4369 CCCLxxvn.
2058 4314 2222 4364 Rusti.

2032 4402 2117 4453 36.
