3200 5117
785 533 1625 600 DECLAMATloNEs.
1671 535 2129 630 ccxcvm.
2383 567 2501 635 ¹99

413 682 482 736 et
503 681 730 735 aratro
752 685 961 732 senex
985 658 1393 731 incumbam
1419 684 1433 729 ε
1460 678 1535 730 tu
1559 678 1832 730 tantum
1858 660 2122 760 impera
2147 690 2163 735 :
2197 691 2342 735 non
2370 668 2507 738 mi-

412 775 658 850 sereris
708 773 974 875 paterni
1030 773 1326 872 avitique
1371 773 1621 865 fundi,
1668 774 1868 848 obsiti
1918 777 2274 850 sentibus?
2325 780 2505 855 circa

414 890 595 968 beati
644 891 928 964 fructus.
971 891 1113 962 Nos
1159 888 1425 962 desidia
1469 887 1656 960 male
1697 888 2068 963 audimus:
2116 914 2285 991 quot
2317 910 2332 939 ¹
2350 895 2499 996 jam

414 1006 853 1108 perdidimus
888 1004 1152 1078 annos?
1189 1025 1265 1078 tu
1292 1004 1460 1076 vivis
1496 1003 1726 1078 aliena
1758 1004 2186 1081 liberalitate.
2224 1013 2316 1081 At
2350 1011 2404 1082 si
2439 1032 2503 1083 te

415 1119 611 1191 nulla
648 1119 902 1193 horum
944 1118 1292 1193 miseratio
1325 1138 1549 1210 tenet,
1587 1117 1902 1218 ignoscas
1933 1121 2104 1192 mihi
2137 1148 2152 1192 τ
2184 1122 2506 1199 ducimus

415 1236 797 1335 quemdam
823 1236 1144 1310 adversus
1170 1236 1350 1338 ipsas
1374 1257 1587 1308 terras
1614 1235 2114 1309 consuetudine
2139 1238 2501 1312 affectum?

414 1378 560 1425 non
585 1353 841 1427 vendes
874 1374 949 1425 tu
984 1353 1289 1452 agellum
1327 1378 1613 1425 meum:
1643 1378 1787 1423 non
1817 1374 2138 1452 paternos
2161 1353 2507 1454 avitosque

414 1468 678 1544 cineres
695 1528 715 1562 ‚
741 1491 809 1543 et
838 1497 986 1544 ossa
1017 1469 1228 1543 alicui
1263 1469 1479 1569 pretio
1505 1494 1709 1540 coenae
1735 1468 1946 1542 unius
1968 1469 2289 1543 addices?
2312 1471 2510 1562 Qua-

411 1606 615 1667 tenus
656 1586 1023 1660 infeliciter
1059 1586 1287 1659 filium
1326 1584 1608 1676 sustuli,
1648 1612 1955 1682 quaeram
1993 1587 2341 1688 aliquem,
2383 1587 2506 1692 qui

416 1700 619 1773 colat.
818 1695 823 1700 ’

408 1957 1541 1980 mmmmwm
1552 1960 2508 1983 mmwmwmmm

1213 2141 1715 2220 CCXCIX.

1071 2373 1232 2443 Ossa
1258 2387 1451 2443 eruta
1474 2373 1865 2473 parricidae.

414 2569 777 2629 Panmcmz
800 2586 1117 2628 insnum
1141 2587 1568 2628 amtermun.
1595 2568 1894 2630 sxvumm
1920 2587 2167 2629 vtem-rr
2191 2588 2286 2629 sn·
2313 2589 2508 2631 Aeno.

494 2666 806 2729 Decedens
829 2678 1004 2750 pater
1016 2665 1339 2727 mandavit
1363 2665 1506 2728 filiae
1530 2664 1872 2744 ultionem,
1893 2666 2133 2744 dicens,
2159 2689 2221 2728 se
2238 2668 2510 2730 duorum
2625 2669 2648 2678 ““

494 2764 771 2827 filiorum
795 2785 1035 2826 veneno
1060 2766 1278 2847 perire.
1308 2764 1520 2826 Puella
1552 2783 1691 2826 reos
1714 2765 2083 2848 postulavit:
2119 2769 2281 2828 inter
2307 2785 2511 2826 moras

495 2885 655 2926 unus
687 2885 751 2924 se
789 2849 1049 2941 occidit,
1086 2877 1148 2923 et
1184 2863 1459 2946 sepultus
1494 2878 1580 2924 est
1619 2866 1683 2923 in
1720 2867 2144 2927 monumentis
2180 2863 2511 2948 majorum.

497 2963 769 3025 Alterum
807 2985 1001 3046 quum
1038 2962 1422 3038 damnasset,
1459 2978 1521 3026 et
1556 2964 1936 3048 insepultum
1971 2964 2351 3049 projecisset,
2382 2960 2510 3046 ejus

500 3079 744 3142 quoque
764 3062 874 3142 qui
897 3060 1169 3143 sepultus
1192 3059 1424 3136 fuerat,
1449 3082 1587 3122 ossa
1610 3062 1771 3123 eruit
1786 3106 1805 3138 ,
1827 3076 1891 3124 et
1915 3060 2157 3144 abjecit.
2185 3062 2511 3124 Accusatur

2557 3151 2566 3178 l

503 3157 717 3218 violati
739 3157 1022 3242 sepulcri.

1279 3305 1322 3372 S
1340 3307 1394 3371 E
1413 3308 1467 3370 R
1481 3307 1556 3372 M
1570 3308 1651 3374 Ο.

506 3470 609 3533 An
646 3484 989 3558 utcunque
1032 3467 1367 3556 sepultum
1411 3489 1646 3533 eruere
1689 3489 1826 3531 non
1865 3465 2098 3533 liceat:
2140 3489 2225 3531 an
2271 3465 2333 3531 ei
2373 3488 2509 3531 non

415 3573 710 3652 licuerit,
742 3597 892 3664 quae
922 3572 1562 3665 potuit-prohibere:
1602 3595 1685 3639 an
1721 3572 1919 3638 etiam
1953 3596 2087 3639 non
2115 3573 2267 3664 jure
2307 3569 2511 3637 fuerit

419 3680 738 3769 sepultus.
764 3681 938 3749 Hinc
959 3681 1276 3773 speciales
1300 3682 1727 3772 quaestione5‚
1752 3698 1976 3747 utrum
1998 3681 2106 3748 lex
2129 3678 2513 3745 damnatum

420 3802 677 3853 tentum
713 3789 1083 3877 parricidii,
1121 3814 1206 3855 an
1241 3813 1472 3856 revera
1509 3788 1902 3880 parricidam
1935 3787 2286 3877 prohibeat
2321 3804 2511 3871 sepe-

417 3930 740 3985 bammum.
762 3937 853 4007 qui
872 3948 1040 3987 servat
1059 3934 1236 3985 etiam.
1253 3934 1417 3986 —Tu
1496 3945 1623 4009 quot
1630 3937 1772 4007 jam.
1792 3932 1962 3985 Thad.
1990 3944 2041 3983 et
2067 3926 2244 3983 AErod.
2278 3925 2514 3980 audimus

419 4021 628 4065 tannim
653 4014 866 4088 impera.
898 4016 979 4068 Tu
1004 4026 1176 4067 tamen
1201 4016 1293 4067 im.
1327 4016 1421 4066 mi-
1507 4012 1798 4086 quodjam.
1815 4009 2022 4064 Scribe:
2044 4010 2155 4062 Nos
2168 4005 2359 4061 desidia
2375 4004 2515 4057 male

414 4094 683 4163 sember-is,
718 4095 895 4148 AErod.
914 4126 982 4136 —
1000 4097 1147 4150 Circa
1168 4096 1320 4148 beati.
1343 4096 1429 4149 Οἰ-
1506 4091 1762 4144 audimus.
1795 4090 1932 4161 Quot
1935 4108 2057 4160 Jam
2075 4085 2394 4162 perdidimus
2413 4102 2515 4136 an-

419 4185 500 4228 tra
524 4173 935 4246 beatosfnoews,
949 4173 1147 4226 Schult.
1175 4189 1227 4227 et
1248 4173 1424 4228 AErod.
1509 4171 1639 4223 nos?
1667 4169 1833 4222 Gnou.
1865 4199 1937 4208 —
1967 4171 2093 4223 Non
2131 4164 2330 4220 vendes.
2367 4163 2512 4217 Num·

500 4268 544 4304 1.
586 4252 698 4306 Nos
738 4253 930 4307 desidia
965 4252 1105 4306 male
1139 4252 1431 4306 audivimus
1512 4248 1730 4304 vendes?
1752 4246 1932 4304 AErod.
