3200 5117
714 563 845 649 346
1214 560 1312 632 Μ.
1357 562 1610 627 FABH
1656 560 2299 646 Qnm'rthm

714 691 1012 788 dignum
1040 686 1338 778 videtur,
1373 687 1430 760 si
1471 687 1559 778 is,
1595 687 1718 786 qui
1756 687 1864 760 bis
1886 687 2040 789 jam
2079 685 2452 762 damnatus
2486 709 2585 763 est
2612 691 2812 796 inju-

712 806 1013 893 riarum,
1064 804 1310 875 fecit¹:
1346 804 1496 904 jam
1536 803 1668 877 hoc
1709 803 1837 876 tale
1876 804 2149 877 videtur
2190 806 2394 906 quale
2436 807 2807 883 hominem

711 921 1023 996 occidere
1050 945 1066 991 t
1100 946 1261 1018 ergo
1297 939 1374 993 tu
1409 920 1478 993 id
1509 920 1857 1023 objecisti,
1892 921 2083 1020 quod
2113 921 2224 994 lex
2256 943 2477 995 morte
2508 924 2809 1022 dignum

712 1037 1010 1139 putavit,
1041 1035 1233 1137 quod
1265 1037 1376 1109 lex
1408 1036 1630 1135 capite
1660 1037 1951 1110 taxavit:
1988 1036 2232 1136 capitis
2261 1066 2422 1137 ergo
2447 1042 2806 1114 accusasti.

712 1157 865 1227 Hoc
909 1154 1065 1227 loco
1102 1150 1262 1253 jure
1309 1150 1631 1252 depulsi,
1680 1152 1771 1224 ad
1821 1151 2132 1224 convicia
2178 1154 2590 1254 confugiunt
2630 1183 2646 1227 :
2700 1156 2809 1229 bis

707 1292 944 1345 tamen
965 1269 1386 1371 injuriarum
1408 1269 1778 1342 damnatus
1807 1290 1925 1341 est.
1949 1272 2221 1342 Poterat
2247 1270 2421 1342 mihi
2442 1272 2603 1345 satis
2628 1299 2804 1364 esse,

709 1388 902 1487 quod
949 1385 1149 1459 tertio
1203 1385 1564 1459 absolutus
1607 1406 1705 1459 est
1744 1411 1760 1457 :
1810 1386 1930 1458 sed
1981 1386 2520 1460 animadvertitis
2565 1391 2807 1489 quales

709 1502 1116 1575 inimicitias
1151 1501 1435 1575 sortitus
1475 1502 1560 1574 sit
1596 1529 1612 1573 :
1655 1501 1878 1593 scitiS‚
1921 1501 2121 1574 illum
2165 1529 2307 1575 nou
2352 1502 2805 1578 innocentem

711 1620 1013 1693 accusari
1052 1620 1340 1693 solere2.
1387 1619 1523 1692 Sed
1563 1618 1838 1692 facilius
1868 1618 2036 1709 fuit,
2086 1641 2163 1692 ut
2204 1619 2501 1692 traheret
2539 1621 2802 1721 aliquid

715 1734 983 1834 gratiae,
1017 1734 1193 1806 dum
1227 1733 1300 1805 id
1341 1732 1490 1805 fieri
1532 1733 1682 1806 sine
1720 1733 2027 1833 periculo
2055 1732 2438 1806 videbatur.
2482 1735 2647 1808 Ideo
2687 1737 2804 1807 in-

709 1850 967 1922 tentius
971 1880 1000 1953 J
1011 1850 1246 1924 udices
1262 1850 1923 1950 pronunciaverunt,
1940 1870 2384 1950 posteaquam
2403 1850 2556 1922 talis
2572 1878 2808 1950 pugna

713 1966 1081 2039 commissa
1110 1988 1244 2057 est,
1288 1966 1361 2038 in
1403 1994 1547 2067 qua
1583 1966 1806 2066 perire
1849 1966 2039 2039 alteri
2076 1992 2351 2039 necesse
2391 1966 2498 2038 sit.
2538 1968 2806 2040 Omnia

711 2081 925 2179 igitur
956 2081 1017 2182 ej
1029 2108 1108 2154 us
1131 2082 1318 2172 tulit,
1347 2082 1468 2180 qui
1504 2107 1660 2154 reus
1684 2081 1927 2180 capitis
1953 2101 2342 2171 accusatur,
2380 2080 2767 2179 periculum
2785 2140 2803 2174 ,

713 2197 1254 2271 sollicitudinem
1285 2225 1300 2269 ε
1338 2196 1544 2271 debet
1572 2198 1956 2271 consentire
1986 2197 2065 2269 iis
2097 2198 2304 2270 etiam
2340 2197 2535 2269 ultio.

1575 2400 1942 2468 SERMO.

805 2561 963 2626 Haec
990 2558 1073 2624 ab
1101 2576 1482 2626 accusatore
1513 2559 1814 2625 existimo
1838 2559 1992 2625 satis
2016 2557 2220 2625 dicta:
2252 2576 2479 2627 contra
2500 2559 2625 2623 illa.

794 2791 839 2826 1.
874 2775 1194 2846 Injun'amm
1215 2774 1367 2845 fecit.
1396 2777 1722 2850 Injuriarum
1804 2774 2090 2845 intelligitis
2126 2772 2414 2846 periculum
2450 2773 2605 2824 etiam
2640 2770 2795 2822 inno-

717 2859 903 2909 t’terum
917 2853 1029 2925 (vel
1048 2856 1250 2908 tertium
1263 2855 1453 2929 >sedet
1472 2856 1600 2909 latet
1618 2843 1724 2908 boc
1805 2854 1945 2907 centi
1967 2855 2017 2906 ei
2037 2853 2210 2908 solere
2233 2853 2423 2904 inferri.
2447 2852 2611 2904 (ἕπου.
2630 2877 2703 2888 —-
2728 2848 2798 2901 Ut

716 2940 770 2990 iu
800 2938 903 2990 fine
931 2937 1076 2989 vocis
1104 2936 1466 3009 praecedentis.
1502 2937 1723 2992 Senon.
1808 2932 2029 2985 traheret
2046 2931 2251 3004 aliquid
2261 2931 2455 3007 qratioe.
2474 2929 2591 2982 Scio
2608 2928 2806 2980 tustini

790 3033 837 3067 2.
877 3015 1029 3069 Scitis
1059 3015 1213 3068 illum
1251 3035 1358 3070 non
1391 3018 1718 3070 innocentem

715 3096 944 3148 accusari
964 3093 1140 3148 solere.
1167 3095 1249 3150 Sic
1271 3094 1533 3160 Pithoeus,
1558 3114 1722 3167 quum

715 3172 1013 3226 'rhaddaeus
1048 3187 1100 3226 et
1127 3172 1400 3241 AErodius‚
1432 3171 1584 3226 illum
1599 3176 1722 3247 jam

719 3253 1063 3305 innocentem.
1089 3252 1139 3305 si
1161 3249 1273 3305 haec
1295 3252 1596 3306 dicerentur
1622 3271 1722 3325 pro

717 3329 831 3394 illo,
843 3333 934 3403 qui
948 3333 1101 3385 tertio
1117 3333 1423 3404 postulavit,
1437 3332 1723 3406 probarem

718 3410 1064 3465 pithoeanum.
1099 3413 1201 3467 Sed
1227 3413 1476 3467 dicuntur
1497 3433 1598 3487 pro
1630 3414 1723 3468 ab·

718 3487 896 3542 uoluto
915 3511 927 3540 ε
953 3509 1122 3563 eoque
1141 3490 1424 3563 legendum
1441 3506 1551 3546 est:
1572 3493 1725 3546 Scitis

719 3566 875 3621 ulnam
922 3570 1081 3621 etiam
1130 3570 1452 3626 innocentem
1494 3571 1724 3625 accusari

715 3649 890 3704 solere.
904 3651 976 3703 Ut
987 3653 1226 3704 convicia
1240 3652 1522 3706 adversarii
1534 3650 1722 3720 diluat,

720 3743 772 3781 et
818 3730 1186 3782 auctoritatem
1226 3730 1402 3784 demat
1449 3728 1722 3803 prioribus

719 3806 931 3861 duobus
953 3807 1195 3879 judiciis,
1221 3808 1410 3876 nolite,
1433 3812 1637 3882 inquit,
1659 3827 1723 3862 ex

720 3887 920 3961 duplici
933 3890 1270 3944 damnatione
1280 3891 1520 3964 judicare
1533 3891 1599 3944 de
1616 3909 1723 3943 mo·

719 3970 864 4024 ribus
897 3971 1056 4043 hujus
1077 3996 1088 4025 :
1115 3974 1331 4040 videtis,
1356 3991 1516 4046 quam
1539 3990 1721 4043 graves

723 4046 917 4102 habeat
938 4053 1208 4117 inimicum
1237 4071 1300 4105 ex
1332 4054 1490 4106 tertio
1514 4051 1721 4125 judicio

1799 3010 1883 3063 vel
1904 3012 2098 3081 Trogi,
2136 3032 2159 3056 e·
2178 3022 2239 3062 ut
2267 3009 2333 3061 ab
2361 3009 2595 3079 utrisque
2620 3023 2805 3078 parem

1807 3095 2071 3165 «gratiam
2103 3092 2349 3145 traheret.
2373 3115 2396 3139 ι
2433 3089 2536 3144 Sed
2569 3089 2657 3141 hie
2692 3107 2809 3142 sen·

1802 3176 1966 3228 tentia
1986 3174 2204 3246 requirit
2221 3196 2239 3224 ι
2257 3197 2279 3220 ιι
2298 3186 2355 3226 ut
2376 3171 2591 3225 daretur
2608 3167 2809 3242 aliquid

1811 3281 1834 3303 α
1849 3258 2044 3329 gratim.
2067 3279 2089 3303 a
2114 3257 2186 3308 Ut
2204 3272 2314 3307 non
2338 3266 2446 3307 tam
2470 3252 2669 3305 meritis
2688 3269 2809 3303 cau-

1804 3356 1900 3401 sae,
1927 3353 2088 3410 quam
2111 3335 2279 3404 gratia
2308 3333 2454 3405 apud
2472 3332 2683 3406 judices
2712 3331 2808 3382 ini-

1802 3421 1925 3472 mici
1967 3421 2080 3489 ejtns
2126 3420 2468 3490 impetrarent
2515 3415 2809 3467 damnatio-

1802 3517 1925 3551 nem
1950 3498 2006 3548 iu
2033 3495 2243 3548 duobus
2266 3494 2479 3565 judiciis
2507 3491 2808 3566 prioribuS,

1802 3576 1927 3628 dum
1970 3571 2211 3628 nondum
2248 3574 2423 3644 capite
2459 3571 2807 3645 periclitatur.

1801 3657 1968 3709 Giton.
2009 3656 2113 3709 Sed
2148 3651 2446 3728 difficilius,
2490 3652 2692 3705 Schult.
2735 3682 2810 3693 --

1800 3737 1923 3794 Sine
1949 3734 2182 3809 periculo
2216 3734 2494 3786 videbatur.
2530 3734 2707 3784 Primo
2735 3732 2811 3783 vi·

1800 3813 1992 3867 delicet
2019 3827 2072 3866 et
2095 3812 2260 3865 altero
2279 3810 2502 3882 judicio.
2529 3811 2712 3862 AEuou.
2736 3839 2808 3849 --

1805 3893 2097 3947 Consentire
2110 3893 2189 3944 iis.
2206 3892 2289 3942 Au
2299 3929 2316 3956 ‚
2331 3888 2615 3943 consentire
2628 3890 2678 3962 iq
2685 3886 2802 3940 itur.

1802 3971 2021 4024 Scamm-
2063 3971 2225 4022 Debet
2266 3970 2426 4043 iqitur
2456 3967 2722 4019 consistere
2754 3967 2806 4016 ei

1800 4049 1983 4104 similis
1998 4061 2051 4101 et
2066 4050 2244 4102 eadem
2267 4047 2416 4101 ultio.
2442 4044 2628 4101 ΛΕι-οᾶ.
