3200 5117
764 569 1606 640 DECLAMATIONES.
1655 573 2028 644 cccxxl.
2313 602 2437 669 ²97

345 700 783 774 ctoritatem:
826 695 1203 786 discordes,
1248 698 1509 795 inquit,
1557 697 1805 770 fuistis,
1852 699 2187 773 Nondum
2231 702 2440 775 ratio-

348 841 522 886 nem
557 813 770 913 hujus
803 811 1114 884 criminis
1146 811 1359 883 reddo
1387 840 1402 882 :
1451 811 1625 883 illud
1664 811 1946 884 interim
1978 834 2215 904 testor,
2251 815 2441 888 hunc

346 928 627 1001 bonum
652 928 960 1000 amicum
986 925 1263 1023 utrique
1289 926 1745 999 maledicere:
1773 952 1964 998 nunc
1987 929 2190 1017 mihi,
2213 931 2440 1020 frater,

350 1043 429 1113 in
456 1068 873 1139 quacunque
904 1061 1093 1139 parte
1122 1061 1389 1112 naturae
1418 1068 1488 1113 es
1506 1098 1525 1131 ‚
1549 1040 1822 1139 agenda
1847 1067 2051 1113 causa
2080 1064 2146 1113 et
2169 1063 2287 1115 tua
2314 1064 2438 1116 est.

348 1157 643 1256 Aliquid
687 1183 770 1229 ex
807 1182 1089 1228 summa
1132 1154 1575 1227 fraternitatis
1622 1155 1839 1253 gratia
1882 1154 2182 1228 defuisse
2218 1157 2441 1229 visum

350 1293 456 1345 est
498 1270 911 1370 aliquando,
950 1269 1122 1342 dum
1159 1271 1443 1349 forsitan
1482 1291 1772 1366 uterque
1808 1265 2083 1342 alterius
2123 1271 2444 1343 animum

353 1388 578 1487 magis
623 1387 833 1486 exigit
875 1385 1131 1456 fiducia
1177 1386 1307 1457 sui.
1350 1387 1535 1457 Bene
1577 1385 1856 1457 hercule
1891 1387 2212 1476 fortuna,
2257 1387 2445 1483 quod

354 1525 645 1603 uterque
696 1525 862 1576 tunc
906 1501 1320 1592 incolumiS‚
1374 1500 1564 1599 quod
1611 1524 1892 1600 penates
1930 1504 2081 1575 sine
2125 1503 2445 1603 lacrymis

352 1620 675 1691 fuerunt:
702 1616 898 1692 nulla
922 1615 1261 1714 parricidii
1288 1616 1615 1715 suspici0‚
1642 1637 1950 1716 tempore
1974 1617 2118 1709 illo,
2147 1645 2285 1715 quo
2315 1617 2448 1690 mi-

353 1760 493 1804 nus
536 1733 985 1803 amabamus:
1042 1756 1184 1801 non
1236 1751 1470 1802 tamen
1519 1731 1653 1803 ista
1697 1732 1911 1804 nostri
1963 1732 2187 1804 animi
2238 1732 2446 1831 culpa

355 1847 525 1935 fuit,
564 1845 697 1916 nisi
732 1845 899 1942 quia
929 1843 1176 1914 vitium
1209 1865 1311 1915 est
1344 1843 1672 1916 humanae
1704 1846 1955 1917 mentis
1989 1845 2211 1917 nimia
2242 1845 2445 1945 cupi.-

359 1962 560 2033 ditaS.
612 1959 708 2030 Hi
754 1978 951 2047 sunt,
995 1956 1117 2055 qui
1163 1957 1566 2057 conjunctos
1608 1980 1933 2058 separant
1971 1959 2282 2049 animos,
2324 1959 2445 2058 qui

358 2100 654 2147 summae
680 2072 1062 2145 concordiae
1081 2070 1266 2143 virus
1289 2065 1499 2143 suum
1524 2072 2008 2172 interponunt,
2033 2074 2157 2171 qui
2190 2073 2452 2146 heredi·

362 2210 532 2262 tates
554 2208 862 2288 captant,
887 2186 1007 2283 qui
1036 2212 1108 2257 se
1138 2188 1564 2258 testamentis
1582 2210 1862 2286 parant:
1892 2187 2014 2286 qui
2039 2189 2132 2260 ita
2155 2187 2445 2260 demum

358 2330 557 2404 spem
597 2303 901 2402 aliquam
950 2301 1022 2371 in
1065 2321 1417 2399 posterum
1448 2302 1616 2374 vitae·
1641 2302 1939 2391 habent,
1980 2302 2037 2374 si
2079 2328 2231 2391 eos,
2273 2329 2446 2401 quos

357 2419 622 2491 amicos
661 2416 1224 2516 appellaverunt,
1274 2412 1640 2486 carissimis
1690 2415 2099 2514 pignoribus
2148 2416 2450 2488 abduxe-

359 2532 534 2604 rint:
583 2531 736 2629 quis
777 2530 1016 2601 fecerit
1052 2526 1230 2599 illud
1274 2527 1453 2598 inter
1488 2554 1651 2618 noS,
1687 2529 1786 2600 sic
1824 2531 2127 2627 quaerite.
2162 2528 2446 2601 Nullam

357 2647 480 2722 iste
527 2675 721 2747 spem
762 2644 1163 2718 hereditatis
1198 2643 1588 2733 habuisset,
1628 2645 1682 2715 si
1720 2672 2086 2745 nunquam
2123 2644 2449 2717 dissedis-

357 2788 624 2833 semus:
665 2760 797 2833 hoc
841 2759 1049 2857 igitur
1087 2756 1396 2857 primum
1438 2758 1654 2830 veluti
1699 2759 2046 2832 mentium
2089 2761 2448 2858 animique

358 2879 599 2949 tentati
624 2903 893 2951 veneno
923 2901 1201 2963 sumus3
1244 2874 1363 2945 sed
1385 2930 1404 2963 ,
1442 2874 1540 2946 dii
1569 2875 1863 2948 melius:
1896 2904 2126 2977 neque
2156 2875 2448 2975 longum

362 2993 547 3064 istud
590 2994 762 3065 fuit:
810 3018 1038 3090 neque
1078 2989 1468 3089 quidquam
1513 3017 1593 3062 ex
1635 3018 1714 3063 eo
1747 3014 2058 3066 secutum
2092 3015 2226 3084 est,
2259 2992 2448 3089 quod

363 3106 721 3178 emendari
759 3133 902 3177 non
933 3104 1165 3204 possit.
1195 3101 1460 3173 Divisio
1488 3103 1632 3174 sola
1657 3119 1704 3195 ¹,
1740 3127 1817 3177 ut
1843 3106 2071 3178 sciatis
2106 3108 2219 3179 cui
2253 3107 2448 3178 heres

360 3220 487 3291 sit:
528 3220 649 3291 sed
684 3240 918 3319 postea
949 3215 1178 3316 (quod
1214 3213 1371 3286 satis
1411 3218 1547 3310 est)
1582 3218 1834 3314 gratia,
1869 3241 1936 3292 et
1966 3246 2198 3291 rursus
2227 3219 2449 3291 solida

360 3337 782 3427 fraternitas,
816 3336 1036 3406 immo
1071 3329 1349 3404 hercule
1379 3329 1602 3430 major
1634 3334 2019 3434 arctiorque
2047 3335 2443 3438 conjunctio

361 3472 513 3548 post
552 3449 1051 3551 poenitentiam.
1099 3444 1433 3517 Nesciunt
1476 3444 1838 3540 homines,
1887 3472 2227 3547 quantum
2275 3452 2446 3525 boni

362 3557 746 3639 fraternitas
782 3565 1065 3655 habeat,
1100 3561 1223 3661 qui
1261 3586 1631 3659 nunquam
1676 3561 2134 3639 dissederunt:
2171 3589 2250 3639 ut
2284 3567 2445 3638 dul·
2553 3557 2556 3558 ⁷

366 3679 507 3750 cius
546 3707 867 3752 serenum
918 3698 1072 3777 post
1112 3695 1549 3774 tempestates
1591 3700 1724 3767 est,
1769 3679 1862 3751 ita
1905 3683 2149 3755 nostris
2194 3680 2447 3752 animis

366 3792 697 3885 laceratis,
725 3817 793 3867 et
818 3794 1010 3866 domi
1029 3789 1423 3890 castigatis²‚
1448 3791 1636 3864 velut
1661 3815 1899 3893 portus
1926 3796 2046 3868 ille
2067 3793 2447 3868 fraternita-

444 3981 486 4015 ι.
523 3964 719 4018 Divisio
753 3966 881 4019 sola.
918 3966 1115 4018 Divino
1148 3967 1202 4040 in
1236 3961 1361 4016 edit.
1447 3973 1527 4017 tus
1550 3967 1649 4030 sit,
1681 3985 1845 4037 marg.
1871 3997 1942 4007 —
1965 3969 2144 4039 Major
2160 3963 2448 4036 aoetiorque

363 4045 432 4099 al.
459 4046 601 4098 forte
621 4045 889 4100 divisimus
904 4046 1099 4113 solum,
1123 4057 1180 4098 ut
1197 4043 1368 4099 sciatis
1445 4049 1757 4120 conjunctio,
1774 4048 1870 4101 Ed.
1889 4051 2000 4120 Bip.
2017 4046 2178 4101 habet
2191 4042 2448 4118 altiorque

362 4145 461 4180 cur
486 4127 624 4179 heres
661 4128 741 4181 sit.
775 4128 994 4181 Senum-r.
1028 4126 1226 4180 Divisio
1252 4125 1364 4180 sota
1445 4128 1579 4198 conj.
1602 4128 1747 4192 vitio,
1768 4140 1827 4179 ut
1843 4140 2119 4198 putamus,
2139 4142 2444 4196 oper-arnum

363 4206 385 4276 (
406 4220 464 4260 ut
506 4209 676 4261 sciatis
736 4209 822 4260 cui
871 4209 1011 4261 heres
1057 4209 1121 4261 sit
1141 4207 1195 4279 )‚
1240 4207 1330 4260 sed
1344 4247 1362 4273 ,
1443 4225 1543 4259 nee
1565 4207 1678 4260 ullo
1702 4208 1863 4262 modo
1883 4211 2008 4263 ferri
2029 4221 2224 4281 potest.
2245 4210 2339 4259 En.

366 4284 542 4338 AErod.
582 4286 654 4338 Ut
672 4288 841 4340 sciatis
863 4303 960 4338 cm·
979 4283 1065 4338 hic
1089 4285 1228 4339 heres
1238 4286 1361 4358 fac·
1517 4304 1564 4339 αι
1589 4289 1874 4360 castigatis.
1892 4287 2167 4361 Fatigatis,
2194 4286 2282 4340 alii
2302 4308 2315 4336 :
2336 4302 2444 4336 non
