3200 5117
536 556 633 619 M.
682 559 753 621 F.
800 523 1131 640 Qn‘nw.
1179 556 1450 620 DECL.
1496 557 2162 622 cchxxxvm.
2270 557 2398 644 517

293 702 604 752 cruenta
644 708 925 780 possum
957 736 975 769 ,
1023 680 1210 778 quod
1261 680 1411 753 avia
1456 682 1762 754 secunda
1810 681 2006 754 heres
2055 709 2198 753 non
2242 683 2393 753 fuit.

291 796 536 868 Multa
579 817 776 889 sunt,
829 824 979 896 quae
1025 799 1349 869 animum
1400 819 1605 869 tuum
1649 797 2058 870 sollicitent:
2102 797 2399 896 ingentis

289 909 711 1006 patrimonii
736 911 1103 1001 hereditaS,
1131 931 1200 983 et
1223 911 1494 1010 gravior
1518 911 1988 1010 possessionis,
2014 939 2225 1011 quarn
2251 913 2398 1010 spei

279 1023 572 1123 jactura
601 1047 743 1098 est:
781 1046 845 1097 et
876 1025 995 1097 diu
1020 1040 1037 1069 ¹
1071 1053 1233 1097 cum
1261 1052 1340 1096 ea
1367 1025 1519 1097 fuit.
1553 1025 1682 1097 Illa
1705 1046 1977 1114 tecum,
2012 1023 2233 1095 habeo
2265 1051 2401 1095 cer-

291 1156 491 1228 tum,
530 1140 823 1240 cogitas:
866 1141 922 1212 si
961 1140 1246 1239 recipio,
1281 1139 1485 1212 ducet
1519 1166 1800 1211 uxorem
1823 1197 1842 1229 ‚
1874 1166 2089 1237 quam
2118 1140 2399 1210 fortasse

288 1255 643 1328 cariorem
671 1257 955 1347 habeat,
985 1285 1200 1356 quam
1226 1278 1525 1328 matrem
1555 1284 1570 1326 :
1597 1283 1759 1354 ergo
1784 1256 1930 1328 sola
1956 1256 2178 1327 obstat
2199 1254 2402 1354 patri-

282 1372 516 1444 monii
571 1375 911 1473 cogitatiO.
951 1376 1016 1466 A
1050 1372 1285 1471 piratis
1330 1373 1741 1463 dimissum,
1785 1400 1825 1443 a
1860 1374 2172 1461 fortuna,
2216 1400 2256 1443 o
2298 1393 2400 1461 te,

287 1488 593 1580 liberte,
630 1488 1137 1561 inofficiosum!
1178 1489 1540 1578 reduxisti,
1576 1516 1721 1561 non
1752 1489 1838 1560 ad
1867 1489 2243 1586 imagines,
2282 1488 2401 1559 sed

292 1624 376 1676 ut
407 1604 710 1703 propius
742 1605 1066 1676 amissam
1106 1604 1514 1701 dignitatem
1549 1604 1954 1702 adspiceret.
1994 1604 2257 1692 Etiam,
2299 1603 2403 1673 in-

297 1718 497 1816 quit,
548 1717 901 1789 fortunam
945 1744 1176 1790 meam
1222 1743 1551 1790 noveram
1587 1745 1600 1789 :
1649 1746 1789 1790 non
1834 1730 1936 1790 est
1974 1745 2168 1816 puer,
2214 1718 2403 1816 quod

302 1858 479 1902 cum
517 1830 763 1904 liberto
801 1833 1107 1932 queraris
1146 1861 1161 1905 ε
1213 1831 1454 1904 omnia
1493 1832 1621 1904 tibi
1664 1832 1928 1924 reddit,
1969 1852 2213 1931 praeter
2253 1858 2405 1902 rna-

305 1966 523 2017 trem.

353 2096 617 2169 HABET
642 2116 1026 2185 nucusQuE
1056 2100 1658 2196 Con'rnoyi-:asms
1686 2096 2036 2169 Numano*
2060 2097 2365 2166 CXLIII.

2361 0 2492 5 ὴ-ὴ-Ϋ
2509 0 2936 9 ν-ψ--ὴη--Ἷ-Ῐ-σν--ν

391 2281 436 2316 1.
459 2265 533 2316 Et
551 2264 656 2317 dt‘u.
676 2267 915 2332 Jactura,
938 2268 1080 2339 quod
1094 2267 1183 2319 diu
1201 2287 1318 2318 cum

309 2361 372 2394 ea
386 2342 565 2413 finisti.
592 2341 810 2396 Senum.

385 2421 408 2445 ’
426 2423 605 2474 Ham
618 2439 719 2475 nuc
735 2440 895 2487 usQua
908 2426 1321 2477 Conrnovsnsus

311 2516 534 2552 numano
555 2502 776 2554 CXLllI.
805 2504 889 2556 Sic
911 2503 1320 2554 vetustissimum

309 2596 362 2633 et
385 2584 649 2653 optimum
667 2585 933 2655 exemplar
951 2585 1000 2636 S.
1016 2586 1077 2636 T.
1097 2586 1158 2635 R.
1175 2583 1321 2654 quod

309 2659 525 2711 Claudii
555 2660 754 2713 Falceti
786 2663 848 2713 V.
883 2664 940 2715 C.
975 2661 1190 2714 doctiss.
1225 2661 1322 2713 be-

309 2742 506 2794 neficio
527 2741 820 2796 habuimus.
849 2744 1215 2816 Sequebantur
1231 2764 1320 2796 ve-

311 2842 375 2875 ro
414 2825 472 2874 in
508 2822 696 2876 eodem
730 2825 1013 2896 exemplari
1047 2826 1322 2878 Declama-

311 2903 523 2953 tionum
543 2902 723 2953 Annaei
742 2903 948 2954 Senecae
969 2903 1088 2954 libri
1110 2904 1320 2966 decem,

313 2979 544 3029 breviati
572 2978 646 3030 illi
670 2978 911 3049 quidem,
936 2994 994 3031 ut
1018 2980 1143 3032 alias
1165 2998 1322 3052 sepa-

315 3058 474 3108 ratim
499 3055 625 3107 editi
649 3069 797 3120 suut,
823 3057 912 3108 sed
942 3056 1214 3129 aliquanto
1243 3072 1323 3109 ta-

317 3156 443 3189 men
486 3136 726 3190 meliores
767 3138 993 3208 vulgatis
1008 3176 1025 3204 ‚
1061 3158 1182 3189 cum
1221 3138 1322 3191 hac

317 3220 698 3290 inscriptione,
719 3221 914 3271 Inctrt'r
936 3219 1133 3271 Sennea
1157 3235 1323 3271 oscen

315 3315 383 3348 nn
391 3313 599 3350 troam:
614 3316 625 3345 :
641 3315 796 3368 quem
806 3298 961 3349 etiam
971 3297 1025 3349 in
1037 3296 1152 3349 aliis
1161 3316 1326 3350 exem-

315 3373 558 3445 plaribus
587 3373 799 3425 titulum
827 3374 989 3425 fuisse
1012 3372 1094 3425 vel
1121 3372 1211 3424 illa
1237 3376 1320 3427 Jo.

317 3452 718 3505 Sarisberiensis
755 3470 819 3504 ex
853 3451 945 3504 lib.
975 3454 1093 3503 vm
1120 3452 1320 3524 Polycr.

292 3574 303 3592 ,
317 3546 568 3601 arguunt.
592 3534 902 3603 nugantur,
919 3533 1116 3604 inquit,
1137 3545 1188 3584 et
1202 3531 1324 3584 libri

323 3634 347 3659 α
370 3611 474 3678 illi,
491 3631 625 3682 quos
638 3614 833 3666 Seneca
855 3612 1037 3665 decem
1056 3628 1323 3666 oratorum

327 3712 350 3736 a
371 3692 668 3755 sententiis,
689 3690 788 3743 sub
806 3691 1031 3761 imagine
1050 3690 1323 3743 Declama-

328 3791 350 3815 ι
371 3771 576 3821 tionum
605 3768 951 3837 scholarium,
980 3769 1274 3822 illustravit.
1296 3792 1318 3817 a

323 3852 450 3903 Esse
466 3863 640 3902 autem
655 3850 769 3902 illas
781 3849 1201 3903 Declamationes
1215 3870 1326 3903 non

323 3931 379 3982 L.
398 3933 579 3984 Annaei
595 3930 831 3998 Seneca,
847 3950 1003 4002 quem
1019 3932 1161 3983 Nero
1178 3934 1328 4002 quin·

1401 2268 1615 2337 quennii
1638 2267 1942 2333 magistrum
1962 2263 2174 2327 habuit,
2200 2262 2291 2313 sed
2310 2282 2402 2334 pa-

1403 2345 1493 2395 tris
1523 2345 1688 2414 ipsius
1705 2380 1721 2408 ,
1747 2362 1902 2415 quem
1925 2345 2165 2394 Marcum
2189 2340 2403 2412 quidam

1400 2427 1812 2494 praenominant‚
1839 2437 1889 2475 et
1915 2424 2067 2474 nobis
2092 2437 2214 2473 ante
2238 2424 2404 2474 visum

1399 2502 1528 2570 fuit,
1551 2519 1600 2556 et
1624 2504 1689 2556 ah
1712 2504 2097 2574 elegantissimo
2119 2503 2403 2573 diligentis-

1401 2587 1642 2655 simoque
1675 2586 2002 2655 antiquitatis
2029 2586 2206 2656 Lipsio
2238 2604 2406 2655 nuper

1398 2668 1454 2718 iu
1478 2666 1671 2718 Electis
1697 2680 1938 2717 notatum
1960 2680 2052 2718 est.
2079 2668 2197 2718 Post
2217 2665 2312 2717 has
2333 2667 2407 2716 in-

1400 2746 1697 2818 cipiebant,
1726 2746 1801 2797 Ex
1825 2748 2121 2799 Carnunto
2142 2749 2291 2797 Fue.
2319 2763 2409 2796 ax-

1398 2844 1596 2882 GERPTAE
1620 2829 1669 2880 X
1693 2843 1974 2881 antrorum
1999 2843 2269 2879 uiuorum:
2298 2845 2408 2897 quo

1401 2906 1591 2959 ordine
1621 2908 1866 2978 superior
1894 2921 2071 2959 nostra
2101 2908 2407 2976 conjectura

1401 2988 1468 3039 de
1501 2986 1602 3038 hac
1636 2989 1974 3058 inscriptione
2009 2986 2251 3038 nonnihil
2286 3004 2412 3037 con·

1402 3065 1656 3117 firmatur.
1685 3065 1787 3116 Sed
1810 3084 1909 3115 nec
1930 3063 2060 3116 illud
2079 3062 2412 3117 dissimulare

1400 3143 1679 3209 volumus,
1714 3145 1768 3195 in
1796 3144 1889 3196 illo
1918 3146 2121 3215 optimo
2148 3156 2201 3195 ct
2230 3157 2411 3196 vetus-

1406 3223 1605 3274 tissimo
1633 3220 1828 3274 Codice
1848 3221 2119 3292 Calpurnii
2135 3221 2308 3272 Flacci
2327 3223 2413 3275 vix

1405 3303 1729 3373 superfuisse
1758 3316 2002 3373 quartam
2027 3315 2262 3374 partem:
2291 3302 2412 3355 reli-

1407 3403 1508 3455 qua
1539 3403 1638 3436 nos
1665 3383 1911 3436 habuisse
1941 3404 2002 3436 ex
2029 3385 2204 3437 italico
2238 3405 2411 3439 exem-

1403 3460 1569 3533 plari,
1600 3480 1709 3514 non
1737 3461 1873 3514 adeo
1902 3476 2127 3514 vetusto.
2157 3464 2287 3532 Quis
2314 3483 2383 3515 au

1403 3554 1509 3592 tem
1532 3538 1620 3591 hic
1644 3539 1961 3612 Calpurnius
1982 3542 2166 3607 fuerit,
2190 3541 2277 3593 alii
2302 3543 2409 3592 for-

1405 3630 1542 3670 tasse
1582 3617 1775 3670 dicturi
1817 3632 1940 3670 sunt
1963 3641 1974 3669 :
2023 3618 2150 3670 mihi
2192 3618 2407 3691 quidem

1403 3695 1641 3748 nondum
1664 3698 1796 3748 scire
1811 3698 2046 3769 contigit.
2062 3696 2404 3749 Pium—vid.

1406 3796 1519 3849 quae
1540 3780 1593 3828 iu
1615 3791 1797 3829 nostra
1817 3779 2125 3849 praefatione
2142 3797 2171 3829 e
2184 3777 2410 3829 Fabricii

1404 3854 1653 3908 Biblioth.
1676 3854 1765 3907 lat.
1794 3870 2037 3927 excerpta
2061 3868 2212 3922 sunt,
2232 3854 2324 3907 ubi
2342 3854 2407 3908 de

1405 3933 1490 3987 his
1513 3929 1819 4005 explicatius
1846 3937 2035 4004 agitur.
2060 3936 2154 3986 En.

619 4163 826 4217 11¹1le
860 4162 1554 4218 DECLAMATIONUM
1589 4165 2115 4234 QUINTILIANI.
