3200 5117
819 562 1652 631 DECLAMATIONES.
1700 562 1893 628 XVI.

2276 552 2407 624 553·

297 686 532 759 oratio
580 684 737 758 est?
786 712 915 757 nec
958 704 1104 756 erat
1147 683 1401 755 arbiter
1428 684 1681 785 judicii
1733 683 1887 773 sui,
1934 680 2053 753 sed
2094 678 2405 751 minister

295 804 549 875 alieni.
583 801 862 893 Tacuit‚
900 801 1224 900 inquam:
1259 826 1301 871 o
1331 800 1507 871 mira
1533 821 1600 873 et
1632 821 1826 873 muta
1854 795 2236 872 sententia?
2263 822 2409 867 om-

293 942 430 987 nes
461 916 694 988 sciunt
721 916 1058 1012 lacrymas
1086 940 1165 985 ex
1200 939 1344 985 uno
1366 914 1843 988 misericordiae
1870 915 2061 986 fonte
2092 936 2403 997 manare,

297 1032 377 1101 in
410 1056 657 1102 amore
680 1027 786 1100 vel
810 1027 1148 1100 maxime:
1178 1052 1346 1099 nam
1382 1026 1635 1100 iisdem
1665 1028 1918 1118 oculis,
1944 1026 2199 1127 quibus
2229 1051 2407 1096 ama-

295 1168 453 1236 tur,
493 1166 565 1217 et
601 1144 824 1219 fletur.
863 1144 1081 1216 Miser
1127 1141 1313 1232 ille¹,
1353 1169 1567 1241 quem
1609 1144 1808 1217 nullo
1854 1156 2244 1216 accusatore
2284 1167 2407 1239 pu-

295 1289 679 1349 tyrannorum.
697 1277 912 1329 Latinus
926 1278 1149 1328 Pacatus
1162 1276 1216 1326 in
1231 1277 1321 1326 Pa·

293 1373 420 1425 neg.
440 1374 569 1427 cap.
591 1372 685 1407 ao:
711 1379 734 1402 ιι
752 1352 1322 1425 Ejusque(superbiae)

300 1435 687 1505 «impatientia
719 1435 820 1484 sint
850 1433 1020 1483 coacti
1055 1444 1179 1503 post
1204 1428 1320 1482 bel-

299 1538 323 1561 ιι
345 1514 558 1566 latores
585 1511 798 1577 Tunes,
825 1514 1130 1582 Numasque
1161 1512 1323 1562 sacri-

301 1616 326 1639 ιι
345 1594 520 1658 ficos,
546 1605 597 1643 et
622 1591 876 1644 Romulos
904 1590 1209 1643 conditores
1236 1608 1322 1642 rc-

304 1695 327 1718 ιι
349 1689 526 1740 gnum
558 1687 724 1741 usque
756 1668 824 1721 ad
857 1688 1049 1722 nomen
1079 1668 1271 1722 odisse.
1293 1690 1316 1713 n

299 1744 672 1815 Quintilianus
708 1759 990 1817 propterea
1027 1745 1316 1799 Declamat.

299 1828 536 1880 000Χο
559 1864 576 1892 ,
628 1847 844 1899 requam
894 1839 948 1879 et
991 1828 1320 1898 tyrannidem

295 1908 546 1975 junxisse
565 1905 785 1957 videtur.
805 1905 980 1957 Verba
1002 1918 1154 1958 sunt:
1188 1929 1211 1952 ⁸
1229 1908 1325 1957 Po·

311 2011 335 2033 ιι
357 1998 609 2037 testatem
629 1986 723 2038 tibi
743 1989 858 2039 vitae
877 2004 938 2039 ac
958 1988 1100 2039 necis
1123 1986 1207 2039 lex
1229 1986 1324 2039 de·

311 2091 336 2114 ιι
357 2065 458 2117 dit.
499 2066 653 2118 Ultra
691 2083 916 2136 regnum
957 2085 1147 2133 omne,
1183 2066 1324 2119 ultra

312 2169 337 2193 ιι
360 2143 696 2218 tyrannidem
722 2163 932 2196 omnem
960 2157 1070 2211 est,
1098 2144 1202 2197 hoc
1230 2145 1322 2197 diu

314 2248 338 2270 ⁸
361 2223 547 2276 licere.
570 2247 591 2269 υ
619 2225 949 2296 Caeteroquin
973 2227 1017 2277 si
1041 2242 1149 2276 rem
1172 2236 1323 2295 pute·

307 2321 466 2368 mus,
491 2303 614 2355 satis
638 2319 826 2372 magna
849 2304 985 2355 inter
1005 2320 1151 2373 reges
1173 2314 1226 2353 ει
1250 2314 1328 2372 ty·

309 2400 519 2434 rannos
560 2381 835 2434 intercedit
881 2381 1196 2434 differentia.
1245 2379 1327 2432 Illi

313 2463 463 2513 enim
478 2462 548 2513 ita
558 2460 800 2531 judicant
815 2479 994 2523 nuum
1007 2479 1140 2525 esse,
1153 2477 1329 2531 quam·

313 2559 484 2612 quam
516 2540 719 2613 legibus
752 2540 912 2593 soluti
951 2543 1094 2607 sint,
1122 2539 1326 2609 legibus

311 2633 500 2673 tamen
521 2621 720 2672 vivere:
747 2619 803 2672 hi
821 2620 969 2692 prius
992 2619 1212 2670 nimium
1236 2635 1332 2669 co-

308 2702 516 2770 gitant,
541 2699 815 2771 negligunt
839 2700 1132 2770 posterius,
1157 2714 1328 2768 eoque

311 2778 385 2831 ad
409 2777 761 2830 immoderata
785 2789 837 2829 et
859 2776 1185 2850 iniquissima
1216 2794 1329 2827 om-

311 2858 408 2908 nia
423 2868 716 2907 transeunt.
737 2856 846 2907 Rex
862 2857 959 2908 scit
970 2893 987 2920 ,
1005 2854 1150 2927 quod
1170 2853 1300 2906 libet
1311 2895 1328 2924 ‚

314 2936 373 2987 id
401 2934 504 2987 sibi
526 2934 712 2985 licere:
739 2947 988 3005 tyrannus
1007 2937 1161 2987 nimis
1179 2934 1329 2986 avide

317 3013 375 3067 id
392 3017 486 3082 jus
511 3026 732 3064 exercet.
762 3013 840 3064 lta
865 3013 1175 3067 detestabile
1197 3013 1331 3067 illud

317 3110 523 3146 nomen
567 3093 620 3142 in
654 3092 801 3161 justo
841 3091 1163 3164 populorum
1205 3091 1330 3144 odio

319 3169 652 3222 adsciscitur.
687 3171 922 3236 Etenim,
956 3171 1189 3241 quamvis
1221 3188 1331 3221 non

318 3250 502 3301 minus
531 3260 673 3300 recte
701 3261 981 3313 statuatur,
1005 3247 1329 3320 quodlibet,

319 3328 380 3380 id
407 3329 474 3379 iis
500 3326 688 3393 licere,
719 3344 876 3397 quam
904 3345 1106 3380 summa
1135 3327 1254 3380 illos
1281 3320 1334 3379 et

322 3406 577 3460 absoluta
599 3408 652 3458 in
672 3425 855 3459 omnes
869 3420 923 3460 et
942 3400 1122 3460 omnia
1145 3410 1227 3460 sui
1249 3426 1333 3460 re·

322 3486 418 3557 gni
442 3496 705 3555 potestate
728 3484 972 3555 praeditos
995 3487 1197 3548 vivere;
1221 3503 1331 3538 non

325 3566 587 3615 continno
634 3577 808 3615 tamen
854 3577 905 3616 et
946 3567 1151 3635 justum
1192 3566 1290 3617 erit
1314 3603 1328 3627 ,

328 3641 592 3716 quidquid
611 3644 847 3695 fecerint.
863 3644 1043 3696 Licere
1062 3646 1203 3696 enim
1217 3657 1332 3695 tau·

329 3735 446 3774 tum
499 3722 863 3792 impunitatem
919 3721 1114 3773 tribuit.
1175 3724 1336 3793 Igitur

327 3799 652 3856 Claudianus
677 3839 696 3867 ,
748 3802 1116 3872 imperatorem
1165 3802 1335 3853 infor-

328 3898 512 3946 mans,
535 3878 810 3950 praeclare:
843 3903 864 3927 o
884 3881 996 3932 Nec
1015 3879 1112 3932 tibi
1131 3878 1258 3951 quid
1276 3879 1337 3930 li-

337 3984 360 4007 ιι
381 3970 536 4025 ceat,
577 3957 671 4011 sed
706 3957 833 4029 qnid
869 3959 1055 4012 fecisse
1091 3957 1337 4025 decebit,

337 4062 360 4086 ιι
379 4039 639 4091 Occurrat
650 4076 667 4103 ,
680 4052 1016 4111 mentemque
1030 4037 1207 4090 domet
1223 4056 1336 4089 rea-

339 4142 362 4164 «
380 4130 572 4190 pectus
605 4117 831 4170 honesti.
854 4141 876 4164 ιι
907 4118 1036 4171 Inde
1070 4131 1120 4170 et
1149 4117 1333 4168 Cicero

333 4215 435 4265 pro
455 4196 670 4250 Rabirio
688 4200 936 4249 Postumo
949 4195 1155 4267 judices
1170 4199 1246 4249 sic
1266 4195 1337 4248 al·

336 4272 597 4345 loquitur:
628 4301 650 4323 ι
670 4275 810 4345 Quid
834 4277 1019 4330 deceat
1040 4294 1136 4329 vos
1151 4314 1168 4344 ‚
1193 4295 1303 4329 non
1319 4314 1336 4343 ,

1406 1299 1429 1322 ⁸
1450 1289 1708 1348 quantum
1749 1277 1903 1329 liceat
1943 1275 2095 1329 vobis
2112 1312 2128 1337 ‚
2172 1285 2406 1345 spectare

1406 1348 1689 1407 ⁸debetisz
1733 1357 1776 1409 ai
1821 1357 1993 1419 enim,
2029 1352 2175 1424 quod
2216 1350 2406 1416 liceat,

1407 1458 1429 1481 ⁸
1451 1436 1706 1506 quaeritis‚
1725 1436 1946 1507 potestis
1970 1433 2156 1486 tollere
2179 1433 2410 1507 escivita-

1408 1536 1429 1560 ι
1451 1526 1531 1578 ιε,
1548 1531 1706 1584 quem
1727 1513 1901 1566 vultis.
1924 1536 1946 1559 ι
1970 1514 2167 1565 Seneca
2182 1510 2408 1562 Contro-

1399 1612 1534 1646 νει-3.
1579 1595 1651 1646 lv
1672 1617 1684 1645 ι
1730 1618 1753 1641 ιι
1772 1598 1855 1647 An
1897 1595 2105 1647 licuerit
2150 1591 2259 1645 filio
2282 1613 2295 1642 ε
2341 1610 2409 1644 an

1407 1696 1430 1719 ⁸
1449 1671 1716 1725 vindicare
1736 1674 2060 1745 oportuerit:
2083 1690 2180 1733 an,
2200 1672 2245 1722 si
2265 1668 2413 1722 licuit

1408 1775 1429 1799 ⁸
1451 1765 1502 1804 et
1522 1753 1787 1823 oportuit,
1807 1749 2189 1822 ignoscendum
2213 1751 2281 1801 sit
2304 1748 2409 1816 illi,

1408 1855 1430 1878 ⁸
1451 1835 1496 1884 si
1520 1850 1632 1883 non
1660 1833 1835 1902 potuit
1853 1869 1870 1897 ‚
1893 1829 2218 1899 indulgentia
2248 1845 2410 1897 repu-

1409 1932 1431 1959 ⁸
1449 1925 1663 1984 gnante.
1687 1934 1710 1959 υ
1732 1911 1867 1964 Vide
1885 1911 2035 1964 Grot.
2056 1910 2122 1962 de
2139 1912 2169 1961 J
2174 1928 2266 1961 ure
2285 1908 2412 1961 belli

1401 2006 1453 2045 et
1477 1993 1625 2064 pacis
1651 1993 1754 2057 111,
1778 1992 1811 2059 4
1828 2031 1845 2058 ,
1877 2010 1924 2044 a.
1959 1991 2137 2058 Quare
2164 1990 2287 2043 satis
2315 2007 2412 2040 an·

1401 2071 1584 2124 dacter
1603 2070 1856 2124 salmasio
1882 2072 2178 2122 onomastix
2203 2087 2297 2140 pro
2321 2087 2413 2139 po·

1401 2150 1533 2223 pulo
1558 2149 1836 2221 anglicano
1860 2162 1985 2221 post
2007 2150 2243 2202 initium,
2271 2166 2318 2198 c.
2347 2164 2408 2199 a:

1410 2250 1433 2273 ⁸
1451 2228 1656 2279 Etenim
1699 2225 1958 2298 quidquid
2004 2227 2114 2295 regi
2158 2224 2285 2277 libet
2305 2261 2322 2286 ‚
2357 2223 2413 2276 id

1412 2330 1434 2353 ⁸
1448 2308 1567 2376 jure
1595 2308 1742 2377 regio
1770 2305 1971 2358 licitum
2000 2305 2130 2371 erit,
2163 2302 2308 2376 qnod
2338 2316 2414 2356 te-

1413 2408 1434 2432 «
1457 2387 1698 2437 terr-imus
1721 2384 1811 2436 ille
1838 2385 2139 2436 Antoninus
2168 2401 2275 2435 non
2305 2396 2413 2434 sta-

1413 2488 1436 2512 ιι
1459 2466 1550 2516 tim
1571 2482 1733 2516 ausus
1754 2477 1833 2516 est
1852 2462 2094 2529 credere,
2116 2481 2271 2514 nemo
2290 2481 2416 2533 pro-

1413 2565 1436 2589 ⁸
1455 2544 1596 2594 fecto
1631 2555 1743 2607 est,
1775 2554 1867 2593 aut
1899 2560 2133 2613 unquam
2165 2542 2296 2605 fuit,
2325 2541 2416 2610 qui

1414 2645 1437 2668 ⁸
1458 2634 1712 2695 tyrannus
1731 2619 1837 2673 dici
1852 2619 2060 2673 debeat.
2078 2621 2259 2688 Quum
2275 2620 2415 2672 euim

1415 2724 1438 2747 ⁸
1457 2700 1634 2752 divina
1658 2701 1833 2752 omnia
1859 2712 2018 2770 atque
2048 2698 2278 2752 humana
2300 2700 2417 2750 vio-
2462 2758 2472 2767 ·

1415 2804 1438 2828 ιι
1458 2780 1614 2848 lavit,
1655 2779 1820 2832 nihilo
1864 2792 2037 2833 tamen
2079 2780 2255 2830 minus
2292 2796 2417 2843 rex,

1416 2886 1438 2909 ⁸
1452 2864 1573 2932 jure
1602 2864 1747 2934 regio
1774 2864 1957 2915 insons
1990 2862 2105 2914 erit.
2128 2882 2151 2907 ο
2181 2860 2293 2911 Imo
2330 2858 2417 2910 ille

1409 2942 1648 2993 nefarius
1686 2943 1783 2994 erit
1799 2978 1816 3005 ,
1856 2954 2107 3014 tyrannus
2147 2939 2258 2989 erit.
2304 2939 2417 2988 Nec

1410 3020 1550 3069 enim
1593 3020 1638 3069 si
1673 3018 1889 3089 impune
1922 3018 2023 3067 ista
2059 3016 2417 3080 commiserit,

1410 3094 1533 3146 ideo
1576 3108 1627 3146 et
1670 3108 1810 3147 recte
1853 3096 2039 3146 fecisse
2085 3111 2421 3164 consequens

1413 3187 1520 3225 est:
1558 3175 1686 3244 quin
1724 3186 1777 3226 et
1812 3190 1971 3245 poeua
2009 3186 2061 3224 et
2098 3171 2418 3224 contumelia

1412 3251 1603 3323 dignus
1624 3254 1809 3304 merito
1829 3250 2142 3303 habebitur:
2166 3249 2257 3302 sed
2276 3269 2418 3322 quae-

1412 3330 1609 3382 rendus
1624 3329 1789 3401 judex
1810 3342 1906 3382 est.
1929 3329 2148 3382 Senum.
2169 3329 2418 3383 Francius

1410 3408 1649 3479 legebat,
1674 3408 1824 3481 hujus
1848 3408 1982 3472 hoec,
2007 3426 2078 3459 cm
2102 3408 2229 3482 reqis
2251 3409 2416 3460 omnio

1412 3489 1522 3540 est?
1554 3486 1799 3553 Mallem,
1837 3487 1962 3539 civis
1999 3486 2137 3552 hoec,
2174 3504 2245 3536 an
2288 3485 2418 3558 regis

1412 3565 1580 3618 oratio
1613 3567 1722 3618 est?
1756 3566 1898 3617 Cives
1933 3566 2145 3636 proprie
2180 3566 2271 3635 qui
2306 3581 2416 3615 non

1413 3645 1689 3699 inciviliter
1720 3665 1775 3699 se
1806 3660 2025 3716 gerunt,
2053 3663 2151 3697 nec
2184 3645 2419 3717 tyranni-

1414 3722 1536 3775 dem
1560 3723 1831 3775 affectant.
1856 3723 1986 3777 Vide
2011 3725 2189 3775 Heius.
2214 3721 2281 3774 ad
2296 3721 2417 3773 Vel·

1415 3803 1500 3856 lei.
1530 3805 1731 3855 Patere.
1765 3805 1841 3868 11,
1874 3805 1959 3857 31.
1990 3805 2157 3855 Burin.
2184 3802 2271 3853 Nil
2300 3820 2419 3854 mu-

1413 3892 1550 3941 tem;
1570 3878 1709 3931 bene
1729 3899 1784 3933 se
1804 3879 1963 3932 habet
1979 3881 2209 3950 vulgata.
2234 3881 2326 3932 En.
2346 3910 2421 3923 —-

1413 3959 1527 4010 Nec
1547 3968 1661 4009 erat
1679 3958 1869 4009 arbiter
1879 3957 2071 4024 judicii
2082 3996 2100 4024 ,
2130 3970 2230 4011 etc.
2260 3960 2418 4012 Com-

1415 4034 1655 4100 modum,
1681 4053 1785 4087 non
1809 4045 1933 4088 erat.
1959 4035 2172 4088 Senot-1:

1495 4131 1539 4167 ι.
1567 4115 1730 4167 Miser
1753 4113 1875 4180 me,
1902 4133 2053 4188 quem
2085 4114 2233 4168 nullo
2261 4135 2416 4169 accu-

1415 4205 1582 4247 satore
1598 4194 1850 4265 punxisti.
1870 4194 2047 4247 Altera
2068 4194 2258 4261 editio,
2276 4214 2416 4268 pun·

1416 4276 1523 4330 st'stt'
1535 4298 1556 4338 ,-
1577 4275 1720 4347 lege‚
1740 4275 2008 4349 punivt’m‘.
2035 4274 2251 4328 Senum.
