3200 5117
760 564 887 631 386
1264 564 1356 626 Μ.
1405 561 1655 626 FABII
1700 561 2338 643 QUINTILIANI

757 685 1304 759 infelicissimam
1348 684 1688 756 nutricem
1725 686 1936 780 (nam
1981 684 2177 757 illam
2207 711 2488 783 quoque
2522 682 2846 784 oderat¹)

756 802 952 874 omni
977 800 1398 873 crudelitatis
1418 827 1671 899 genere
1695 800 2038 872 laceravit.
2063 799 2297 890 Quaeri
2307 800 2418 890 tis,
2440 826 2578 898 qua
2597 801 2849 872 causa?

753 916 1014 1006 scietis,
1062 942 1287 1016 quum
1333 915 1588 987 iterum
1631 913 1983 1012 torquebit
2017 941 2032 985 ε
2074 913 2563 1012 fatigaverant²
2612 918 2847 1012 prima

752 1051 1127 1120 tormenta,
1163 1052 1228 1102 et
1255 1030 1330 1101 in
1359 1056 1523 1103 voce
1552 1056 1699 1101 una
1723 1051 2067 1101 manserat
2091 1028 2299 1101 fides:
2327 1028 2849 1127 exprobraverat

753 1146 863 1218 isti
889 1146 1308 1245 sanguinem
1336 1172 1587 1217 suum:
1619 1165 1969 1244 revocatus
1992 1165 2093 1216 est
2121 1164 2358 1233 tortor,
2383 1142 2652 1241 repetiti
2680 1165 2848 1216 sunt

752 1258 1116 1332 cruciatus.
1133 1259 1592 1332 Manifestum
1608 1280 1707 1331 est
1727 1258 2209 1330 infelicissimae
2223 1259 2504 1330 feminae
2525 1257 2845 1347 3factum,

749 1376 1108 1464 futurum,
1144 1395 1220 1446 ut
1251 1372 1516 1446 tamdiu
1548 1394 2008 1470 torqueretur,
2040 1372 2380 1470 quamdiu
2414 1372 2608 1445 idem
2637 1373 2848 1445 dixis-

752 1509 873 1560 set.
905 1491 1053 1586 Ego
1088 1509 1322 1560 tamen
1367 1487 1466 1559 illi
1508 1515 1654 1560 non
1699 1489 1989 1560 irascor:
2027 1486 2200 1559 dum
2245 1486 2513 1586 aliquid
2546 1487 2845 1578 virium,

692 1660 700 1670 .
753 1603 928 1675 dum
952 1602 1216 1702 aliquid
1250 1601 1470 1676 animi
1505 1600 1676 1684 fuit,
1704 1601 2158 1700 perseveravit
2185 1627 2200 1672 :
2233 1627 2378 1672 non
2407 1621 2507 1673 est
2538 1601 2613 1672 in
2646 1627 2847 1674 men-

754 1719 1038 1792 dacium
1066 1739 1336 1807 coacta,
1363 1718 1496 1790 nisi
1527 1717 1855 1789 moriens.
1880 1717 2123 1789 Victor
2149 1716 2255 1790 his
2285 1715 2639 1790 tormentis
2666 1715 2846 1788 nihil

752 1834 947 1906 aliud
967 1832 1422 1932 quaerendum
1448 1831 1777 1933 putavivi,
1800 1831 1977 1904 nihil
1998 1831 2358 1904 dubitavit.
2376 1834 2458 1903 ln
2480 1851 2842 1922 tormenta,

753 1970 832 2021 ut
859 1941 1262 2047 parcissime
1288 1948 1575 2020 dixerim
1593 2005 1614 2038 ‚
1651 1947 1840 2046 paria
1863 1973 2009 2019 non
2033 1946 2353 2020 vindico:
2387 1944 2507 2017 sed
2542 1972 2739 2044 rogo,
2771 1966 2849 2020 ut

750 2066 882 2138 hoc
918 2065 1135 2139 velitis
1174 2065 1521 2165 pertinere
1563 2085 1841 2137 tantum
1882 2064 1970 2136 ad
2004 2063 2220 2162 ipsius
2249 2089 2572 2136 causam:
2614 2062 2843 2136 filium

753 2181 956 2252 matri
997 2180 1276 2256 vindico
1319 2203 1558 2253 contra
1602 2207 1806 2270 eum,
1848 2181 1972 2279 qui
2014 2207 2304 2252 asserere
2351 2180 2555 2277 coepit
2595 2206 2840 2277 nuper.

831 2376 850 2409 1
863 2397 875 2409 .
893 2358 1033 2410 Nam
1052 2357 1201 2409 illam
1221 2377 1427 2432 quoque
1445 2360 1638 2414 oderat.
1654 2359 1761 2409 Ve-
1840 2355 1977 2428 ligii:
2004 2377 2126 2410 nam
2145 2360 2322 2428 potius
2342 2358 2509 2409 victor
2529 2357 2628 2409 fuit
2648 2361 2701 2409 in
2722 2373 2844 2410 cau-

753 2441 842 2491 lim
865 2479 883 2506 ,
913 2440 1062 2492 illam
1104 2440 1243 2505 hoec,
1284 2453 1407 2504 aut,
1453 2439 1550 2490 illa
1590 2439 1758 2506 hanc,
1841 2457 1901 2491 sa
1924 2441 2249 2504 assertionis,
2275 2440 2369 2510 qui
2392 2457 2605 2491 omnem
2626 2439 2845 2491 modum

754 2538 945 2592 nempe
978 2539 1236 2588 noverca,
1269 2522 1324 2570 in
1355 2522 1506 2590 cujus
1538 2521 1759 2588 gratiam
1841 2516 2125 2570 abdicandi
2156 2518 2245 2570 filii
2277 2518 2657 2588 investigabat,
2685 2537 2847 2590 quam

756 2602 932 2651 omnia
957 2600 1096 2650 facta
1120 2598 1247 2649 vult.
1275 2600 1438 2650 Gnou.
1840 2618 2076 2670 pauper,
2122 2601 2211 2671 qui
2251 2619 2348 2669 per
2392 2599 2739 2662 calumniam,
2790 2611 2843 2649 et

829 2697 875 2730 2.
903 2679 1285 2751 Fatiqauemnt.
1309 2680 1642 2749 Fatiqavemt
1652 2676 1761 2749 pri-

754 2779 870 2823 mo,
899 2757 1084 2810 AErod.
1115 2756 1260 2829 quod
1289 2755 1496 2827 probo,
1521 2758 1564 2808 si
1586 2756 1761 2827 pn'ma

754 2837 976 2908 legatur.
995 2866 1062 2876 -
1077 2838 1144 2887 In
1162 2855 1283 2888 voce
1297 2855 1419 2886 una.
1441 2834 1559 2888 Seil.
1580 2834 1760 2886 dicens

755 2919 934 2970 nutrix
962 2915 1091 2968 nihil
1121 2914 1260 2967 aliud
1277 2952 1294 2980 ,
1325 2915 1423 2965 nisi
1451 2932 1566 2965 esse
1595 2912 1762 2963 filium

754 3013 953 3048 verum.
973 3024 1045 3034 —
1065 2994 1493 3065 Exprobraverat.
1520 2993 1763 3063 Compro-

757 3078 987 3138 baverat‚
1007 3076 1089 3127 vel
1108 3075 1440 3148 probaverat,
1463 3072 1667 3126 Schult.

829 3157 878 3208 3.
927 3154 1408 3226 Manifestissimum
1454 3163 1526 3205 est
1569 3151 1670 3223 inf.
1706 3150 1760 3221 f.

748 3233 977 3305 factum.
1019 3232 1406 3287 Celeberrimus
1447 3234 1526 3282 vir
1559 3236 1757 3282 Anton.

760 3311 1117 3383 Schultingius
1133 3350 1150 3378 ,
1192 3312 1416 3363 amicitia
1457 3309 1586 3361 mihi
1629 3328 1762 3361 con-

756 3394 1116 3465 junctissimus
1132 3430 1148 3458 ,
1172 3391 1383 3462 legebat
1404 3391 1588 3463 fatum
1607 3412 1621 3439 .·
1655 3410 1764 3442 non

763 3475 904 3525 enim
926 3472 992 3524 de
1016 3475 1158 3525 facto
1182 3473 1414 3525 mulieris
1442 3474 1642 3543 agitur,
1671 3471 1765 3524 sed

763 3554 830 3607 de
849 3557 988 3622 fato,
1009 3555 1090 3607 vel
1110 3554 1443 3607 conditione:
1466 3552 1768 3624 similesque

764 3634 943 3705 lapsus
967 3633 1267 3685 observasse
1292 3635 1430 3685 viros
1456 3631 1693 3684 eruditos
1713 3632 1767 3683 in

762 3714 798 3768 l.
835 3716 988 3780 XXI,
1019 3714 1079 3765 ff.
1111 3713 1177 3764 de
1205 3715 1460 3767 Eviction.
1490 3725 1542 3763 et
1571 3712 1605 3763 l.
1636 3713 1764 3779 XII,

764 3795 826 3846 ff.
857 3793 924 3848 de
951 3793 1155 3864 Captiv.
1191 3806 1244 3843 et
1274 3805 1414 3862 post.
1449 3792 1684 3844 notavit:
1713 3803 1766 3843 et

764 3876 909 3928 nulla
934 3888 1074 3929 certe
1099 3874 1408 3930 familiarior
1430 3870 1763 3924 librariorum

765 3955 1044 4010 aberratio.
1067 3953 1184 4006 Vid.
1215 3951 1293 4004 Cl.
1325 3952 1489 4004 Graev.
1520 3949 1590 4004 nd
1623 3950 1769 4006 Flori

763 4035 902 4088 Prol.
928 4054 986 4096 τις
1012 4049 1065 4088 et
1089 4033 1245 4087 Drak.
1273 4033 1341 4085 ad
1365 4032 1452 4088 Sil.
1481 4034 1531 4098 1,
1559 4049 1686 4104 277;
1715 4044 1768 4085 et

765 4115 863 4181 XI,
887 4134 948 4185 9,
974 4130 1028 4169 et
1049 4135 1185 4187 quos
1209 4135 1318 4170 non
1338 4117 1362 4166 ἰ’

836 4194 886 4258 4.
904 4195 956 4247 V
953 4196 1082 4247 ictor
1093 4195 1170 4248 bis
1185 4195 1448 4248 tormentis
1465 4191 1603 4246 nihil
1618 4192 1772 4245 aliud

767 4273 1094 4342 quaerendum
1119 4273 1340 4343 putavit.
1359 4273 1586 4326 Divitem
1606 4272 1765 4324 intel·

1836 2682 2271 2753 praevaricatione
2303 2678 2493 2744 divitis,
2524 2676 2685 2728 filium
2710 2675 2840 2727 alie-

1841 2781 1968 2813 num
1992 2760 2311 2813 vindicabat.
2336 2763 2418 2813 Ait
2445 2762 2583 2811 enim
2608 2771 2797 2829 postea
2820 2779 2833 2810 :

1848 2867 1869 2890 ι
1890 2844 2013 2910 Quo
2033 2862 2100 2894 ne
2120 2842 2224 2895 hoc
2249 2841 2454 2914 quidem
2473 2841 2705 2912 prestitit
2725 2838 2839 2891 filio

1848 2943 1870 2967 κ
1893 2940 2016 2986 sno,
2033 2934 2089 2971 ut
2106 2923 2418 2974 vinceretur.
2442 2944 2463 2967 ιο
2488 2919 2661 2970 Potest
2683 2919 2847 2969 etiam

1842 2998 1948 3051 dici
1962 3003 2128 3052 victor
2142 2997 2344 3052 ancillae
2358 2998 2519 3051 fuisse
2531 3036 2547 3064 ,
2564 3015 2721 3068 quam
2737 3011 2849 3048 tor-

1842 3079 2031 3129 mentis
2056 3079 2125 3129 ita
2152 3079 2446 3148 superavit,
2471 3090 2532 3129 ut
2554 3076 2744 3128 falsum
2768 3074 2851 3126 ‹li-

1843 3178 1961 3211 cere
1986 3173 2279 3229 cogeretur.
2306 3161 2427 3211 Post
2449 3158 2596 3230 quod
2617 3160 2850 3209 testimo-

1842 3243 1989 3293 nium
2012 3259 2121 3292 non
2145 3240 2375 3313 amplius
2394 3239 2654 3292 dubitavit
2681 3236 2850 3290 filium

1842 3338 1997 3373 suum
2029 3338 2137 3371 non
2172 3338 2283 3371 esse
2303 3341 2314 3369 :
2352 3317 2640 3372 obscurum
2676 3329 2727 3367 et
2764 3316 2848 3366 in-

1843 3411 2042 3450 certum
2078 3399 2198 3469 quia
2231 3396 2282 3448 id
2318 3395 2724 3469 exquir-ebatur,
2750 3411 2847 3466 pro

1845 3490 2118 3547 comperto
2147 3474 2365 3528 habuit:
2403 3478 2475 3528 ait
2504 3476 2642 3527 enim
2675 3472 2844 3524 infra:

1852 3556 2085 3625 «Magna
2107 3591 2123 3619 ,
2172 3552 2388 3608 hercule
2408 3593 2425 3621 ,
2479 3553 2574 3604 tibi
2626 3554 2850 3622 contigit

1852 3635 2108 3684 «victoria
2128 3669 2146 3698 ,
2190 3631 2537 3703 perdomuisti
2579 3628 2848 3681 mulierem

1852 3736 1874 3760 κ
1894 3731 2071 3766 anum.
2094 3737 2116 3760 ι
2154 3715 2247 3776 Et,
2290 3736 2312 3759 κ
2332 3712 2460 3764 dum
2498 3726 2555 3763 tu
2592 3715 2760 3763 victor
2797 3724 2850 3761 et

1853 3817 1876 3842 ιι
1894 3793 2099 3859 hilaris,
2120 3793 2421 3848 adversario
2442 3807 2565 3859 tuo,
2578 3791 2706 3865 quid
2725 3810 2848 3862 ege-

1853 3895 1875 3919 «
1894 3876 1963 3926 ris
1982 3911 1999 3940 ,
2036 3875 2266 3926 nuntias.
2289 3897 2311 3920 ι
2354 3875 2534 3926 AEnon.
2580 3899 2647 3912 —-·
2688 3871 2848 3924 Paria

1848 3969 1953 4003 non
1985 3952 2206 4004 vindico.
2238 3951 2341 4004 Alii
2371 3949 2517 4023 apud
2540 3947 2847 4004 AErodium:

1847 4031 2081 4084 nondum
2100 4049 2240 4084 voco.
2256 4032 2439 4082 Forte:
2464 4030 2694 4083 nondum
2712 4027 2848 4080 dico.

1845 4108 2082 4160 Gnonov.
2114 4110 2183 4160 In
2205 4108 2488 4173 temnentis,
2510 4127 2559 4159 u.
2578 4126 2636 4179 p.
2655 4106 2723 4169 d„
2754 4123 2853 4175 pa-

1847 4190 1925 4241 ria
1946 4189 2088 4242 nobis
2107 4190 2327 4243 vindico.
2345 4191 2562 4244 Scitum.
2581 4218 2649 4228 —-
2661 4184 2758 4239 Sed
2772 4201 2854 4237 ro-

1841 4290 1928 4345 9⁰·
1955 4270 2030 4321 Et
2053 4289 2173 4343 roqo
2198 4290 2263 4323 ne
2286 4271 2395 4326 hoec
2420 4265 2849 4328 veliti-essenus.
