3200 5117
716 447 754 508 6
1216 452 1307 515 M.
1355 450 1605 516 FABll
1650 449 2287 531 QUINTILIANI

1403 661 2102 728 DECLAMATIO.

832 823 1263 896 DEPosrrUM
1317 842 1445 911 Qm
1492 842 1897 896 mmcm‘rns
1951 841 2210 896 anur
2233 877 2252 910 ,
2300 836 2794 907 QUADRUPLUM

721 955 1020 1009 SOLVAT.
1058 938 1359 1009 Inficiari
1382 995 1401 1030 ,
1451 960 1551 1010 est
1578 939 1973 1036 depositum
2015 938 2202 1012 nolle
2236 935 2514 1010 solvere.
2561 936 2797 1030 ltaque

721 1077 810 1121 ne
835 1051 1011 1122 actio
1032 1051 1317 1150 quidem
1339 1051 1482 1126 haec
1504 1054 1650 1124 dari
1675 1074 1926 1152 potest,
1958 1052 2089 1124 nisi
2116 1052 2435 1126 adversus
2455 1077 2616 1121 eum
2633 1105 2652 1135 ‚
2679 1046 2801 1146 qui

723 1165 1092 1238 damnatus
1116 1168 1343 1240 fuerit.
1368 1170 1469 1239 Eo
1492 1169 1683 1242 enim
1704 1190 2014 1267 tempore
2031 1189 2377 1265 quaeratur
2391 1191 2663 1240 necesse
2681 1182 2802 1251 est,

724 1306 816 1349 an
853 1279 1109 1353 habeat
1144 1283 1561 1380 pecuniam,
1603 1303 1670 1354 et
1703 1310 1793 1356 an
1829 1283 2211 1383 inficietur:
2257 1308 2485 1379 neque
2512 1278 2804 1353 omnino

725 1395 1202 1497 quadruplum
1234 1398 1491 1472 solvere
1520 1399 1756 1489 debet,
1791 1400 1920 1474 nisi
1943 1400 2154 1476 simul
2180 1401 2527 1472 convictus
2553 1423 2568 1467 τ
2595 1420 2805 1494 quare

725 1507 780 1579 si
816 1510 998 1583 hanc
1040 1533 1308 1583 tantum
1347 1534 1656 1610 negasset
1689 1513 2102 1612 aliquando,
2137 1535 2204 1586 et
2243 1532 2479 1611 postea
2516 1509 2809 1582 obtulis-

724 1643 865 1711 set,
922 1650 1064 1694 non
1113 1645 1348 1695 tamen
1395 1646 1660 1724 poterat
1703 1627 1921 1697 videri
1971 1625 2360 1724 quadruplo
2420 1624 2759 1722 obligatus
2787 1675 2806 1708 ,

730 1765 952 1834 quum
986 1739 1116 1811 hoc
1151 1740 1384 1839 ipsum
1415 1740 1893 1839 quadruplum
1924 1769 2084 1812 cum
2121 1768 2198 1812 ea
2226 1767 2506 1813 summa
2533 1738 2810 1810 habue-

727 1853 851 1941 rit,
899 1883 1050 1951 quae
1079 1877 1390 1954 negatur.
1430 1858 1621 1947 Quid
1654 1856 1709 1928 si
1742 1880 1807 1928 et
1838 1857 2188 1930 absolutus
2221 1878 2320 1928 est
2345 1855 2476 1927 hoc
2502 1853 2810 1957 judicio,-

730 1997 953 2064 quum
1002 1970 1071 2039 in
1116 1970 1591 2070 quadruplum
1637 1972 1952 2043 damnari
1999 1972 2306 2071 poterat?
2348 1997 2573 2069 neque
2623 1968 2812 2040 enim

730 2085 887 2156 ideo
938 2086 1144 2159 debet
1188 2089 1659 2188 quadruplum
1704 2086 2002 2175 solvere,
2052 2089 2216 2184 quia
2258 2087 2482 2186 potuit
2522 2113 2610 2157 ne
2654 2086 2816 2155 sim·
2927 2104 2931 2107 ⁴

731 2197 930 2296 plum
952 2199 1242 2297 quidem
1263 2202 1520 2273 solvere
1541 2258 1557 2290 ,
1589 2201 1644 2272 si
1666 2201 1887 2304 ipsam
1909 2215 1924 2244 ¹
1953 2200 2362 2302 pecuniam,
2382 2226 2536 2296 quae
2563 2225 2603 2268 a
2627 2218 2815 2298 patre

733 2333 854 2384 tuo
906 2314 1096 2413 apud
1146 2316 1497 2388 amicum²
1521 2369 1766 2386 .......
1816 2313 2022 2386 velles
2058 2373 2076 2404 ,
2133 2341 2276 2385 non
2313 2313 2546 2386 liceret
2577 2334 2815 2384 tamen

731 2429 858 2501 tibi
892 2457 1035 2501 rem
1055 2432 1448 2532 judicatam
1478 2452 1860 2516 retractare.
1883 2431 2034 2504 Hoc
2062 2457 2225 2528 ergo
2258 2430 2408 2502 fieri
2454 2448 2710 2529 potest,
2739 2446 2817 2499 ut

735 2572 880 2616 rem
918 2573 1062 2618 non
1091 2548 1393 2645 potueris
1423 2566 1722 2646 repetere
1743 2546 1804 2636 3,
1827 2573 2101 2645 poenam
2136 2547 2233 2618 rei
2273 2544 2551 2644 petas4?

1600 2780 1962 2847 SERMO.

832 2937 991 3003 Haeo
1020 2937 1189 3003 cirea
1208 2931 1349 3029 jus,
1376 2936 1486 3002 illa
1516 2938 1684 3003 eirca
1710 2940 2104 3027 aequitatem.
2126 2939 2254 3022 Qui
2276 2929 2720 3030 quadruplum
2740 2934 2824 3002 ab

664 3113 667 3118 ⁴
742 3045 1106 3109 inficiatore
1147 3045 1349 3133 petit,
1389 3043 1497 3108 illa
1536 3043 1757 3108 dicere
1799 3044 2003 3110 solet:
2049 3045 2328 3132 Oportet
2368 3065 2634 3132 poenam
2682 3065 2824 3106 esse

744 3151 1059 3220 avaritiae,
1089 3165 1154 3214 et
1177 3149 1349 3215 affici
1377 3149 1703 3238 supplicio
1729 3148 2153 3238 cupiditates:
2185 3171 2404 3239 neque
2431 3149 2610 3212 enim
2638 3146 2828 3211 aliter

746 3256 911 3324 fides
934 3275 1234 3324 constare
1260 3253 1593 3347 potuerit⁵
1625 3257 1804 3348 apud
1831 3281 2090 3336 omnes,⁹
2124 3257 2249 3321 nisi
2277 3273 2462 3322 metu
2490 3255 2828 3321 continea-

750 3383 875 3429 tur.
925 3364 1317 3453 Depositum
1358 3363 1488 3429 hoc
1531 3387 1612 3429 eo
1658 3364 1864 3452 magis
1909 3359 2421 3443 vindicandum,
2464 3359 2645 3452 quod
2689 3361 2827 3424 fere

752 3488 1001 3534 secreta
1024 3486 1177 3534 sunt
1200 3470 1359 3534 citra
1380 3468 1873 3559 probationem:
1907 3491 2042 3534 non
2065 3484 2283 3557 potest
2311 3468 2582 3535 omnino
2606 3467 2676 3530 in
2697 3463 2829 3528 hoc

748 3598 1023 3664 arguere
1045 3577 1402 3642 avaritiam.

832 3773 876 3807 1.
908 3755 1146 3823 Solvere,
1182 3761 1225 3811 si
1260 3762 1441 3832 ipsam.
1471 3757 1678 3813 Solvere
1712 3760 1757 3812 si
1834 3759 1912 3813 cl.
1960 3759 2380 3824 Almelovenius,
2421 3773 2572 3820 cum,
2626 3754 2744 3819 vel,
2788 3754 2835 3805 .ςὲ

759 3842 921 3909 ipsam
937 3858 993 3910 p.
1019 3843 1165 3893 Prrn.
1837 3860 1940 3892 rem
1966 3860 2071 3894 non
2092 3839 2335 3913 potueris.

829 3938 875 3972 2.
900 3921 1059 3994 Apud
1100 3924 1344 3974 amicum.
1382 3922 1569 3989 Forte,
1610 3921 1754 3992 apud
1905 3914 2831 3992 4.Reipetas.Au‚legendumpotiu8‚

757 4000 986 4050 amicum
1005 4000 1230 4072 deposita
1239 4001 1450 4072 ficerat,
1463 4011 1634 4071 petere
1653 3999 1766 4058 neb,
1837 4002 2066 4069 repetas?
2089 4002 2233 4050 Pmr.
2313 4017 2324 4024 ‘

759 4078 846 4131 les.
874 4082 1041 4133 Bonan.
1917 4076 1965 4129 5.
2019 4077 2267 4129 Potae-rit.
2321 4077 2570 4145 Legerem
2627 4072 2831 4142 poterit.

825 4157 876 4231 β.
906 4159 975 4209 Ut
1002 4178 1105 4211 rem
1128 4177 1232 4211 non
1250 4160 1493 4230 potueris.
1513 4157 1746 4211 Malebat
1835 4159 2106 4208 Fun-muas
