3200 5117
775 570 1610 639 DECLAMATIONES.
1659 570 2105 635 CCCXXIX.
2359 574 2482 663 337

397 701 644 787 nibus,
686 697 960 793 sibique
1003 695 1132 794 ipsi
1173 695 1624 781 damnatum,
1668 693 1965 791 publicis
2005 693 2264 767 scilicet
2298 722 2492 769 exse-

399 816 579 916 quiis
634 810 1050 886 efferemus?
1100 812 1253 882 Hoc
1303 810 1529 909 agite,
1584 808 1874 880 ducatur
1924 809 2174 912 ingens
2226 812 2493 885 funeris

399 957 695 1031 pompa3
731 949 841 1001 eat
874 927 1143 1026 primus
1181 946 1493 1011 senatus,
1534 945 1603 996 et
1635 924 1805 996 ordo
1838 923 1953 996 ille
1987 926 2449 1000 sanctissimus
2471 987 2492 1019 ,

400 1072 830 1145 quamquam
869 1063 1137 1140 recepta
1166 1041 1376 1113 modo
1400 1040 1712 1112 libertate
1737 1039 1972 1129 laetus,
1994 1040 2225 1113 vultus
2258 1064 2496 1117 tamen

399 1160 814 1258 habitusque
871 1158 958 1229 ad
1024 1155 1415 1227 moestitiam
1486 1154 1894 1227 transferat:
1957 1153 2129 1226 dum
2191 1157 2499 1232 maxima

402 1275 773 1347 multitudo
817 1286 1181 1371 quaeque1,
1224 1270 1398 1341 dum
1444 1269 1804 1341 universus
1845 1269 2146 1368 denique
2192 1272 2498 1376 populus

400 1390 635 1463 lustret
680 1410 885 1488 atque
930 1387 1194 1459 ambiat
1236 1411 1483 1482 rogum
1508 1415 1527 1474 ;
1564 1384 1978 1484 adjiciamus
2024 1407 2093 1458 et
2137 1385 2494 1485 lacrymas.

398 1507 839 1579 Perdidimus
880 1502 1390 1602 tyrannicidam
1418 1557 1436 1589 ,
1485 1522 1553 1571 et
1596 1501 1942 1573 vindicem
1991 1502 2387 1601 reipublicae
2433 1525 2502 1578 et

398 1620 735 1694 libertatis
766 1616 1161 1690 auctorem!
1208 1637 1360 1688 tum
1399 1615 1696 1687 domum
1733 1617 1979 1688 reversi
2016 1643 2376 1690 narremus
2412 1618 2502 1690 li-

400 1737 582 1809 beris
607 1736 886 1823 nostris3
909 1737 1074 1805 Haec
1093 1733 1305 1805 virtus
1325 1732 1533 1805 habet
1553 1734 1858 1831 praemia.
1880 1737 1993 1806 An
2015 1734 2264 1833 aliquis
2285 1737 2496 1809 etiam

405 1871 619 1922 rostra
653 1849 1100 1937 conscendet,
1131 1868 1198 1920 et
1235 1849 1396 1945 (qui
1434 1875 1802 1946 supremus
1835 1849 2032 1921 claris
2071 1850 2335 1923 civibus
2364 1851 2500 1923 ho-

403 1990 535 2035 nor
575 1962 910 2057 habetur)
950 1961 1276 2034 advocata
1315 1963 1555 2061 populi
1600 1964 1982 2054 concione,
2027 1964 2267 2035 laudes
2309 1963 2497 2065 ejuS,

404 2104 617 2175 quem
660 2077 732 2148 in
776 2078 924 2148 foro
961 2074 1297 2173 sepulturi
1336 2102 1579 2147 sumus
1603 2133 1622 2165 ,
1662 2076 2029 2148 concinet?
2059 2078 2369 2149 Audient
2401 2079 2499 2150 dii

405 2193 860 2282 immortales,
897 2193 1018 2288 qui
1057 2218 1179 2263 nos
1213 2190 1608 2289 pestilentia
1648 2192 2145 2281 liberaverunt,
2185 2193 2305 2290 qui
2339 2220 2500 2291 gra-

404 2308 716 2380 vissimos
747 2307 1023 2378 morbos
1059 2306 1340 2405 propitii
1376 2305 1805 2380 miserunv?
1836 2308 1907 2380 Si
1942 2308 2082 2379 ulla
2110 2328 2208 2379 est
2244 2307 2499 2380 dicenti

405 2422 610 2513 fidoe,
633 2422 781 2521 jam
812 2421 1098 2493 nuncin
1125 2422 1255 2492 hac
1284 2422 1693 2519 cogitatione
1713 2479 1731 2510 ,
1764 2443 1968 2520 atque
1999 2422 2071 2493 in
2107 2421 2236 2493 hac
2265 2450 2497 2496 rerum

404 2538 711 2637 imagine
753 2558 1057 2610 versatur
1093 2563 1292 2609 mens
1336 2564 1514 2609 mea.
1557 2541 1656 2608 Ex
1696 2538 1816 2609 illo
1853 2565 2180 2611 succenso
2224 2541 2498 2636 tyranni

405 2681 572 2754 rogo
605 2653 972 2725 surrecturi
1013 2653 1189 2724 mihi
1223 2652 1537 2751 protinus
1568 2654 1798 2724 morbi
1825 2653 2182 2725 videntur:
2225 2675 2291 2724 et
2320 2680 2500 2751 qua-

404 2794 683 2866 cunque
732 2766 963 2839 feralis
1007 2766 1118 2838 ille
1159 2766 1337 2865 ignis
1380 2767 1453 2837 in
1492 2767 1839 2839 civitatem
1883 2767 2065 2839 diros
2107 2767 2259 2838 illos
2295 2788 2500 2865 atque

408 2882 851 2955 exsecrabiles
880 2883 1241 2955 diffuderit
1263 2882 1534 2971 fumos,
1565 2881 1848 2980 gravem
1883 2883 2266 2982 quamdam
2304 2882 2502 2981 pesti-

409 2995 670 3068 lentem
704 2996 971 3068 nubem
1004 3023 1210 3095 supra
1246 2996 1491 3068 domos
1525 3020 1788 3069 nostras
1822 3025 1899 3069 ac
1934 3020 2109 3071 tecta
2135 3024 2496 3069 sessuram.

487 3182 505 3216 1
521 3204 534 3217 .
557 3165 696 3216 Dum
721 3166 954 3219 maxirna
979 3165 1260 3218 multitudo
1282 3182 1416 3239 φαε-

407 3262 524 3317 que.
547 3246 817 3298 Fortasse:
847 3258 959 3298 tum
985 3246 1215 3296 maxima
1239 3244 1416 3296 multi-

409 3322 533 3376 tudo
548 3323 766 3395 equites,
789 3334 895 3377 tum
913 3324 1177 3377 universus
1190 3324 1416 3395 denique

1502 3189 1524 3212 ιι
1545 3166 1674 3218 mihi
1711 3167 2019 3238 quotidiana
2057 3168 2284 3236 imagine
2324 3164 2499 3218 adhuc

1501 3269 1523 3292 ιι
1543 3261 1820 3298 versantur
1848 3261 1969 3301 ante
1999 3247 2200 3298 oculos.
2223 3271 2245 3294 n
2275 3277 2348 3286 —
2372 3249 2502 3299 Suc-

1494 3343 1641 3376 censo
1662 3325 1876 3395 tyranni
1894 3343 2032 3398 roqo.
2055 3324 2194 3376 Flor.
2220 3325 2317 3389 ΙΙΙ,
2335 3325 2420 3388 23.
2443 3343 2462 3378 ι
2483 3348 2496 3377 =

402 3400 646 3475 populus.
666 3404 830 3455 Gnou.
862 3403 994 3454 Tum
1016 3421 1087 3455 m.
1109 3422 1178 3455 m.
1199 3423 1249 3476 q.
1264 3442 1283 3468 ,
1307 3413 1414 3454 tum

406 3481 701 3548 universus,
737 3480 1027 3552 Schultiug.
1064 3481 1200 3532 Tum
1233 3501 1304 3532 m.
1339 3499 1409 3531 m.

407 3575 587 3630 eques,
614 3571 722 3610 tum
748 3579 840 3611 un.
867 3559 997 3612 obr.
1022 3561 1216 3626 Forte,
1234 3563 1414 3632 proxi-

409 3657 499 3691 ma
513 3638 792 3693 multitudo
811 3659 976 3714 eques.
999 3642 1133 3692 Nam
1146 3641 1416 3711 proximus

410 3735 463 3773 et
500 3724 760 3775 maximus
792 3722 1049 3775 confundi
1085 3722 1307 3775 vidimus
1346 3720 1415 3773 ad

407 3802 594 3855 Vellei.
640 3804 832 3856 Patere.
877 3806 917 3856 ll
934 3842 951 3870 ,
994 3804 1080 3856 36.
1125 3804 1374 3855 Proxima
1391 3838 1410 3866 ,

410 3881 647 3934 secunda
667 3901 700 3934 a
724 3897 929 3935 senatu.
953 3884 1121 3935 Burin.

483 3980 511 4014 2
567 3963 838 4017 Miser-unt.
871 3964 1199 4028 Emisenmt,
1237 3960 1411 4013 AErod.
1443 4028 1451 4035 ⁸

407 4041 950 4107 Malim,remiserunt.
966 4043 1115 4093 —In
1136 4041 1232 4092 hac
1247 4059 1413 4092 rerum

409 4124 656 4197 imaqine.
682 4125 825 4195 Vin-g.
853 4125 1000 4188 vm,
1035 4123 1171 4191 7303
1203 4135 1255 4173 et
1290 4121 1415 4185 ΧΠ,

407 4201 511 4256 665
533 4223 549 4264 ;
593 4220 711 4273 sup.
754 4201 906 4255 Decl.
939 4199 1247 4264 §chxx3
1291 4200 1413 4252 infr.

407 4283 555 4337 Deel.
580 4284 980 4338 CCCXXXVII:
1013 4305 1036 4331 ι
1054 4286 1302 4350 Penates,
1323 4282 1418 4355 qui

1500 3403 1648 3454 “Fax
1689 3402 1827 3454 illius
1870 3416 2045 3454 motus
2088 3400 2156 3454 ab
2200 3405 2314 3473 ipso
2351 3402 2500 3476 Syllae

1499 3505 1520 3527 σι
1541 3499 1671 3551 rogo
1697 3483 1899 3533 exarsit.
1923 3504 1945 3527 v·
1973 3510 2044 3520 —-
2072 3482 2361 3552 Quamdam
2386 3501 2500 3553 pes-

1495 3560 1745 3612 tilentem.
1770 3559 2061 3629 Quamdam
2078 3579 2140 3612 ac
2154 3561 2501 3632 pestilentem,

1493 3638 1697 3690 Schult.
1739 3642 1925 3691 Franc.
1970 3640 2178 3691 Mallem
2198 3679 2214 3704 ,
2252 3637 2499 3710 pestilen-

1495 3729 1701 3790 temque
1720 3755 1735 3778 ,
1768 3716 1847 3768 vel
1873 3718 2197 3789 pestilentiae.
2232 3748 2303 3757 —
2333 3717 2501 3767 Sessu-

1495 3818 1626 3851 mm.
1648 3800 1781 3849 Hinc
1798 3799 2141 3850 confirmatur
2156 3799 2314 3850 lectio
2335 3798 2499 3867 scrip-

1493 3893 1547 3932 ta
1574 3878 1719 3951 apud
1748 3881 1947 3931 Livium
1975 3879 2158 3944 XXII,
2183 3879 2280 3929 30:
2315 3898 2336 3922 ι
2355 3878 2498 3927 Tan-

1500 3984 1522 4008 a
1541 3960 1661 4012 dem
1691 3978 1807 4013 eam
1836 3961 2029 4012 nubem
2051 4000 2069 4027 ,
2107 3978 2220 4030 quae
2248 3959 2412 4012 sedere
2444 3959 2499 4011 in

1501 4063 1524 4086 ιι
1534 4041 1678 4111 jugis
1725 4041 1983 4091 montium
2026 4038 2179 4090 solita
2223 4051 2333 4103 est,
2377 4054 2498 4088 cum

1502 4143 1524 4164 κ
1544 4118 1777 4191 procella
1803 4120 2021 4172 imbrem
2045 4119 2268 4172 dedisse.
2292 4142 2314 4164 n·
2342 4116 2497 4172 ovid.

1495 4203 1624 4253 Met.
1661 4204 1714 4266 I,
1751 4199 1850 4272 267
1878 4224 1890 4254 ε
1934 4205 2171 4253 ·Frome
2202 4199 2375 4254 sedent
2402 4216 2497 4251 ne·

1502 4302 1524 4326 σι
1543 4279 1698 4332 bule.
1718 4303 1741 4329 n
1768 4281 1937 4333 Busa.

2150 4386 2212 4434 υ
