3200 5117
757 532 841 615 64
1267 534 1359 600 M.
1408 533 1656 599 FABII
1702 530 2329 616 QUINTILIANI

649 728 652 731 ,
712 687 721 692 “
757 659 949 733 enim
992 658 1169 732 illud
1200 660 1501 733 faciebat
1533 680 1892 759 tamquam
1925 661 2175 758 gener)
2210 677 2485 757 accepta
2529 656 2844 729 humeris

758 772 901 845 suis
927 773 1158 872 puella
1178 832 1198 864 ‚
1233 801 1355 873 per
1385 793 1485 845 tot
1511 772 1947 846 difficultates
1967 828 1985 861 ‚
2017 799 2140 872 per
2165 793 2265 844 tot
2284 771 2631 870 pericula,
2667 770 2848 843 nihil

756 916 882 988 pro
913 889 1135 988 seipso
1181 888 1547 981 sollicituS,
1597 889 1779 962 tulit.
1833 891 2072 981 Quam
2118 888 2300 960 istud
2349 914 2493 960 non
2545 887 2847 959 humani

757 1023 1032 1075 tantum
1066 1002 1323 1102 operiS‚
1360 1002 1480 1076 sed
1514 1003 1732 1075 divini
1764 1003 2128 1105 cujusdam
2164 1002 2489 1075 beneficii
2521 1000 2850 1073 arbitran-

760 1117 931 1190 dum
967 1118 1103 1190 est?
1133 1119 1382 1209 Quum
1420 1120 1549 1190 hos
1582 1119 2063 1217 conjunxistis,
2100 1118 2613 1218 copulastisque
2647 1145 2661 1186 z
2699 1118 2847 1189 for-

756 1254 969 1320 tunae,
1002 1231 1180 1304 nihil
1214 1259 1488 1305 necesse
1526 1232 1752 1306 habeo
1787 1233 2051 1306 diutius
2077 1234 2210 1306 hoc
2240 1234 2624 1332 imputare;
2658 1253 2846 1305 tam-

758 1373 973 1447 quam
1021 1373 1165 1420 non
1208 1347 1682 1437 intellectum,
1733 1375 1874 1420 non
1927 1347 2226 1447 perdidit
2268 1347 2729 1420 beneficium:
2781 1369 2848 1420 et

756 1460 992 1561 puella
1033 1487 1103 1533 se
1146 1461 1327 1533 nihil
1352 1488 1505 1535 non
1548 1461 1715 1533 huic
1750 1462 1998 1534 debere
2037 1462 2362 1536 credidit:
2401 1482 2470 1534 et
2510 1483 2701 1561 pater
2747 1461 2847 1533 ita

758 1574 1237 1674 interpretatus
1277 1596 1416 1666 est,
1461 1574 1688 1676 majus
1719 1574 1933 1666 illud,
1972 1596 2048 1647 ut
2079 1576 2488 1648 existimaret
2513 1576 2740 1652 amico
2770 1575 2844 1647 in

759 1715 863 1781 se,
903 1717 983 1764 ac
1022 1718 1183 1765 suos
1209 1747 1228 1781 ,
1277 1692 1518 1768 omnia
1559 1691 1789 1765 licere.
1839 1695 2112 1765 Rumor
2151 1693 2380 1792 itaque
2414 1693 2484 1764 in
2527 1691 2845 1781 civitatee,

758 1833 900 1879 non
930 1807 1187 1907 quibus
1210 1808 1382 1880 alias
1408 1807 1579 1881 solet
1595 1807 1852 1900 causis,
1878 1829 2146 1882 exortus
2169 1830 2310 1881 est:
2342 1809 2462 1881 sed
2485 1807 2807 1879 homiues
2824 1864 2844 1896 ‚

759 1922 933 1994 dum
973 1922 1457 2021 indignantur,
1490 1923 1726 1995 nescio
1772 1925 1887 1996 cui
1925 1924 2169 2025 juveni
2210 1922 2474 2022 optimo
2515 1941 2582 1994 et
2622 1921 2842 1994 nobili

759 2038 906 2110 dari
957 2038 1315 2138 puellam,
1374 2040 1764 2112 convicium
1811 2041 2126 2113 moribus
2177 2039 2386 2141 hujus
2414 2096 2434 2129 ‚
2483 2060 2844 2138 tamquam

760 2151 1009 2250 ingrati
1036 2154 1354 2228 fecerunt
1377 2169 1424 2226 ¹.
1455 2155 1816 2254 Intelligo,
1842 2154 2149 2256 judiceS,
2185 2182 2402 2255 quam
2430 2154 2698 2226 difficili
2720 2210 2738 2242 ,
2764 2180 2841 2225 ac

761 2266 944 2340 velut
1001 2269 1362 2368 scopuloso
1413 2271 1566 2345 loco
1623 2291 1925 2344 versetur
1972 2271 2186 2344 oratio
2239 2297 2438 2342 mea:
2488 2268 2843 2369 quomodo

760 2410 1034 2457 narrem
1061 2386 1277 2480 istud,
1317 2388 1507 2487 quod
1537 2388 1830 2461 confessi
1859 2388 2147 2461 sumus?
2175 2388 2356 2460 lllud
2391 2409 2562 2487 puto
2595 2387 2843 2459 tutissi-

833 2597 876 2633 1.
898 2582 1188 2658 Tamquam
1207 2577 1762 2658 ingratifeeeruntdn-
1840 2603 1892 2643 et
1929 2591 2190 2662 optimum
2223 2590 2517 2662 pertineat3
2555 2604 2725 2657 neque
2761 2584 2841 2636 le-
2914 2656 2927 2670 .

756 2665 889 2733 grati
912 2661 1019 2714 hoc
1044 2677 1150 2731 est,
1173 2667 1349 2718 inviti:
1376 2666 1486 2733 vel,
1515 2682 1572 2721 ut
1592 2667 1760 2721 adno-

758 2745 1010 2811 tavimus,
1034 2746 1265 2816 ingratae.
1294 2748 1488 2800 Sensus
1514 2762 1622 2801 est:
1653 2751 1759 2818 Qui

757 2843 939 2877 rumor
959 2828 1013 2880 iu
1039 2826 1152 2880 aliis
1177 2830 1347 2881 causis
1372 2832 1563 2882 exoriri
1591 2830 1758 2896 solet,

755 2902 968 2974 indigue
981 2906 1182 2958 factum
1200 2928 1212 2958 ε
1235 2905 1483 2959 violatum
1501 2908 1568 2960 ab
1586 2910 1756 2961 amico

754 2983 908 3034 amici
944 2981 1131 3036 filiam:
1167 2998 1327 3057 atque
1362 2999 1474 3038 tum
1507 2990 1757 3054 maxime,

755 3080 920 3133 quum
937 3063 1105 3133 dignae
1119 3064 1312 3136 opibus
1329 3103 1345 3130 ‚
1367 3064 1537 3136 dignae
1560 3081 1756 3138 poten-

754 3142 854 3208 tia,
879 3154 931 3194 et
954 3141 1230 3195 nobilitate
1255 3146 1449 3215 nuptioe
1472 3144 1639 3216 dignae
1662 3165 1755 3218 pa·

752 3223 1020 3276 rabuntur.
1048 3227 1169 3278 Non
1192 3224 1251 3277 hi
1269 3244 1537 3294 rumor-ez,
1556 3229 1753 3298 inquit,

753 3305 920 3355 exorti
951 3318 1102 3356 sunt:
1127 3303 1224 3357 sed
1253 3305 1383 3357 dum
1412 3305 1627 3358 divitem
1660 3325 1754 3358 au-

753 3379 904 3431 diunt
922 3383 1277 3435 immemorem
1303 3398 1570 3436 tantorum
1593 3384 1754 3436 bene-

754 3463 1022 3528 ficiorum,
1046 3463 1205 3515 alium
1226 3464 1326 3517 sihi
1343 3484 1595 3535 generum
1618 3484 1751 3536 quae-

752 3562 898 3597 rere:
931 3543 1110 3597 oblata
1138 3545 1227 3598 illa
1254 3566 1316 3598 ex
1339 3546 1569 3599 tumultu
1592 3565 1753 3599 occa-

753 3624 934 3688 sione,
969 3641 1073 3695 qua
1106 3624 1279 3677 solum
1312 3645 1435 3679 eum
1467 3625 1581 3679 sola
1611 3625 1753 3678 nacti

751 3720 954 3770 esseut,
976 3704 1043 3757 de
1068 3705 1324 3759 industria
1348 3722 1551 3779 raptam
1571 3727 1600 3759 a
1623 3726 1754 3780 pau-

747 3803 877 3855 pere
898 3782 1071 3836 divitis
1093 3782 1279 3851 filiam,
1300 3787 1523 3858 quisque
1544 3790 1673 3859 jecit
1698 3787 1752 3838 iu

749 3865 966 3936 vulgus»,
986 3878 1044 3917 ut
1061 3864 1207 3918 bono
1231 3865 1338 3918 hoe
1361 3866 1486 3919 dolo
1506 3866 1653 3919 illum
1671 3869 1752 3938 ju-

749 3963 932 3998 venem
972 3944 1204 3998 nobilem
1247 3964 1277 3997 a
1319 3948 1516 4017 nuptiis
1553 3959 1752 3998 averte·

749 4041 893 4079 rent:
913 4029 1061 4098 quasi
1075 4046 1277 4098 pauper
1290 4030 1408 4098 jure
1423 4046 1521 4080 suo
1538 4029 1724 4081 fecerit
1734 4067 1751 4095 ‚

750 4125 860 4161 non
888 4110 969 4176 vi,
1001 4127 1112 4160 nou
1142 4109 1311 4176 elam,
1342 4127 1452 4161 non
1484 4112 1749 4180 precario.

751 4187 931 4238 AEuon.
973 4191 1161 4260 Neque
1206 4188 1398 4260 inqrati
1442 4201 1521 4240 est
1565 4190 1713 4240 inviti
1733 4226 1749 4252 ‚

750 4269 903 4341 quasi
919 4265 1030 4322 haec
1047 4287 1151 4324 vox
1167 4268 1236 4326 ad
1251 4272 1500 4343 juvenem
1516 4269 1754 4326 nobilem

1837 2667 2069 2737 gendum
2089 2669 2332 2741 myram,
2351 2681 2410 2719 ut
2426 2665 2493 2718 ad
2513 2663 2738 2737 pueilam
2761 2682 2845 2716 re-

1838 2750 2048 2802 feratur.
2075 2750 2270 2822 Hujus,
2295 2748 2351 2802 id
2375 2762 2453 2801 est
2468 2787 2485 2814 ‚
2509 2746 2701 2800 divitis.
2729 2746 2841 2797 Nec

1837 2846 2018 2881 rumor
2028 2830 2127 2880 iste
2142 2847 2204 2878 ex
2222 2825 2450 2879 tumultu
2462 2865 2478 2891 .‚
2495 2823 2587 2878 sed
2606 2825 2842 2895 aliquan·

1837 2923 1892 2960 to
1928 2923 2050 2968 aute
2084 2908 2382 2960 tumultum.
2416 2909 2616 2959 Rumor
2647 2918 2726 2956 est
2746 2906 2838 2969 ju-

1839 2990 1961 3042 veni
1981 2989 2226 3061 opulento
2250 2989 2338 3058 (et
2361 2990 2434 3041 ita
2452 2989 2590 3040 forte
2608 2984 2838 3038 scriben-

1837 3068 1963 3120 dum
1977 3086 2076 3140 pro
2092 3065 2310 3141 optimo)
2323 3079 2371 3118 et
2385 3065 2547 3118 nobili
2560 3061 2836 3134 dar-ipae!-

1839 3151 1963 3203 lam.
1989 3152 2245 3201 Rumores
2266 3147 2576 3219 plerumque
2596 3145 2840 3197 oriuntur

1835 3248 1898 3281 ex
1931 3227 2086 3280 rebus
2120 3228 2266 3278 novis
2300 3238 2460 3296 atque
2492 3223 2734 3276 insolitis,
2769 3223 2837 3274 At

1834 3328 2009 3382 neque
2025 3326 2237 3372 novum,
2247 3324 2420 3378 neque
2431 3318 2617 3378 praeter
2627 3323 2838 3375 exspec-

1834 3404 2005 3443 tatum
2029 3402 2108 3441 est
2135 3387 2281 3440 diviti
2307 3386 2522 3439 divitem
2550 3386 2652 3458 legi
2680 3405 2840 3457 gene-

1832 3491 1965 3523 rum.
1995 3473 2195 3523 Tamen
2230 3470 2352 3542 quia
2385 3488 2593 3542 pauper
2624 3481 2836 3520 servatae

1833 3551 2019 3623 puellm
2064 3551 2132 3603 ab
2175 3570 2289 3622 sese
2331 3553 2546 3623 nuptias
2585 3550 2837 3601 meruisse

1832 3628 2139 3694 videbatur,
2184 3628 2441 3701 indignati
2484 3629 2720 3680 homines
2770 3626 2838 3680 ad

1833 3709 2154 3760 mentionem
2171 3706 2384 3761 alterius
2398 3708 2574 3778 generi
2591 3703 2730 3770 lecti,
2745 3724 2836 3777 pa·

1830 3802 1959 3840 trem
1986 3799 2253 3858 tamquam
2281 3788 2540 3856 ingratum
2568 3795 2620 3835 et
2646 3784 2834 3837 imme-

1830 3887 2030 3919 morem
2050 3867 2429 3920 beneficiorum
2449 3866 2698 3935 pauperis
2712 3901 2726 3926 ,
2748 3882 2838 3915 ru-

1833 3949 2068 4002 moribus
2092 3950 2423 4002 distulerunt.
2443 3945 2608 3999 Vides¹
2632 3965 2728 3999 cur
2754 3946 2836 3999 di-

1832 4042 1984 4081 catur
1996 4047 2190 4094 rumor,
2207 4045 2310 4079 non
2330 4025 2511 4099 quibus
2527 4023 2660 4077 alias
2674 4023 2803 4078 solet
2813 4062 2832 4091 ‚

1831 4109 1995 4163 causis
2015 4122 2231 4162 exortus.
2254 4107 2414 4161 Vides
2438 4108 2589 4178 cujus
2613 4107 2836 4158 moribus

1833 4192 2123 4244 convicium
2139 4231 2158 4259 ,
2189 4201 2455 4261 tamquam
2484 4189 2674 4263 inqrati
2695 4188 2831 4262 fece-5

1797 4299 1802 4308 ·
1833 4272 1955 4324 rint.
1978 4271 2144 4328 Giton.
