3200 5117
765 476 1600 547 DECLAMATIONES.
1647 479 2045 545 CCCXXV.
2316 483 2435 547 321

363 605 631 708 ponde:
666 633 806 703 quo
832 603 1119 677 merito?
1144 603 1362 674 nullo.
1386 602 1564 694 Quis
1587 602 1858 700 ignorat
1879 625 2446 678 testamentorum

364 720 769 795 fortunam?
804 742 867 792 et
899 740 1071 791 esset
1107 720 1390 790 fortasse
1423 717 1498 787 in
1531 737 1755 788 totum
1795 717 2153 815 iniquum,
2187 721 2447 819 requiri

366 865 408 908 a
433 837 640 908 nobis
668 835 928 907 mentis
957 833 1200 905 alienae
1237 833 1597 904 rationem.
1635 833 1814 903 Sunt
1850 831 2135 929 quidam
2175 835 2451 907 irratio-

370 953 636 1025 nabiles
660 954 963 1051 impetus
985 951 1388 1023 animorum
1405 1007 1425 1041 ,
1452 949 1771 1048 quaedam
1797 951 2116 1049 gratuita,
2148 974 2225 1025 ut
2243 957 2450 1055 vulgo

372 1090 724 1158 vocantur,
769 1068 992 1139 odia'.
1038 1067 1329 1162 Quoties
1371 1066 1762 1138 audivimus
1800 1067 2029 1138 filium
2069 1067 2413 1141 dicentem
2433 1113 2461 1161 ,-

376 1211 515 1282 quo
545 1210 702 1255 meo
731 1183 974 1255 merito
1001 1202 1192 1280 pater
1214 1209 1329 1252 me
1359 1179 1828 1252 exheredavit?
1853 1181 2123 1252 nullam
2150 1208 2297 1254 rem
2322 1185 2460 1256 fre-

369 1299 698 1396 quentior
728 1298 1097 1370 admiratio
1127 1297 1457 1394 sequitur.
1492 1293 1628 1367 Sed
1656 1296 2010 1368 tolerabile
2039 1319 2219 1388 erat,
2253 1299 2310 1369 si
2345 1298 2461 1369 in-
2498 1383 2505 1394 ι

379 1435 886 1512 terrogaremur
921 1413 1033 1484 hic
1076 1433 1349 1484 tantum
1394 1410 1478 1481 de
1517 1410 1899 1516 hereditate
1936 1439 1950 1482 :
1987 1410 2190 1483 altius
2223 1413 2463 1484 convi-

379 1530 567 1602 cium
597 1529 883 1625 quaestio
916 1528 1043 1600 ista
1079 1528 1329 1599 habet:
1375 1526 1589 1625 quid?
1627 1527 1682 1599 si
1718 1553 1858 1599 non
1900 1529 2293 1601 communis
2332 1531 2464 1603 ista

381 1643 675 1715 infamia
699 1642 981 1715 fuisset?
1001 1642 1176 1740 quid
1205 1641 1404 1740 ergo?
1428 1668 1679 1740 negem
1703 1642 1910 1715 fuisse
1930 1670 2312 1735 rumorem,
2338 1645 2460 1745 qui

384 1756 822 1854 adspergeret
844 1758 1022 1828 hanc
1047 1755 1426 1829 feminam?
1446 1776 1522 1829 tu
1542 1757 1698 1848 sci8‚
1725 1784 1814 1829 an
1833 1784 1992 1829 vera
2016 1758 2154 1829 sint
2177 1785 2192 1829 t
2217 1780 2281 1831 et
2299 1786 2469 1859 prae-

383 1872 558 1944 senti
580 1873 860 1944 fortasse
889 1872 987 1943 liti
1015 1873 1120 1944 vel
1149 1872 1554 1971 expediebat
1581 1874 1928 1946 confiteri:
1958 1901 2124 1945 nam
2153 1874 2208 1945 si
2240 1874 2427 1947 istud
2446 1935 2467 1968 ,

388 1985 576 2083 quod
610 1985 908 2084 intelligi
940 1986 1111 2078 vis²,
1144 2014 1386 2059 verum
1416 2007 1556 2078 est;
1593 1988 1832 2085 utique
1862 1987 2208 2060 hereditas
2239 2010 2471 2061 nostra

387 2121 521 2173 est:
554 2101 674 2174 sed
704 2102 1001 2200 pecunia
1029 2103 1260 2200 potius
1288 2103 1780 2202 periclitemur.
1814 2104 2108 2176 Nullum
2137 2105 2470 2176 meritum

389 2213 615 2286 uxoris
661 2235 794 2287 tuae
837 2215 1152 2288 adversus
1199 2216 1482 2290 divitem
1531 2218 1705 2290 fuit:
1757 2219 1950 2315 quasi
1995 2241 2154 2289 vero
2210 2219 2473 2290 meritis

391 2349 661 2402 tantum
694 2330 1107 2404 hereditates
1137 2332 1562 2430 contingant.
1585 2335 1897 2422 Interest,
1919 2360 2011 2404 an
2037 2352 2327 2421 ametur,
2352 2334 2476 2431 qui

390 2443 616 2515 amat?
651 2445 875 2543 potuit
907 2445 1087 2517 hanc
1127 2472 1387 2516 amasse
1422 2446 1765 2516 feminam
1800 2446 2022 2536 diveS,
2053 2444 2243 2517 salva
2266 2444 2479 2545 hujus

393 2557 847 2631 conscientia:
873 2578 1014 2630 erat
1028 2558 1367 2657 speciosa3
1394 2579 1566 2630 erat:
1591 2559 1820 2657 potuit
1841 2559 1914 2630 in
1933 2560 2124 2632 hunc
2146 2561 2478 2632 affectum

395 2674 731 2746 incidisse.
767 2674 979 2747 Multi
1006 2696 1200 2765 sunt,
1233 2675 1353 2773 qui
1382 2695 1790 2747 testamenta
1820 2675 1914 2746 sic
1942 2674 2283 2763 scribant,
2314 2696 2486 2747 tam-

397 2815 609 2886 quam
647 2787 821 2859 illud
851 2787 937 2859 ad
974 2787 1184 2860 vitam
1219 2815 1459 2859 eorum
1495 2786 1868 2885 pertineat:
1901 2787 1994 2859 sic
2027 2788 2317 2885 quidam
2353 2787 2486 2859 he-

399 2904 593 2975 redes
620 2902 932 2975 scribunt
963 2931 1113 2995 eos,
1150 2930 1321 3001 quos
1354 2923 1663 3002 captant,
1697 2923 2056 3000 tamquam
2088 2902 2490 2975 intellectu-

401 3043 546 3106 roS,
576 3045 1005 3118 quamquam
1038 3040 1294 3091 secreto
1328 3016 1682 3116 scriptos3.
1720 3019 1953 3089 Potuit
1990 3045 2149 3118 ergo
2183 3043 2379 3089 amor
2413 3018 2489 3091 in

403 3158 608 3204 causa
636 3159 820 3225 esse,
860 3133 1086 3233 potuit
1130 3134 1277 3233 ipsa
1322 3131 1672 3232 pudicitiae
1716 3131 2086 3202 admiratio
2110 3129 2141 3185 4
2179 3131 2252 3201 in
2287 3157 2494 3204 causa

479 3327 523 3362 1.
569 3311 813 3362 Gratuita
852 3311 988 3363 odia.
1015 3310 1095 3362 .1d
1135 3322 1213 3363 est
1232 3347 1250 3375 ‚
1291 3310 1405 3361 sine
1487 3303 1634 3378 apud
1649 3303 1827 3356 AErod.
1845 3314 2114 3377 tamquam
2130 3304 2186 3355 in
2202 3306 2491 3359 amicitiam

405 3389 517 3441 ulla
562 3409 721 3442 causa
762 3405 1005 3463 susceptu
1025 3429 1042 3457 ,
1090 3410 1203 3463 qua:
1246 3389 1407 3461 digna
1486 3386 1786 3452 allecturus,
1812 3398 2079 3458 tamquam
2100 3384 2234 3437 adse
2251 3396 2494 3440 attractu-

405 3468 572 3521 videri
614 3483 809 3541 potest:
839 3471 973 3523 Vide
1010 3470 1090 3523 Cl.
1126 3472 1301 3523 Wass.
1340 3467 1408 3522 ad
1491 3485 1569 3520 ros
1600 3478 1787 3521 secreto
1816 3468 2042 3537 scriptos.
2074 3469 2320 3520 Auctoris
2354 3469 2457 3520 fuit
2479 3488 2493 3517 ε

407 3548 618 3600 Sallust.
645 3547 854 3600 Catilin.
880 3568 998 3620 cap.
1023 3548 1161 3601 xv1.
1489 3549 1576 3601 Sic
1614 3547 1824 3619 quidam
1867 3545 2068 3599 heredes
2110 3547 2338 3599 scribunt
2376 3565 2458 3600 eos
2476 3586 2496 3613 ‚

481 3647 529 3680 2.
551 3630 609 3680 Si
628 3628 793 3693 istud,
812 3630 952 3702 quod
971 3628 1198 3704 intelligi
1217 3630 1303 3683 vis.
1317 3631 1415 3681 Im-
1492 3648 1617 3702 quos
1638 3637 1878 3699 captant,
1907 3639 2173 3700 tamquam
2200 3626 2501 3680 intellectu-

410 3726 532 3772 mo,
556 3706 698 3779 quod
722 3706 947 3782 intelligi
975 3725 1080 3758 non
1108 3708 1198 3759 vis.
1229 3711 1412 3759 Patro-
1495 3724 1591 3772 ros,
1603 3722 1923 3777 qumquam
1937 3716 2123 3759 secreto
2136 3703 2364 3775 scriptos.
2377 3704 2502 3775 Spe-

411 3806 512 3838 nus
533 3787 766 3839 mulieris
783 3786 997 3840 volebat
1015 3788 1261 3859 intelligi,
1282 3787 1416 3840 ‹livi-
1495 3799 1616 3838 rant
1635 3788 1774 3839 enim
1795 3803 2115 3857 quocunque
2135 3783 2359 3850 indicio,
2377 3801 2504 3854 qua-

411 3877 518 3917 tem
539 3868 729 3918 amoris
749 3870 1020 3919 conscium
1040 3868 1201 3918 fuisse
1221 3887 1232 3916 :
1253 3865 1416 3938 idque
1496 3883 1709 3936 cunque
1729 3867 2030 3931 occasione,
2049 3864 2105 3915 id
2124 3861 2412 3934 aliquando
2433 3860 2505 3915 ad

412 3963 477 3997 ex
496 3946 803 4015 praescripto
823 3945 1001 3997 Fabii:
1031 3944 1173 3996 dives
1196 3956 1287 3996 aut
1305 3947 1417 4013 ejus
1499 3962 1598 4004 eos,
1612 3957 1973 3996 emanaturum
1986 3981 2002 4010 ,
2023 3955 2321 4012 utcunque,
2339 3960 2504 4013 quum

411 4036 672 4094 patronus
697 4021 752 4073 id
775 4023 996 4094 intelligi
1024 4022 1293 4074 nolebant.
1320 4023 1416 4075 Gn.
1501 4024 1825 4090 scriberent,
1864 4043 1955 4076 eos
1994 4021 2294 4076 celaverint.
2338 4021 2503 4075 Grion.

485 4100 537 4152 3.
565 4101 858 4174 Tamquam
890 4100 1259 4165 intellecturos,
1292 4111 1423 4153 tam-
1502 4104 1581 4154 lta
1612 4115 1665 4154 et
1693 4101 2049 4174 Schultingius
2078 4116 2129 4153 et
2152 4099 2282 4156 Ohr.

416 4196 577 4250 quam
615 4193 803 4234 secreto
837 4180 1061 4251 scriptos.
1108 4182 1229 4232 Non
1269 4198 1422 4233 nemo
1567 4180 2504 4255 4‚Potuitipsapudicitioeadmimtio.

631 4269 683 4319 6.

2197 4287 2257 4321 21
