3200 5117
806 563 931 630 306
1303 561 1397 626 M.
1445 559 1693 625 FABn
1738 559 2370 644 QUINTILIANI
2410 620 2415 624 ,

799 711 889 757 ne
935 709 1146 783 quem
1195 705 1431 756 autem
1479 705 1779 756 vestrum
1830 709 2153 755 securum
2205 684 2411 756 faciat
2460 682 2634 771 hoe,
2686 683 2873 781 quod

798 825 1153 899 oppressa,
1216 798 1405 895 quod
1455 797 1884 895 deprehensa
1934 819 2037 869 est
2081 797 2396 896 tyrannis
2442 825 2458 869 2
2516 817 2871 896 apparatus

784 914 984 984 enim
1020 911 1144 983 iste
1177 931 1456 983 testatur
1491 911 1943 985 adolescentis
1974 933 2303 984 mentem.
2336 915 2526 984 Num
2554 913 2732 983 latro
2761 912 2871 983 in-

791 1025 1186 1098 nocentiam
1239 1026 1491 1124 accipit
1518 1079 1536 1115 ,
1589 1026 1647 1097 si
1705 1024 1859 1125 quis
1910 1025 2015 1097 illi
2068 1026 2381 1125 gladium
2434 1024 2872 1123 extorqueat?

791 1141 1090 1212 minatus
1124 1140 1378 1239 aliquis
1411 1141 1761 1212 moenibus
1803 1140 2121 1214 flammas
2141 1198 2159 1230 ‚
2202 1167 2380 1212 num
2413 1140 2622 1238 igitur
2652 1139 2869 1211 facere

787 1258 1217 1329 securitatem
1245 1257 1492 1329 civitati
1521 1277 1779 1355 potest,
1803 1257 1857 1327 si
1883 1257 2040 1356 quis
2068 1258 2247 1330 faces
2271 1256 2420 1358 ejus
2448 1252 2870 1327 exstinxerit?

787 1398 932 1447 non
963 1372 1176 1444 habet
1202 1398 1391 1445 nunc
1420 1399 1613 1444 arma
1631 1429 1649 1461 ‚
1687 1399 1829 1445 nou
1858 1373 2065 1445 habet
2093 1393 2509 1472 apparatum
2537 1400 2557 1459 3
2590 1369 2708 1442 sed
2742 1369 2870 1441 ha—

785 1490 907 1563 bet
933 1488 1277 1561 animum.
1300 1490 1443 1560 Nec
1467 1488 1643 1560 mihi
1673 1486 1806 1560 hoc
1829 1489 1986 1562 satis
2012 1509 2110 1561 est
2136 1487 2547 1588 approbare,
2571 1485 2868 1585 judices,

779 1629 1161 1704 tyrannum
1195 1607 1547 1696 futurum,
1583 1606 1715 1677 nisi
1751 1605 1927 1680 illud
1960 1631 2236 1704 quoque
2269 1625 2427 1678 ante
2451 1601 2689 1675 oeulos
2717 1627 2867 1675 ves-

777 1742 923 1795 tros
967 1747 1299 1821 posuere,
1347 1721 1568 1820 qualis
1613 1721 1699 1793 sit
1741 1723 2015 1793 futurus
2062 1744 2395 1820 tyrannus
2441 1747 2456 1790 ε
2505 1717 2719 1790 ullius
2757 1716 2866 1789 hic

786 1855 1016 1935 parcet
1042 1835 1306 1933 corpori
1325 1892 1342 1919 ,
1379 1835 1501 1934 qui
1532 1857 1796 1934 patrem
1826 1834 2235 1909 trucidavit?
2269 1836 2478 1908 ullius
2505 1833 2617 1904 hic
2645 1831 2866 1904 crimi-

787 1950 896 2021 nis
928 1969 1082 2048 aget
1105 1950 1594 2022 verecundiam
1615 2007 1634 2040 ‚
1668 1950 1789 2049 qui
1823 1949 2268 2048 parricidium
2296 1950 2639 2050 professus
2673 1945 2865 2018 estin

787 2062 1163 2136 concione?
1202 2064 1322 2162 qui
1362 2063 1673 2164 gladium
1709 2063 1909 2137 illum
1944 2086 2317 2138 cruentum
2356 2063 2865 2158 stillantemque

784 2178 1158 2276 sanguine¹
1209 2179 1567 2252 ostendere
1612 2179 1872 2279 populo
1916 2205 2059 2251 non
2109 2177 2479 2253 recusavit?
2531 2174 2705 2272 quid
2756 2175 2865 2245 ille

787 2293 1109 2365 manibus
1139 2293 1515 2393 imperabit
1546 2293 1825 2382 alienis,
1861 2314 2137 2366 tantum
2172 2294 2315 2367 suis
2343 2298 2590 2371 ausus?

865 2512 909 2547 1.
942 2493 1339 2568 Stillantemque
1363 2498 1630 2572 sanquine.
1660 2493 1787 2548 Stil·
1866 2496 2015 2549 m'bus
2029 2495 2508 2568 impembitalienis.
2519 2498 2771 2550 Francius
2782 2516 2868 2550 vo-

790 2576 1086 2648 lantemque
1114 2579 1285 2648 patrio
1311 2577 1590 2649 sanquine,
1622 2575 1787 2626 Fran·
1865 2575 2035 2644 lebat,
2059 2577 2189 2648 quid
2213 2596 2321 2629 non
2344 2577 2433 2630 ille
2456 2579 2689 2631 manibus
2704 2578 2866 2648 impe-

789 2660 902 2713 c'uu
942 2657 1189 2709 malebat.
1228 2685 1302 2700 --
1352 2656 1488 2727 Quid
1536 2653 1630 2709 itte
1676 2675 1789 2708 ma·
1866 2657 2022 2722 rabit,
2048 2671 2148 2709 etc.
