3200 5117
746 543 870 623 248
1242 539 1333 602 M.
1383 535 1633 601 mnu
1678 526 2316 618 QUIQNTILI'ANI

746 681 811 733 et
852 658 1034 730 male
1066 679 1296 730 tecum
1338 657 1598 755 agitur3
1635 657 1891 757 nuptioe
1922 678 2122 745 sunt,
2160 657 2245 729 de
2279 656 2535 754 quibus
2567 655 2817 755 litigas.

743 777 1083 847 Fecerunt
1121 772 1437 873 judiceS,
1483 772 1672 873 quod
1719 794 2032 872 parentes
2080 774 2291 845 nostri
2337 773 2701 845 fecissent:
2750 772 2822 844 id

741 888 1411 989 pronunciaverunt,
1447 887 1522 959 in
1550 914 1691 986 quo
1723 888 1943 960 victus
1976 888 2219 986 gratias
2246 909 2494 986 ageret.
2531 886 2667 960 Sed
2700 913 2820 986 spe

740 1004 1165 1104 suspendiv,
1210 1023 1281 1076 et
1308 1003 1455 1075 vult
1479 1003 1693 1075 videri
1737 1029 1929 1075 nunc
1967 1030 2246 1103 quoque
2289 1004 2586 1090 factura,
2631 1002 2822 1102 quod

736 1119 938 1191 fecit:
977 1119 1031 1189 si
1063 1117 1483 1190 beneficium
1504 1117 1657 1188 vitae
1685 1138 1986 1216 repetere
2011 1117 2109 1191 vis
2128 1174 2148 1208 ,
2176 1116 2459 1189 dedisti:
2497 1143 2640 1188 non
2671 1143 2821 1215 pos·

739 1258 895 1303 sum
919 1231 1077 1330 plus
1104 1232 1354 1304 debere
1371 1287 1390 1321 ,
1416 1230 1472 1302 si
1498 1231 1768 1329 repetis.
1792 1230 2028 1320 Quam
2049 1250 2283 1302 autem
2308 1256 2586 1302 causam
2610 1228 2820 1301 habes

738 1346 1146 1419 renovandae
1170 1345 1502 1444 optioniS,
1533 1346 1589 1417 si
1618 1365 1943 1445 optatura
1968 1346 2249 1444 nuptias
2275 1345 2383 1418 es?
2409 1346 2464 1417 si
2487 1344 2817 1416 vindicari

734 1461 835 1533 vis
869 1487 911 1532 a
949 1487 1063 1533 me
1094 1480 1325 1550 metu,
1355 1460 1602 1532 timui:
1642 1461 1696 1531 si
1738 1460 1959 1558 rogari
1987 1461 2120 1549 vis,
2159 1487 2364 1557 rogo:
2402 1480 2469 1532 et
2498 1486 2661 1558 rogo
2700 1485 2821 1557 per

736 1577 928 1649 illam
962 1576 1404 1649 clementiam
1441 1596 1680 1648 tuam:
1717 1604 1880 1676 rogo
1905 1568 2057 1677 ⁴jam
2091 1597 2452 1675 tamquam
2490 1575 2813 1648 maritus:

738 1712 809 1764 et
831 1691 1174 1790 intelligo,
1199 1712 1338 1764 tota
1363 1690 1537 1762 mihi
1556 1692 1694 1764 vita
1719 1692 1850 1766 hoc
1876 1692 2228 1792 agendum
2244 1748 2263 1782 ,
2291 1712 2368 1762 ut
2385 1691 2815 1763 satisfaciam.

738 1951 1079 1972 mmm
1088 1949 2429 1972 mmmmm-mmmm

2719 1949 2818 1969 m

1598 2132 1957 2210 CCCX.

1226 2365 1445 2434 Fortis
1477 2360 1572 2434 bis
1599 2361 1924 2434 adulterii
1948 2362 2327 2435 damnata&

736 2566 836 2625 Bis
876 2586 1202 2627 momenti
1240 2586 1509 2627 nou-rus
1546 2585 1985 2626 tonommosus
2030 2586 2139 2627 εῖτ.
2181 2567 2442 2627 Notatus
2491 2564 2812 2639 adulterii,

814 2661 1056 2723 fortiter
1082 2663 1255 2738 fecit,
1288 2663 1439 2746 petit
1468 2663 1710 2745 praemii
1745 2666 2033 2739 nomine,
2067 2676 2136 2722 ut
2163 2665 2382 2724 iterum
2412 2674 2809 2723 accusaretur.

813 2761 1193 2843 Impetravit:
1221 2773 1535 2822 accusatus
1552 2774 1641 2821 est
1660 2763 1883 2822 iterum
1896 2807 1913 2836 ,
1936 2776 1997 2823 et
2014 2763 2356 2825 damnatus.
2382 2762 2614 2823 Dicitur
2636 2761 2814 2840 igno·

818 2858 1136 2918 miniosus.
1163 2859 1229 2918 C.
1258 2859 1334 2918 D.

1427 3031 2123 3097 DECLAMATIO.

834 3184 1119 3273 Quanta
1159 3168 1416 3284 gratia²
1448 3207 1799 3284 prematur
1835 3186 1904 3258 in
1947 3188 2130 3274 foro,
2180 3210 2396 3285 quam
2429 3182 2818 3282 impudenti

734 3296 1084 3369 calumnia
1124 3299 1571 3372 inimicorum
1617 3328 1900 3375 suorum
1945 3318 2264 3389 vexetur,
2303 3321 2370 3371 et
2407 3298 2542 3371 hoc
2582 3300 2814 3399 ipsum

719 3409 1078 3513 judicium
1105 3435 1516 3512 argumento
1547 3437 1685 3488 est:
1715 3414 2069 3507 videlicet,
2101 3435 2561 3487 contemnunt
2584 3412 2816 3485 homi-

732 3550 899 3595 nem
942 3525 1355 3619 militarem,
1391 3528 1570 3599 nihil
1616 3529 1849 3602 minus
1893 3556 2106 3629 quam
2149 3529 2390 3601 litibus
2431 3529 2809 3600 idoneum:

696 3657 846 3748 'gath
874 3675 968 3730 sed
996 3680 1190 3748 nuptie
1214 3678 1510 3750 displicent.
1542 3682 1721 3733 AEnou.
1883 3700 1930 3734 α.
1958 3683 2168 3752 Quanta
2183 3682 2371 3757 qratia.
2399 3682 2662 3750 Quantum
2680 3716 2695 3743 ,
2718 3679 2816 3731 La-

803 3774 845 3807 1.
877 3757 980 3808 Sed
1007 3775 1095 3827 spe
1124 3757 1399 3828 suspendit.
1434 3762 1613 3812 Potest
1645 3762 1727 3811 in·
1805 3762 2285 3832 finium—Quanta
2309 3761 2632 3833 quieqratia,
2652 3761 2816 3810 Fran-

724 3834 913 3903 ῑθΙΙὶεί,
932 3853 1030 3885 me·
1053 3832 1154 3885 Sed
1177 3834 1343 3901 malo«,
1366 3854 1505 3908 spem
1525 3855 1728 3908 suspen·
1805 3844 1917 3893 cius
1931 3863 1945 3904 ;
1961 3841 2093 3893 male
2109 3863 2121 3891 ε
2140 3858 2258 3892 nam
2276 3839 2386 3890 hoec
2401 3840 2470 3890 ad
2485 3840 2680 3889 fortem
2694 3855 2813 3908 spe-

724 3914 798 3965 dit
811 3951 830 3978 ,
856 3925 909 3964 et
932 3912 1220 3983 intelligere
1244 3932 1428 3965 meam.
1458 3916 1629 3967 Gnou.
1654 3945 1728 3955 —
1806 3917 2812 3973 cnant.En.—Fonnuloeinimicieiae.sic

725 3994 780 4048 V
778 3995 818 4046 is
837 4014 870 4045 a
893 4013 976 4045 me
998 4005 1155 4046 metu.
1189 3996 1243 4048 V
1239 3997 1279 4046 is
1303 4018 1337 4049 a
1365 4015 1476 4064 me,
1506 4011 1723 4050 mortem
1805 3999 2216 4065 Demosthenes,
2240 4001 2347 4049 eiu
2378 3995 2536 4063 φθόνος
2560 3996 2640 4048 καὶ
2659 3994 2809 4064 ypati*

726 4072 910 4134 timui,
945 4071 1123 4124 AErod.
1158 4103 1230 4112 —
1269 4075 1411 4146 Roqo
1438 4077 1557 4146 jam
1596 4087 1728 4127 tam·
1808 4077 1887 4129 καὶ
1925 4078 1980 4129 in
2007 4079 2274 4147 σιμουσίαις
2306 4078 2591 4146 κατηγορεῖν.
2630 4078 2807 4128 AEnou.

721 4165 897 4220 quam.
919 4149 1213 4221 Roqojam,
1237 4152 1437 4222 inquit,
1461 4165 1726 4226 tamquam
1811 4157 1950 4226 Quin
1962 4157 2230 4226 for-muloe.
2254 4176 2350 4212 an.
2362 4156 2619 4229 fomuloe
2640 4167 2690 4206 et
2707 4154 2809 4204 im·-

719 4246 791 4278 m.
818 4226 1110 4299 Schulting.
1141 4228 1209 4281 ad
1234 4230 1415 4282 Senec.
1439 4251 1493 4304 p.
1524 4234 1642 4304 259.
1804 4233 2046 4287 micitioe?
2062 4254 2158 4301 an,
2170 4234 2424 4307 formula
2445 4232 2808 4286 inimicorum?
