3200 5117
698 557 817 622 108
1191 558 1285 620 M.
1334 555 1583 621 FABII
1631 555 2273 638 QUINTILIANI

692 676 1051 748 neminem
1094 675 1708 775 alium‘deponere
1760 677 1952 748 illam
2002 676 2212 749 debui
2255 705 2270 748 :
2327 677 2557 751 sciunt
2606 678 2777 751 servi

692 794 869 865 mei:
901 794 1184 865 mutasti
1214 793 1534 864 animum
1564 813 1719 891 post
1747 793 1929 866 istud
1958 814 2411 866 tormentum.
2442 795 2514 867 Si
2542 817 2779 868 tamen

692 907 818 979 tibi
859 934 1197 1007 magnum
1235 906 1579 979 videretur
1614 907 1687 980 in
1724 909 2083 982 tormentis
2113 936 2258 984 esse
2291 930 2778 1001 momentum;

692 1045 761 1097 et
790 1024 897 1096 isti
927 1024 1473 1122 torquebuntur:
1501 1052 1651 1097 rem
1677 1025 1964 1124 quidem
1991 1026 2170 1098 facio
2196 1027 2563 1099 miseram:
2594 1027 2684 1099 do
2708 1028 2781 1099 in

693 1140 1144 1236 quaestionem
1176 1140 1361 1240 (jam
1391 1139 1574 1212 dices
1609 1140 1821 1235 mihi)
1865 1167 2131 1212 servos:
2177 1141 2294 1213 sed
2342 1142 2462 1239 qui
2507 1164 2782 1241 propter

694 1252 824 1326 hoc
855 1253 1025 1325 servi
1052 1273 1248 1341 sunt,
1276 1273 1353 1324 ut
1379 1274 1873 1352 torqueantur:
1906 1253 2218 1354 alioquin
2245 1283 2391 1327 non
2419 1283 2610 1327 eram
2637 1275 2781 1327 tam

694 1369 1036 1466 ingratus,
1069 1390 1147 1441 ut
1177 1369 1250 1463 ion
1286 1369 1417 1442 hoc
1444 1371 1734 1441 nomine
1757 1383 1774 1413 ¹
1809 1369 2040 1442 adhuc
2065 1397 2183 1443 eos
2212 1372 2591 1444 detinerem
2611 1429 2629 1461 ,
2661 1371 2781 1469 qui

695 1512 975 1557 mecum
1002 1485 1133 1589 soli
1160 1485 1446 1558 fuissent
1473 1512 1487 1557 ε
1522 1486 1946 1559 sustinebitis
1970 1487 2178 1586 igitur
2204 1507 2585 1576 tormenta,
2615 1485 2785 1558 fide-

695 1601 941 1674 lissimi
986 1602 1304 1692 comites3
1348 1602 1769 1675 sustinebitis
1800 1603 2293 1702 quaestionem,
2333 1604 2594 1703 optime
2629 1629 2784 1675 me-

701 1716 850 1804 riti3
884 1716 1004 1788 sed
1038 1717 1408 1816 ignoscite:
1453 1716 1724 1789 facilius
1767 1738 1865 1790 est
1907 1738 2278 1816 egestatem
2321 1718 2496 1788 ferre
2541 1717 2613 1788 in
2655 1716 2784 1788 hac

697 1830 909 1902 natis:
955 1858 1069 1903 me
1115 1851 1358 1903 onerat
1397 1831 1750 1934 majorum
1798 1827 2119 1904 meorum
2167 1830 2503 1940 dignitas,
2547 1849 2786 1901 onerat

696 1945 942 2043 prioris
963 1945 1392 2019 consuetudo
1412 1945 1591 2037 vitae,
1615 1965 1854 2019 onerat
1865 1945 2089 2019 'etiam
2107 1947 2296 2018 fama
2313 1953 2338 1989 ‘²
2360 1973 2374 2017 z
2405 1966 2474 2017 et
2492 1944 2785 2017 omnino

700 2059 784 2130 de
828 2060 1226 2133 innocentia
1265 2087 1426 2133 mea
1466 2062 1814 2159 quaeritur.
1852 2061 2250 2134 Indebitam
2289 2061 2657 2162 pecuniam
2699 2060 2785 2130 ab
2891 2089 2902 2094 ·

700 2173 926 2246 amico
961 2195 1117 2273 peto
1147 2202 1160 2246 ε
1200 2196 1266 2248 et
1301 2174 1493 2247 hunc
1520 2176 1965 2276 potissimum
1986 2233 2005 2266 ,
2040 2203 2256 2275 quem
2295 2174 2786 2263 calumniarer,

700 2287 877 2386 elegi
903 2318 923 2376 ;
972 2314 1195 2387 quum
1252 2290 1309 2363 si
1349 2289 1630 2382 effodit,
1679 2292 1736 2362 si
1775 2290 2181 2363 abscondit3
2202 2349 2220 2382 ,
2263 2317 2488 2389 quum
2506 2346 2526 2379 ,
2571 2290 2628 2360 si
2672 2289 2788 2360 hic

699 2431 854 2477 vere
893 2431 1158 2505 pauper
1184 2427 1318 2497 est,
1354 2432 1443 2478 ne
1481 2406 1818 2479 damnato
1856 2405 2143 2505 quidem
2181 2407 2315 2478 sim
2347 2426 2786 2504 recepturus:

702 2546 847 2592 rem
871 2520 1388 2610 incredibilem,
1413 2542 1483 2594 et
1505 2521 1577 2593 in
1599 2549 1742 2620 qua
1762 2549 1874 2594 me
1897 2521 2261 2594 dementiae
2285 2520 2571 2592 crimine
2595 2517 2788 2591 dam-

701 2634 851 2706 nari
905 2661 1180 2707 necesse
1230 2657 1349 2707 est.
1403 2639 1584 2710 Ante
1632 2636 1874 2708 omnia
1924 2635 2295 2737 perdidisse
2338 2661 2450 2706 me
2501 2660 2789 2707 omnem

701 2749 1076 2847 pecuniam
1125 2749 1275 2822 dico
1292 2805 1312 2840 ,
1365 2776 1454 2823 ne
1501 2751 1694 2824 dives
1741 2778 1882 2823 esse
1932 2751 2190 2849 possim
2233 2777 2247 2820 ε
2303 2750 2457 2822 id'eo
2498 2748 2790 2820 demum

708 2863 1028 2951 mentior,
1054 2884 1129 2936 ut
1152 2864 1326 2936 mihi
1344 2892 1506 2937 cum
1528 2866 1806 2938 duobus
1821 2864 2256 2954 servistortiS,
2282 2864 2337 2935 si
2354 2884 2587 2936 tamen
2608 2888 2790 2962 quae-

704 2976 782 3048 sti
792 2978 910 3049 oni
933 2978 1430 3077 superfuerint,
1453 2978 1833 3052 vivendum
1855 2977 1978 3051 sit?
2006 2978 2352 3066 siminus,
2381 2976 2542 3064 soli,
2565 2974 2789 3074 qualis

705 3091 778 3164 in
806 3092 1043 3166 exsilio
1067 3094 1195 3184 fui,
1229 3095 1479 3193 qualis,
1507 3122 1731 3194 quum
1763 3116 2139 3192 tyrannum
2169 3090 2528 3191 fugerem?
2561 3094 2708 3189 Ego
2731 3090 2793 3163 si

707 3207 1097 3282 calumnior
1116 3210 1426 3283 amicum
1444 3238 1687 3292 meum
1703 3267 1723 3299 ,
1745 3211 2127 3309 graviorem
2149 3235 2425 3308 poenam
2448 3196 2624 3280 ferre
2645 3233 2791 3279 non

707 3349 1034 3422 possum:
1081 3324 1296 3424 perdo
1331 3325 1676 3425 quidquid
1716 3345 1919 3424 peto:
1965 3346 2032 3398 et
2066 3351 2280 3423 quam
2309 3350 2590 3396 causam
2621 3309 2792 3395 iras-

709 3436 912 3508 cendi
937 3436 1062 3509 tibi
1092 3438 1354 3511 habui?
1377 3439 1547 3539 quid
1570 3459 1843 3511 tantum
1875 3438 2284 3511 malefecisti
2315 3438 2526 3528 mihi,
2560 3457 2638 3509 ut
2665 3461 2791 3533 ego

709 3576 853 3622 non
879 3549 1012 3621 sim
1044 3554 1402 3625 tormentis
1430 3554 1625 3626 istius
1650 3551 2053 3627 contentus?
2075 3552 2229 3624 Scio
2258 3552 2393 3626 dici
2424 3550 2647 3623 simile
2674 3547 2793 3620 ali-

711 3663 878 3764 quid
906 3664 1116 3737 etiam
1142 3693 1219 3739 ex
1243 3688 1432 3766 parte
1458 3668 1756 3740 diversa:
1785 3691 1996 3766 quem
2022 3666 2155 3738 sibi
2185 3694 2393 3739 usum
2420 3667 2565 3736 fore
2589 3690 2793 3762 pecu-

713 3780 846 3853 niae
877 3778 1099 3855 dicet?
1120 3783 1300 3856 Ante
1328 3785 1568 3857 omnia
1592 3784 1724 3858 hoc
1753 3780 2083 3855 dissimile
2112 3803 2251 3855 est:
2289 3779 2476 3879 quod
2505 3779 2796 3880 pauperi

789 3967 832 4004 ι.
870 3954 939 4004 In
977 3951 1075 4006 hoc
1111 3956 1339 4009 nomine.
1376 3955 1563 4008 Servos
1598 3954 1712 4007 scil.
1795 3952 2252 4006 nost.ed.:«Fama
2268 3967 2484 4021 quoque
2499 3961 2578 4002 est
2593 3948 2789 4002 oneria

715 4027 915 4101 alioqui
954 4034 1402 4100 manumisissem,
1445 4045 1500 4084 et
1538 4032 1715 4085 liberti
1866 4032 1916 4083 3.
1942 4031 2001 4083 Si
2030 4030 2247 4102 effodit,
2278 4028 2321 4081 si
2348 4026 2629 4081 abscondit.
2653 4026 2797 4080 seri-

717 4104 1032 4160 dicerentur.
1792 4109 1954 4164 bend.
1974 4112 2018 4165 si
2035 4110 2260 4181 defodit.-
2279 4123 2334 4161 et
2352 4100 2501 4173 mo‘x,
2521 4126 2588 4160 ne
2604 4126 2637 4158 a
2655 4106 2798 4157 dam·

789 4200 836 4235 2.
868 4186 1063 4240 onerat
1085 4191 1243 4242 etiam
1260 4189 1437 4260 fama.
1462 4188 1714 4255 Ovidius,
1796 4202 1919 4242 nato
1942 4190 2165 4262 quidem.
2192 4190 2428 4242 (ἢκουον.
2454 4187 2512 4240 si
2533 4184 2726 4257 effodi,
2752 4183 2796 4236 si

718 4263 815 4334 Ep.
839 4263 1010 4330 xvii,
1034 4285 1082 4317 v.
1112 4267 1227 4335 167,
1248 4264 1349 4318 vol.
1372 4268 1422 4328 1,
1441 4285 1564 4339 pag.
1591 4267 1698 4321 320
1795 4267 2062 4336 abscondi,
2086 4269 2265 4321 AEuon.
2675 4277 2676 4284 ’
