3200 5117
731 554 852 622 186

1223 555 1316 618 M.
1364 554 1617 619 FABII
1659 553 2301 636 QUINTILIANI
2365 573 2372 588 ·

1515 1019 2013 1098 CCXCVI.

1554 1249 1780 1323 Exsul
1806 1265 1969 1323 tace.

726 1455 1010 1515 Exsuum
1051 1474 1237 1514 m'rni
1270 1473 1443 1514 rmsss
1474 1472 1920 1514 permansum
1965 1474 2178 1513 nonu
2213 1472 2529 1516 nectum.
2567 1452 2811 1536 Impru-

802 1549 1002 1610 dentis
1031 1549 1210 1609 caedis
1238 1547 1564 1609 damnatus
1593 1569 1666 1608 ex
1698 1548 1831 1630 lege
1863 1552 1931 1609 in
1963 1549 2246 1610 exsilium
2273 1563 2290 1593 ¹
2310 1551 2812 1632 quinquennium

806 1649 1025 1706 missus
1052 1661 1158 1707 est.
1193 1647 1359 1707 Intra
1394 1645 1546 1706 fines
1570 1668 1607 1706 a
1629 1647 1819 1706 fratre
1848 1645 1928 1706 ad
1955 1668 2198 1707 coenam
2220 1663 2507 1723 vocatus»,
2538 1667 2678 1707 cum
2706 1666 2813 1727 pa-

804 1744 995 1803 rasito
1028 1741 1232 1802 fratris
1263 1741 1474 1818 litem,
1502 1742 1692 1802 fratre
1718 1742 1853 1822 jam
1886 1742 2265 1818 dormiente,
2300 1745 2643 1818 conseruit3
2677 1756 2738 1801 et
2774 1761 2813 1800 a

804 1842 1071 1924 parasito
1104 1840 1441 1917 clamante,
1478 1840 1663 1900 Exsul
1695 1855 1862 1915 tace,
1890 1861 1961 1900 ex
1989 1839 2123 1922 lege
2150 1840 2504 1902 interfectus
2530 1853 2654 1899 est:
2685 1859 2810 1920 quo

805 1953 1123 2022 comperto
1147 1941 1487 2022 parasitum
1516 1939 1746 2020 abjecit
1767 1938 2148 2002 adolescens:
2175 1962 2212 2004 a
2238 1951 2411 2022 patre
2432 1938 2773 2001 abdicatur.

1421 2129 2112 2200 DECLAMATIO.

827 2283 1225 2384 Objicimus
1251 2285 1668 2359 adolescenti
1696 2308 1860 2360 ante
1894 2288 2175 2380 omnia,
2209 2288 2401 2387 quod
2436 2285 2817 2386 parasitum

731 2399 1120 2472 habuerim.
1150 2400 1591 2475 Abdicationi
1634 2402 1766 2474 hoc
1803 2404 1964 2475 satis
2003 2424 2181 2492 erat,
2219 2426 2296 2475 ut
2333 2403 2389 2473 si
2417 2401 2591 2501 quid
2626 2420 2822 2500 pater

732 2515 988 2605 nollet,
1025 2544 1395 2613 nunquam
1424 2517 1782 2608 emendet;
1820 2546 2029 2615 quare
2049 2520 2229 2593 nihil
2257 2540 2387 2610 est,
2424 2515 2609 2615 quod
2633 2515 2819 2587 dicas

732 2629 947 2719 mihi,
983 2656 1351 2729 nunquam
1381 2631 1566 2704 istud
1593 2632 1946 2733 objecisti:
1977 2636 2147 2733 quid
2175 2635 2367 2708 enim
2390 2633 2522 2704 hoc
2550 2627 2817 2727 colligis

810 2838 829 2871 ι
843 2861 854 2871 .
866 2822 934 2871 In
948 2820 1181 2873 exsilium
1193 2824 1611 2895 quinquennium
1621 2825 1737 2877 mis-

732 2921 816 2954 sus
853 2914 939 2954 est.
988 2902 1070 2954 Sic
1113 2917 1312 2958 veteres
1355 2903 1736 2975 loquebantur,

741 2979 868 3032 Usus
889 2979 1164 3032 auctoritas
1173 2980 1344 3050 fundi
1368 2984 1635 3034 biennium
1660 3002 1737 3037 es-

735 3069 786 3110 to
799 3098 817 3125 ,
862 3072 920 3110 ut
960 3077 1070 3110 non
1109 3061 1174 3111 sit
1212 3079 1329 3111 meo
1361 3058 1565 3131 judicio
1587 3099 1604 3127 ‚
1641 3080 1738 3112 cur

734 3138 977 3190 nonnulli
1014 3137 1116 3191 hoc
1152 3159 1317 3212 genus
1350 3139 1593 3207 dicendi,
1631 3155 1739 3193 tam

733 3219 964 3272 insolens
991 3235 1150 3292 atque
1176 3222 1332 3273 etiam
1361 3224 1599 3295 ineptum
1630 3224 1740 3276 exi-

736 3300 961 3352 stiment.
984 3304 1120 3354 Nam
1140 3317 1342 3355 certum
1363 3319 1462 3371 est,
1484 3303 1740 3376 pleraque

734 3378 1042 3452 hujusmodi
1064 3386 1255 3456 scripta
1282 3385 1444 3437 fuisse
1467 3388 1523 3437 in
1548 3386 1649 3438 ΧΠ
1666 3398 1741 3437 ta·

736 3461 905 3526 bulis,
930 3482 1044 3535 quae
1060 3467 1171 3534 jam
1195 3465 1466 3518 Ciceronis
1489 3466 1743 3536 tempori-

736 3539 838 3592 bus
874 3559 985 3592 non
1020 3541 1390 3613 capiebantur:
1427 3557 1587 3614 atque
1616 3546 1743 3596 item

739 3615 869 3683 alia,
886 3637 998 3690 quae
1013 3621 1066 3671 in
1083 3619 1241 3671 aliam
1254 3619 1465 3673 dicendi
1480 3622 1742 3673 rationem

737 3698 1005 3766 abierant,
1043 3699 1238 3772 quibus
1279 3714 1454 3754 tamen
1493 3716 1602 3754 tum
1637 3703 1743 3754 uti-

738 3802 872 3846 mur,
900 3784 1049 3853 quasi
1078 3783 1254 3854 legum
1282 3783 1502 3836 vocibus
1535 3796 1741 3835 utentes

737 3866 1025 3935 majestatis
1063 3877 1114 3915 et
1151 3868 1423 3917 vetustatis
1465 3862 1741 3936 cujusdam

737 3947 928 4014 gratia,
955 3964 1116 4017 quum
1142 3946 1195 3996 in
1220 3946 1396 4016 legum
1420 3945 1745 3998 mentionem

739 4026 1030 4078 incidimus.
1068 4027 1236 4095 Magis
1272 4027 1430 4096 igitur
1465 4023 1569 4076 hoc
1607 4026 1745 4094 pris-

741 4125 889 4171 cum,
909 4127 1067 4178 quam
1094 4111 1331 4180 ineptum
1357 4107 1459 4159 dici
1485 4110 1743 4178 oportuit.

742 4186 1075 4256 Quamquam
1100 4206 1198 4239 nec
1222 4187 1567 4256 congruitatis
1593 4186 1748 4237 ratio-

745 4280 812 4314 ne
826 4278 994 4316 caret:
1018 4267 1147 4334 regit
1163 4268 1302 4317 enim
1317 4263 1595 4316 auctoritas
1609 4262 1745 4316 duos

1814 2828 2064 2900 gignendi
2100 2848 2286 2895 casus,
2318 2844 2544 2900 quorum
2579 2823 2710 2876 alter
2746 2822 2816 2874 ab

1817 2907 1982 2962 altero
2003 2910 2218 2979 regitur.
2246 2909 2482 2969 Boetius,
2495 2905 2571 2956 Ita
2587 2918 2818 2973 namque

1817 2991 1888 3041 ait
1902 3028 1918 3056 ‚
1933 2990 2255 3061 utquoniam
2269 3005 2386 3040 usus
2404 2980 2823 3051 auctor-imfutu-

1819 3068 1874 3119 di
1904 3067 2168 3119 biennium
2198 3077 2302 3119 est.-
2336 3068 2402 3119 sit
2427 3065 2586 3116 etiam
2613 3060 2816 3114 oedium.

1819 3150 1917 3199 Hic
1936 3146 2126 3202 aedium
2151 3164 2278 3198 usus
2304 3146 2672 3199 auctoritatem
2694 3139 2824 3192 dixit

1821 3246 1885 3280 eo
1909 3226 2069 3278 modo
2085 3264 2102 3292 ,
2128 3245 2236 3298 quo
2261 3225 2413 3278 fundi
2435 3241 2563 3278 usus
2587 3222 2821 3274 auctori-

1820 3319 1998 3358 tatem.
2026 3307 2170 3375 Quin
2198 3306 2354 3357 etiam
2384 3304 2623 3356 existimo
2640 3341 2658 3369 ,
2678 3311 2825 3353 vete-

1821 3403 1905 3437 res
1923 3388 2209 3455 conjuncto
2228 3384 2389 3437 verbo
2413 3383 2823 3455 pronunciasse,

1824 3466 2215 3518 ususauctoritas
2226 3485 2241 3513 .-
2258 3466 2393 3517 sicut
2409 3460 2697 3532 ususcapio,
2710 3458 2829 3532 pig-

1822 3543 2110 3615 neriscapio
2125 3581 2144 3608 ,
2185 3541 2612 3615 capitisminutio.
2651 3538 2823 3606 Hujus

1824 3620 1988 3673 exsilii
2012 3622 2250 3672 meminit
2272 3621 2482 3692 Ulpian.
2507 3615 2542 3668 l.
2570 3616 2629 3682 4,
2659 3615 2724 3666 ff.
2751 3612 2823 3664 de

1824 3703 2050 3756 Sicariis.
2095 3702 2271 3756 AEnon.
2301 3731 2372 3743 «-
2410 3700 2460 3752 Α
2491 3708 2644 3772 patre
2677 3694 2828 3752 abdi-

1823 3792 1985 3835 catur.
2013 3779 2212 3834 Schult.
2241 3780 2346 3854 ipse
2366 3798 2400 3829 a
2420 3787 2574 3848 patre
2595 3774 2716 3827 abd.

1896 3879 1942 3912 2.
1970 3860 2121 3929 Quod
2132 3858 2419 3932 parasitum
2443 3854 2695 3910 habuerit.
2711 3852 2828 3906 Plu·

1823 3937 1992 3991 tarch.
2016 3937 2126 4008 περὶ
2148 3933 2337 3988 aad&
2363 3935 2556 4001 aym-‚1333
2576 3956 2589 3984 t
2620 3955 2642 3978 ιι
2662 3926 2823 3996 Οἷμὶι

1831 4043 1853 4066 α
1872 4017 1968 4085 γὰρ
2000 4018 2154 4071 αὐτό,
2181 4006 2387 4072 nina-nac
2419 4012 2498 4065 nai
2529 4011 2823 4081 «παρασίτους

1830 4123 1852 4146 «ι
1875 4096 2278 4165 αἰηλαιμζιίνουση
2317 4093 2581 4165 ἀνθρόπονς
2621 4088 2824 4154 ἐθίμους

1832 4203 1854 4226 κ
1874 4178 1952 4231 ui
1967 4176 2284 4249 musti-wc,
2305 4172 2476 4229 notiori-'c
2495 4169 2692 4227 niente
2706 4166 2825 4221 «ἰηι-

1831 4284 1852 4306 κ
1871 4259 2069 4330 erponi-u
2089 4258 2167 4310 nai
2190 4258 2442 4324 λνμοὸκς.
2466 4277 2489 4302 ο
2517 4253 2697 4304 AEnon.
