3200 5117
819 541 1652 610 DECLAMATIONES.
1699 545 2000 612 CCCIX.
2323 549 2446 630 245

375 662 779 761 permisceat
809 666 1126 753 fortuna,
1160 691 1384 763 quum
1423 664 1797 764 praesertim
1830 668 2183 739 accesserit
2216 687 2286 742 et
2322 668 2451 740 ob·-

374 778 657 851 scuritas
688 779 942 868 noctis,
976 800 1044 851 et
1081 779 1396 877 paullum
1436 778 1775 852 liberioris
1812 781 2024 852 meri:
2060 782 2217 881 quis
2255 784 2446 855 enim

374 892 575 966 aliter
596 895 867 967 vitiator
889 895 1026 968 est?
1048 896 1438 995 ignorantia
1461 897 1606 967 haec
1637 923 1750 968 me
1770 952 1789 986 ,
1823 916 1892 967 et
1921 897 2102 996 frugi
2138 920 2206 971 et
2237 900 2449 972 inno-

376 1027 645 1080 centem
685 1011 856 1105 (non
890 1031 988 1083 est
1018 1009 1336 1082 dubitare
1361 1010 1511 1111 jam
1536 1011 1664 1107 fas)
1697 1009 2125 1083 fefellerunt:
2160 1012 2253 1084 ita
2275 1014 2452 1086 vixe-

374 1147 526 1222 ram
553 1149 848 1221 semper,
883 1124 971 1195 ita
1004 1123 1338 1196 custodire
1371 1123 1730 1222 probitatis
1764 1149 1933 1195 meae
1966 1125 2321 1222 cupieram
2354 1129 2454 1200 fa-

377 1262 572 1307 mam
589 1294 609 1327 ,
644 1259 722 1310 ut
752 1265 867 1310 me
893 1264 1204 1337 peccasse
1239 1239 1547 1311 mirarer.
1575 1240 1821 1334 Itaque
1845 1240 2195 1328 confiteor,
2222 1261 2453 1313 actum

378 1351 466 1423 de
484 1379 597 1426 me
618 1373 790 1442 erat,
811 1353 964 1424 siin
990 1353 1198 1424 aliam
1224 1352 1662 1425 incidissem:
1691 1378 1894 1442 nam,
1921 1374 1998 1424 ut
2026 1352 2198 1443 dixi,
2228 1380 2454 1453 neque

377 1468 727 1566 adgenua
761 1469 1302 1567 procubueram,
1343 1493 1571 1566 neque
1615 1468 2085 1565 propinquos,
2119 1490 2242 1541 aut
2271 1469 2457 1541 ami-

378 1607 488 1652 cos
521 1580 1010 1653 advocaveram
1038 1608 1053 1652 :
1091 1581 1209 1653 sed
1245 1580 1463 1652 movit
1490 1580 1797 1679 puellam
1824 1582 2053 1680 ipsum
2075 1640 2094 1674 ,
2119 1605 2197 1655 ut
2218 1584 2453 1676 credo,

380 1689 781 1794 ignorantiae
816 1722 985 1767 meae
1014 1695 1439 1793 periculum3
1475 1717 1898 1794 persuaserat
1932 1696 2097 1786 sibi,
2132 1699 2310 1770 nihil
2339 1727 2457 1773 me

377 1812 614 1884 fecisse
641 1811 1014 1884 temerariae
1039 1809 1348 1894 libidinis
1378 1837 1600 1883 causa.
1626 1814 1770 1883 Nec
1801 1838 1915 1883 me
1940 1811 2123 1883 malo
2156 1812 2288 1885 hoc
2308 1815 2459 1885 ani-

381 1951 499 1997 mo
525 1952 834 2024 negasse,
870 1951 950 1996 ex
971 1924 1105 1996 hoc
1127 1950 1454 2023 apparere
1476 1924 1671 1996 vobis
1696 1946 1946 2024 potest:
1972 1928 2251 2025 negavi,
2281 1949 2458 2026 post·

381 2066 595 2138 quam
645 2040 771 2111 ista
813 2041 1092 2140 nuptias
1139 2041 1414 2139 optavit.
1460 2041 1729 2114 Gratias
1773 2067 1902 2141 ago
1948 2063 2018 2115 et
2049 2041 2456 2143 judicibus:

381 2154 924 2226 emendaverunt
950 2154 1401 2227 contumaciae
1426 2179 1596 2225 meae
1632 2154 2128 2228 detrimentum
2155 2184 2172 2227 ε
2214 2157 2460 2229 amise-

381 2294 531 2340 ram
555 2268 796 2368 puellae
817 2271 1094 2368 optimae
1114 2270 1586 2341 conditionem
1603 2270 1696 2360 ,si
1719 2270 2063 2342 vicissem:
2088 2299 2247 2371 ergo
2268 2273 2456 2372 quod

378 2405 721 2482 superest,
756 2384 1205 2483 gratulemur.
1245 2386 1370 2456 Jus
1408 2410 1550 2455 esse
1581 2404 1788 2482 rapta·
1818 2384 2104 2483 optandi
2141 2386 2457 2457 adversus

380 2522 764 2599 raptorem,
809 2501 939 2572 hoc
970 2501 1124 2602 jam
1169 2527 1309 2571 non
1363 2526 1705 2599 negamus
1741 2528 1755 2571 :
1803 2500 1923 2572 sed
1964 2499 2138 2572 illud
2179 2527 2459 2600 quoque

381 2643 573 2716 aeque
603 2618 964 2690 conveniat
991 2643 1264 2689 necesse
1295 2637 1424 2707 est,
1452 2616 1555 2689 bis
1585 2616 1909 2689 adversus
1939 2618 2270 2690 eumdem
2302 2644 2462 2716 rap-

380 2751 593 2803 torem
632 2732 915 2830 optandi
944 2733 1100 2803 'non
1135 2757 1273 2804 esse
1299 2730 1462 2832 jus:
1502 2751 1570 2802 et
1598 2731 1654 2803 si
1687 2730 1820 2804 hoc
1852 2731 1926 2802 in
1963 2734 2273 2804 confesso
2310 2732 2468 2803 fue-

383 2844 502 2933 rit,
539 2844 712 2918 illud
741 2873 1020 2946 quoque
1053 2867 1452 2936 teneamus,
1488 2867 1759 2944 optasse
1784 2846 1933 2945 jam
1973 2846 2303 2946 puellam.

1240 3051 1598 3117 SERMO.

476 3207 633 3271 Haec
664 3225 843 3290 sunt,
869 3232 1019 3300 quae
1048 3209 1223 3274 inter
1248 3223 1597 3296 utramque
1623 3223 1878 3295 partem
1907 3208 2274 3274 necessario
2303 3231 2460 3277 con·

384 3331 674 3381 veniunt.

1067 3457 1765 3526 DECLAMATIO.

475 3614 701 3712 Negat
733 3612 1029 3713 optionis
1061 3614 1413 3712 expletum
1448 3637 1586 3682 esse
1611 3609 1730 3710 jus
1755 3622 1804 3700 ¹,
1847 3607 2036 3708 quo‘d
2076 3630 2234 3681 ante
2267 3630 2465 3707 opta-

382 3761 607 3831 primere
642 3775 820 3815 autem
852 3763 1021 3815 voluit
1050 3763 1141 3816 illa
1171 3765 1381 3816 Terent.
1465 3758 1610 3831 apud
1623 3757 2187 3830 Senecam,optionem
2199 3774 2317 3807 eam
2331 3773 2465 3821 esse,

384 3836 533 3891 Adel.
564 3842 657 3907 111,
686 3841 746 3907 5,
768 3841 873 3908 24:
911 3865 934 3890 ι
961 3844 1222 3894 Persuasit
1248 3859 1383 3906 nox,
1465 3856 1581 3909 quae
1614 3837 1843 3907 legitime
1879 3837 2021 3886 facta
2059 3837 2153 3886 sit:
2189 3833 2330 3885 hanc
2367 3851 2468 3885 nec

387 3941 412 3965 ι
431 3937 599 3987 amor,
613 3922 819 3986 vinnm3
841 3947 864 3971 ι
885 3936 939 3975 et
960 3922 1113 3976 ovid.
1129 3922 1309 3973 Amor.
1328 3923 1384 3987 1,
1464 3917 1719 3988 legitime,
1740 3933 1836 3967 nec
1855 3918 1973 3986 jure
1997 3914 2190 3964 factam
2206 3935 2221 3962 ι
2246 3914 2371 3984 qnia
2393 3912 2467 3966 le-

387 3996 496 4061 ·6‚
532 3995 634 4068 59:
668 4001 789 4053 Nox
821 4014 874 4053 et
906 4019 1073 4066 amor,
1099 4001 1384 4069 vinumque
1462 4013 1581 4065 gem
1615 3991 1837 4065 optandi
1875 3990 2072 4043 habere
2108 4008 2218 4041 non
2253 4003 2466 4061 potest,

383 4074 558 4128 «nihil
579 4076 1382 4131 moderabilesusdent.»nuu.
1466 4078 1596 4149 quin
1637 4078 1784 4147 prius
1822 4072 2161 4126 confitentem
2201 4083 2466 4143 raptorem

458 4171 503 4206 1.
529 4157 705 4231 Neqat
740 4158 971 4232 optionis
993 4155 1254 4229 expletum
1286 4173 1387 4208 esse
1462 4153 1689 4206 habeat:
1730 4166 1784 4205 at
1823 4151 1911 4205 hic
1947 4149 2286 4223 pernegabat.
2327 4151 2464 4223 Ergo

368 4234 477 4302 jue·
505 4236 623 4289 Hoc
654 4250 737 4290 est
763 4235 910 4308 quod
940 4237 1141 4288 Fuscus
1174 4233 1387 4288 dicebat
1465 4234 1803 4307 repetendam
1829 4234 2128 4306 optionem,
2150 4233 2300 4303 quasi
2322 4233 2470 4305 prior
