3200 5117
793 521 1633 591 DECLAMATIONES.
1679 524 2058 615 Qchlx.
2350 547 2472 615 109

379 649 676 749 alioqui,
720 669 787 719 et
821 648 1124 720 duorum
1168 644 1548 742 liberorum
1585 645 1797 744 patri,
1835 674 1985 743 quae
2021 672 2127 720 res
2160 647 2473 719 acerbio-

381 792 526 836 rem
558 783 1041 865 paupertatem
1068 761 1265 851 facit‚·
1288 781 1523 832 tamen
1550 780 1805 832 secreta
1828 762 2122 859 pecunia
2152 783 2219 834 et
2241 762 2477 835 abdita

350 880 586 952 ‘affert
616 878 1053 950 securitatem
1085 903 1099 947 ε
1144 902 1312 947 nam
1348 896 1427 947 ut
1458 874 1913 974 possessiones
1951 901 2094 947 non
2128 903 2365 975 pareS,
2398 895 2478 953 ut

380 993 726 1066 familiam
762 1020 906 1064 non
939 1017 1164 1080 emaS,
1198 1018 1343 1062 non
1379 989 1633 1062 laxiore
1664 989 1931 1061 habites
1966 988 2216 1079 domo,
2240 991 2478 1062 adver-

383 1137 500 1184 sus
527 1112 879 1182 fortunam
912 1130 1149 1181 tamen
1180 1128 1366 1179 tutus
1396 1133 1502 1179 es:
1535 1106 1663 1178 tibi
1694 1105 1994 1204 pecunia
2019 1107 2151 1178 hoc
2176 1130 2474 1206 praestat,

384 1246 467 1297 ut
490 1225 579 1296 sis
608 1251 873 1324 pauper
902 1248 1184 1295 securus
1215 1249 1228 1292 :
1264 1220 1484 1321 adjice
1508 1217 1687 1291 illud
1715 1219 1907 1317 quod
1937 1239 2011 1290 tu
2042 1220 2127 1292 de
2156 1220 2479 1319 longiori·

382 1340 520 1415 hus
546 1340 975 1442 temporibus
1004 1338 1257 1437 cogitas
1285 1366 1299 1408 :
1337 1339 1408 1408 in
1440 1361 1761 1424 summa,
1796 1336 1851 1407 si
1871 1335 2098 1436 uvincis
2118 1394 2137 1428 ‚
2168 1338 2479 1437 aliquam

384 1476 623 1528 tamen
663 1476 852 1553 potes
889 1474 1193 1554 spectare
1234 1452 1598 1524 rationem.
1637 1451 1784 1548 Ego
1816 1478 1938 1522 cur
1969 1450 2276 1551 litigem,
2310 1453 2485 1550 quid

389 1569 535 1642 est?
585 1591 663 1643 ut
689 1568 954 1669 aliquid
987 1565 1350 1640 auferam?
1379 1563 1550 1663 quid
1580 1564 1834 1656 habes,
1870 1564 2006 1637 nisi
2041 1566 2483 1666 depositum?

380 1685 538 1783 Ego
566 1711 678 1756 me
697 1743 716 1777 ,
738 1682 1013 1785 judices
1031 1741 1051 1774 ‚
1078 1683 1261 1754 hanc
1289 1680 1662 1779 pecuniam
1694 1679 2071 1778 per-didisse
2093 1682 2272 1754 scio:
2310 1709 2479 1756 nam

385 1817 474 1868 ut
497 1796 910 1887 damnetis¹‚
956 1823 1095 1893 quo
1141 1821 1394 1867 manus
1436 1793 1757 1866 mittam?
1797 1797 2254 1896 perseverabit
2285 1799 2478 1870 enim

384 1913 467 1984 in
488 1912 618 1985 ista
642 1911 1089 1983 simulatione
1113 1909 1325 1981 homo
1343 1965 1363 1998 .,
1388 1936 1600 2008 quem
1628 1936 1755 1981 nec
1781 1930 2130 2008 tormenta
2146 1912 2477 1986 vicerunt.

387 2026 652 2099 Omnis
683 2025 816 2096 litis
852 2024 1064 2126 hujus
1104 2051 1307 2095 causa
1346 2022 1523 2094 mihi
1558 2024 1633 2095 in
1661 2024 1792 2096 hoc
1819 2047 1952 2114 est,
1998 2047 2076 2097 ut
2108 2025 2478 2116 defendam

381 2139 738 2240 pudorem
768 2164 1048 2210 meum:
1087 2159 1162 2211 tu
1189 2159 1425 2209 tamen
1460 2138 1691 2209 inveni
1713 2195 1731 2227 ,
1763 2138 1881 2210 ubi
1911 2139 2332 2238 perdiderim
2365 2169 2481 2213 ne-

383 2252 567 2327 scis?
598 2279 824 2350 quaere
855 2281 868 2323 ε
907 2251 980 2323 hi
1013 2253 1184 2324 servi
1208 2251 1258 2324 a
1290 2280 1402 2324 me
1442 2279 1587 2324 non
1627 2274 2086 2344 recesserunt,
2121 2253 2196 2325 hi
2226 2255 2482 2327 conscii

386 2389 557 2441 sunt
585 2368 909 2439 omniurn
940 2395 953 2438 :
993 2367 1066 2438 hi
1094 2365 1272 2438 mihi
1296 2365 1487 2438 irasci
1513 2388 1836 2464 possunt,
1872 2368 1927 2438 si
1951 2369 2311 2439 tormentis
2336 2369 2483 2440 sine

391 2508 598 2554 causa
641 2483 1053 2553 offeruntur.
1104 2483 1263 2552 Non
1314 2500 1412 2553 est
1456 2501 1693 2553 tamen
1737 2507 2056 2580 aequum,
2101 2482 2485 2580 comparari

393 2597 607 2669 fidem
663 2617 1173 2670 tormentorum
1214 2624 1228 2666 :
1286 2623 1367 2667 ex
1409 2594 1624 2667 altera
1670 2617 1864 2694 parte
1911 2597 2144 2688 liberi,
2193 2597 2485 2697 ingenui

393 2713 549 2784 torti
582 2733 779 2802 sunt,
815 2739 895 2783 ex
924 2711 1136 2783 altera
1169 2730 1357 2809 parte
1387 2711 1560 2782 servi
1590 2738 1607 2781 τ
1645 2738 1788 2782 non
1825 2711 1990 2782 facit
2027 2711 2151 2784 ista
2192 2738 2296 2784 res
2330 2738 2487 2811 per—

395 2828 761 2917 tinaciam,
809 2826 929 2899 sed
982 2854 1183 2899 causa
1230 2824 1639 2898 mentiendi.
1688 2829 1837 2926 Ego
1886 2827 2242 2925 quomodo
2291 2827 2481 2917 dicO,

395 2943 830 3040 perseverasti
848 2939 877 3033 ,²
922 2963 1003 3014 ut
1054 2941 1424 3040 pecuniam
1474 2942 1908 3015 lucrifaceres
1947 2971 1962 3013 :
2008 2942 2323 3042 spectasti
2375 2969 2484 3013 se-

398 3058 678 3154 quentia
700 3043 1048 3157 tempora,
1073 3057 1385 3156 spectasti
1417 3057 1719 3130 lucrum.
1748 3059 1859 3130 Sic
1882 3078 1954 3129 tu
1982 3057 2125 3147 dic,
2148 3057 2321 3129 servi
2347 3057 2488 3128 mei

404 3170 570 3267 quid
598 3172 961 3271 spectaturi
986 3169 1190 3242 sunt?
1212 3170 1383 3270 quid
1413 3197 1492 3241 ex
1521 3169 1654 3242 hoc
1681 3169 2235 3270 consequentur?
2262 3173 2348 3241 Et
2370 3195 2486 3241 vos

404 3284 686 3381 quidem
730 3310 1104 3386 tyrannus,
1155 3307 1231 3358 ut
1274 3286 1674 3385 parcissime
1721 3285 1996 3385 loquar,
2047 3284 2361 3357 dimisit:
2411 3307 2487 3359 tu

400 3397 687 3471 arbitrio
715 3422 832 3475 tuo
859 3424 1141 3500 torque:
1176 3400 1517 3500 quidquid
1546 3428 1784 3500 passus
1809 3427 1918 3489 eS,
1948 3399 2289 3499 quidquid
2319 3401 2487 3502 adji-

399 3540 553 3586 cere
607 3514 1034 3589 inveniendae
1079 3516 1377 3589 veritatis
1428 3517 1646 3613 gratia
1692 3535 1920 3614 potes,
1970 3514 2262 3605 adhibe,
2311 3517 2485 3586 dum

398 3630 681 3730 spiritus
717 3633 880 3724 erit,
916 3632 1087 3705 dum
1123 3632 1316 3733 loqui
1355 3651 1700 3732 poterunt.
1733 3630 2020 3721 Quaere,
2055 3659 2144 3704 an
2180 3650 2436 3727 negent
2469 3658 2483 3698 ς

400 3767 471 3816 et
495 3747 548 3817 si
576 3749 1190 3845 perseveraverint,
1219 3748 1398 3820 aude
1429 3747 1653 3820 dicere
1672 3803 1691 3837 ‚
1726 3745 2049 3819 homines
2081 3745 2155 3817 in
2186 3765 2490 3816 tormen·-

400 3858 484 3931 tis
520 3861 774 3934 solere²
808 3863 1115 3935 mentiri.

477 4011 523 4045 1.
553 3995 695 4047 Nam
727 4007 790 4049 ut
818 3998 1088 4051 damnetis.
1118 3995 1227 4048 Etsi
1259 3993 1409 4047 dam·
1562 4012 1611 4047 π.
1635 3995 1789 4047 Ande
1816 3993 2014 4061 dicem,
2050 3991 2280 4045 homines
2302 3992 2357 4042 in
2389 4002 2492 4042 tor-

395 4083 556 4125 natus
590 4076 722 4142 erit,
755 4095 861 4148 quo
896 4078 1130 4148 injiciam
1160 4091 1409 4141 manum,
1486 4076 1673 4128 mentis
1707 4074 1882 4128 solere-
1907 4074 2133 4126 mentiri.
2172 4074 2308 4124 Nam
2350 4074 2395 4125 si
2434 4071 2492 4124 id

397 4150 491 4204 uhi
508 4154 795 4223 pecuniam
812 4157 1102 4225 reperiam,
1125 4169 1284 4225 quam
1301 4155 1412 4206 vin·
1489 4173 1648 4208 ausus
1668 4156 1734 4206 sit
1755 4153 1928 4206 dicere
1950 4152 2199 4205 adversus
2219 4170 2392 4205 servos
2417 4151 2493 4203 di-

398 4230 570 4287 dicem
580 4233 605 4283 ⁰?
1490 4235 1607 4286 vitis
1625 4256 1637 4284 ε
1658 4250 1783 4300 ecce
1801 4232 1943 4287 idom
1957 4233 2181 4306 pauperi
2195 4230 2490 4303 objicieturt
