3200 5117
759 549 1592 618 DECLAMATIONES.
1640 551 2079 620 CCCXXVI.
2325 555 2462 664 325·

385 675 693 748 trimenti
726 674 1294 772 eivitasaccepit:
1344 674 1401 745 si
1439 674 1572 747 hoc
1608 674 2048 750 defenderem
2083 651 2455 754 infirmita-

380 791 787 862 tem-animi
832 790 974 863 mei
994 845 1026 877 ‚.
1054 790 1213 862 satis
1255 789 1674 863 defensionis
1718 811 1925 881 esset,
1966 819 2107 865 non
2149 796 2304 867 odio
2340 823 2452 869 me

383 905 664 977 civitatis
694 905 955 977 fecisse.
992 904 1249 977 Filium
1278 931 1520 976 meum
1549 905 2067 978 immolandum
2099 936 2238 982 esse
2272 911 2461 984 dixe-

382 1040 485 1092 rat
530 1019 734 1092 deus:
778 1039 1018 1118 putate
1064 1019 1281 1117 egisse
1324 1046 1478 1110 me,
1527 1047 1616 1092 ne
1656 1019 2167 1094 immolaretur:
2210 1024 2459 1099 hostias

382 1135 589 1208 eaedi¹
637 1133 1125 1207 mirabamini?
1166 1133 1379 1231 quid?
1416 1161 1532 1206 vos
1574 1161 1720 1205 non
1757 1135 2137 1208 maluistis?
2167 1140 2461 1212 Exorare

381 1277 572 1349 posse
598 1237 1255 1322 solemnibus‘sacris
1288 1248 1851 1320 existimabamus
1877 1249 2076 1321 deos:
2111 1251 2322 1348 quid?
2347 1280 2463 1325 vos

381 1365 525 1439 haec
575 1364 886 1437 remedia
930 1389 1074 1435 non
1126 1360 1483 1433 tentastis?
1531 1364 1785 1435 Secum
1837 1364 2131 1463 quisque
2177 1367 2461 1466 cogitet,

383 1499 727 1578 quantum
756 1477 933 1550 mihi
963 1476 1367 1575 impositum
1398 1502 1599 1568 onuS,
1629 1477 1856 1575 qualis
1890 1498 2115 1550 exacta
2141 1506 2307 1554 vox:
2345 1481 2465 1553 sed

379 1621 470 1667 ne
499 1594 831 1666 mentitus
861 1591 1145 1690 quidem
1175 1616 1372 1680 sum;
1401 1615 1589 1662 sacra
1617 1591 1795 1690 exigi
1829 1618 1869 1663 a
1896 1592 2027 1665 diis
2057 1593 2466 1667 immortali-

380 1710 513 1781 bus
564 1707 745 1780 dixi:
799 1732 942 1778 non
996 1731 1184 1778 sacra
1236 1703 1733 1802 exigebantur?
1776 1733 1921 1778 non
1964 1707 2167 1779 sacris
2212 1709 2464 1808 placati

384 1823 581 1896 sunt?
608 1822 872 1920 alioqui
892 1821 1071 1893 nihil
1092 1848 1206 1894 me
1232 1821 1468 1893 fecisse
1493 1821 1940 1922 surripiendae
1962 1823 2193 1895 hostiae
2217 1826 2469 1922 gratia,

387 1937 496 2008 cui
525 1964 668 2009 non
696 1936 1150 2007 manifestum
1178 1935 1324 2008 est?
1356 1934 1656 2012 indicavi
1697 1936 1844 2008 filio
1884 1938 2174 2008 maximi
2218 1939 2463 2011 animi.

385 2055 566 2151 Ergo
590 2079 680 2125 ne
709 2051 840 2123 hac
867 2051 1156 2151 qui‘dem
1184 2052 1386 2123 venia
1416 2051 1670 2150 dignus
1698 2073 1797 2125 est
1820 2074 2041 2152 pater,
2076 2053 2133 2124 si
2157 2053 2291 2126 hoc
2324 2053 2468 2126 filio

386 2167 603 2240 voluit
641 2166 914 2257 deberi,
949 2167 1138 2265 quod
1181 2166 1650 2239 moriebatur?
1678 2169 1864 2268 quod
1902 2168 2192 2267 quidem
2238 2195 2468 2268 neque

389 2281 657 2354 consilii
699 2281 881 2372 mei,
930 2307 1158 2381 neque
1205 2281 1591 2353 voluntatis
1633 2283 1939 2382 primum
1988 2282 2139 2353 fuit.
2198 2282 2470 2360 Credite

389 2424 549 2470 eum
564 2454 583 2486 ‚
605 2398 724 2496 qui
741 2397 1003 2496 legatus
1024 2398 1268 2470 missus
1289 2397 1406 2489 sit,
1427 2398 1676 2471 credite
1697 2426 1859 2471 eum
1874 2454 1893 2488 ,
1916 2398 2037 2502 qui
2062 2425 2468 2500 responsum

390 2512 763 2611 acceperit,
806 2511 1348 2603 renunciaverit,
1391 2513 1570 2585 nihil
1614 2513 1851 2586 animo
1892 2539 2059 2602 suo,
2094 2511 2269 2584 nihil
2311 2541 2475 2615 pro-

385 2627 534 2726 pria
556 2648 788 2700 mente
810 2627 1079 2700 fecisse:
1106 2628 1237 2699 hoc
1256 2629 1558 2726 profecto
1579 2629 2015 2729 quaerebatur
2037 2628 2433 2729 exemplum
2448 2687 2467 2719 ‚

390 2763 465 2813 ut
500 2764 885 2815 narraretur
918 2743 1231 2844 juveni²‚
1267 2745 1387 2842 qui
1424 2772 1548 2843 pro
1592 2745 1948 2844 republica
1989 2765 2285 2817 mortem
2329 2772 2474 2817 non

391 2857 751 2945 recusavit,
786 2857 908 2955 qui
938 2857 1013 2927 in
1039 2878 1412 2954 conspectu
1434 2859 1704 2933 civium
1739 2859 2114 2932 visceribus
2152 2859 2292 2930 suis
2332 2860 2472 2930 fer-

395 2996 548 3041 rum
577 2971 938 3052 im'mersit.
971 2974 1129 3043 Non
1169 2973 1470 3071 potuisse
1508 2974 1709 3048 aliter
1747 2976 1929 3046 finiri
1967 2975 2468 3075 pestilentiam,

394 3085 743 3182 quomodo
761 3085 964 3158 vultis
983 3087 1405 3184 approbem?
1425 3088 1520 3160 sic
1541 3089 1743 3160 finita
1768 3109 1898 3160 est:
1926 3115 2071 3160 non
2097 3089 2287 3161 enim
2312 3116 2475 3187 pro-

389 3200 567 3271 fecto
610 3199 708 3271 dii
749 3199 1169 3272 immortales
1205 3227 1479 3298 poenam
1512 3202 1882 3299 petebant,
1920 3227 2050 3273 nec
2086 3202 2161 3270 in
2200 3203 2471 3301 suppli-

396 3400 418 3423 «
438 3377 582 3430 dont.
600 3379 784 3436 »Alios
800 3377 1003 3450 legere,
1017 3377 1100 3431 lex
1114 3378 1245 3432 loesoe
1260 3380 1384 3452 reip.

392 3456 511 3510 huic
524 3459 728 3511 crimim
720 3460 1034 3528 conjuncta,
1047 3472 1194 3510 notat
1205 3457 1384 3511 AErod.

389 3536 558 3588 Ruunt.
582 3567 654 3578 -
678 3538 738 3589 Sa·
763 3537 860 3590 hoc
886 3537 1210 3609 defenderem
1242 3536 1388 3610 infir-

392 3616 644 3668 mitatem.
681 3617 957 3681 AErodius,
996 3619 1095 3672 hic.
1133 3621 1307 3692 Lege.
1344 3623 1389 3673 si

397 3695 494 3746 hoc
522 3698 844 3768 defenderem
881 3698 1185 3772 infirmitate
1219 3700 1393 3753 animi

394 3793 508 3840 me,
541 3794 646 3827 uon
670 3779 787 3830 odio
809 3780 1030 3833 civitatis
1040 3780 1250 3851 fecisse,
1271 3782 1394 3833 satis

394 3853 705 3925 defensionis
731 3867 853 3909 erat.
879 3858 1044 3911 Gnou.
1077 3854 1394 3928 Infit-mirate

393 3933 562 3984 animi
597 3933 729 3996 mei,
759 3953 867 3986 non
897 3935 1018 3989 odio
1053 3954 1139 3986 me
1172 3934 1393 3986 civitatis

384 4012 598 4084 fecisse,
619 4016 738 4068 satis
759 4015 1070 4088 defensionis
1091 4025 1240 4079 esset,
1270 4013 1390 4067 seh.

395 4093 464 4144 At
480 4093 612 4146 Obr.
629 4093 896 4165 vulgatam
915 4108 1109 4157 servat,
1129 4093 1227 4145 nisi
1247 4090 1395 4163 quod

396 4171 701 4246 infirmitate
719 4175 861 4246 legit.

474 4273 518 4308 1.
553 4258 759 4311 Hostias
790 4257 930 4310 coedi.
963 4255 1078 4320 An,
1112 4255 1392 4308 hostiarum

1466 3378 2052 3452 coedesindiquabimini.
2071 3377 2464 3447 Quideos.Scn.

1463 3457 1637 3509 —Alii
1651 3478 1665 3520 ;
1678 3459 1823 3510 Num
1837 3455 2172 3507 verberamini
2180 3458 2468 3510 P—Ext'stt'-

1466 3539 1748 3591 mabamus.
1765 3537 2155 3589 Existimabam.
2169 3537 2385 3590 Senum.
2396 3567 2468 3577 --

1464 3624 1591 3675 Νοη
1609 3637 1769 3673 sacra.
1788 3621 1981 3672 Nonne
1997 3637 2138 3672 sacra
2150 3658 2168 3685 ,
2194 3618 2373 3670 AErod.
2396 3647 2469 3657 —

1468 3702 1592 3753 Non
1625 3698 1794 3752 saeris.
1829 3697 1904 3748 Ae
1932 3716 2037 3749 non
2062 3699 2182 3750 satis
2203 3696 2282 3767 pl.
2315 3714 2354 3747 s.
2381 3695 2472 3746 sed

1469 3776 1696 3850 alioqui,
1722 3774 1895 3829 [Erod.

1543 3876 1590 3910 2.
1632 3860 1950 3911 Narrat-etur
1971 3857 2179 3928 juveni.
2222 3852 2434 3904 Juvenis
2450 3890 2468 3918 ‚

1469 3934 1652 3989 AErod.
1682 3934 1880 3988 Schult.
1910 3932 1980 3985 ad
2006 3933 2189 3985 Senec.
2224 3933 2471 3984 Controv-

1470 4015 1563 4067 lib.
1588 4017 1677 4080 lv,
1702 4015 1953 4066 controv.
1987 4013 2085 4078 28,
2109 4028 2230 4082 pag.
2246 4012 2377 4062 283.
2400 4039 2473 4052 --

1471 4097 1673 4168 Maqna
1698 4097 1894 4146 anima.
1930 4096 2113 4146 Horat.
2148 4090 2250 4143 Od.
2283 4094 2339 4154 l,
2376 4109 2470 4158 12,

1474 4175 1539 4243 37
1555 4196 1569 4225 ε
1594 4196 1618 4220 ι
1638 4174 1941 4245 Animaeque
1964 4190 2164 4243 magnae
2187 4169 2473 4242 prodigum

1480 4275 1503 4299 κ
1525 4250 1782 4305 Paullum.
1808 4275 1831 4300 a
