3200 5117
782 570 1617 640 DECLAMATIONES.
1663 573 2005 638 CCLVII.
2355 570 2434 656 57

352 723 560 771 eurus
598 695 728 787 sis,
769 716 995 796 pater:
1031 695 1223 795 petiti
1254 721 1533 786 sumus,
1568 696 1782 795 empti
1813 710 2123 769 sumus¹.
2173 695 2262 767 At
2305 694 2441 765 ini-

355 814 615 903 micus,
650 811 919 910 inquis,
969 811 1119 883 fuit.
1157 810 1340 881 Volo
1382 809 1617 882 adhuc
1662 808 1758 880 sic
1801 810 2028 908 loqui,
2070 831 2437 909 tamquam

354 926 519 999 odia
538 947 834 1023 utraque
857 946 1048 1025 parte
1077 923 1348 996 durent.
1370 928 1531 997 Non
1561 943 1831 1024 oportet
1851 924 2272 998 immortales
2297 951 2440 997 esse

356 1041 799 1116 inimicitias:
843 1061 913 1114 et
951 1041 1048 1113 ita
1091 1039 1378 1113 demum
1418 1060 1651 1111 tutum
1697 1061 2250 1139 perpetuumque
2295 1067 2442 1113 esse
2542 1031 2550 1038 ⁹

354 1159 758 1231 humanum
776 1183 1018 1257 genus,
1033 1157 1090 1230 si
1105 1183 1300 1230 amor
1315 1183 1395 1229 ac
1412 1157 1584 1228 fides
1600 1156 1876 1228 nullam
1893 1156 2268 1229 habuerint
2281 1157 2450 1229 obli-

355 1274 672 1347 vionem:
705 1299 786 1346 ea
804 1297 1037 1345 rursus
1054 1331 1073 1363 ,
1101 1299 1254 1369 quae
1275 1271 1513 1370 aliquo
1539 1270 1990 1343 incommodo
2007 1291 2444 1343 commutan-

358 1409 512 1479 tur,
546 1389 736 1463 brevi
761 1410 985 1461 morte
1009 1387 1351 1460 deficiant.
1387 1386 1522 1460 Sed
1554 1413 1698 1459 non
1722 1406 1821 1458 est
1848 1385 1968 1458 diu
1997 1386 2175 1458 mihi
2210 1385 2285 1457 in
2313 1384 2448 1457 hac

357 1525 552 1605 parte
585 1504 1204 1593 commorandum,
1249 1528 1402 1601 quae
1435 1522 1615 1574 certe
1646 1502 1805 1575 satis
1837 1521 2079 1602 potens
2114 1498 2304 1598 apud
2336 1500 2447 1572 di-

357 1620 572 1692 vitem
602 1621 845 1693 fuerat.
882 1619 1160 1692 Inimici
1192 1643 1455 1692 nomen
1487 1616 1813 1689 habuerit
1844 1615 2261 1714 aliquando:
2316 1640 2445 1686 nec

361 1760 635 1832 quaero,
679 1762 897 1835 quam
938 1734 1335 1824 immerito,
1382 1759 1510 1804 nec
1555 1759 1783 1831 quaero
1810 1791 1828 1822 ,
1885 1759 2100 1832 quam
2145 1731 2441 1832 injuste3

360 1849 576 1922 modo
606 1849 828 1923 redire
857 1850 934 1921 in
968 1849 1261 1948 gratiam
1288 1874 1452 1920 cum
1485 1876 1565 1921 eo
1594 1848 1962 1948 potuerim.
1992 1848 2129 1922 Sed
2160 1847 2291 1919 hoc
2327 1874 2442 1919 so·

359 1964 513 2036 lum
543 1963 1019 2063 reprehendit,
1052 1962 1239 2060 quod
1270 1990 1341 2035 se
1361 1963 1636 2036 absente
1663 1965 2018 2037 omiserim
2048 1991 2213 2037 cum
2235 1963 2445 2037 divite

356 2078 782 2152 inimicitias·
819 2081 919 2149 Ita
951 2079 1225 2178 opinor,
1259 2078 1394 2150 feci
1427 2079 1558 2152 hoc
1594 2100 1992 2181 contemptu
2032 2079 2278 2180 patriS,
2312 2077 2442 2150 feci

354 2194 658 2266 vilitate:
693 2192 947 2266 restitui
971 2220 1095 2265 nos
1123 2194 1196 2266 in
1213 2193 1566 2294 integrum
1583 2215 1851 2294 putate,
1863 2195 2155 2297 judices.
2182 2196 2445 2292 Captus

355 2327 463 2381 est
496 2329 693 2408 pater
725 2335 922 2382 meus
950 2338 992 2381 a
1022 2310 1286 2410 piratis,
1320 2310 1547 2383 vincla
1580 2331 1652 2383 et
1692 2311 1980 2384 ultimos
2009 2329 2232 2381 metus
2269 2308 2448 2406 pati·

357 2446 514 2516 tur,
550 2446 621 2498 et
644 2452 723 2497 ea
746 2483 765 2516 ,
809 2425 1066 2525 quibus
1100 2426 1369 2524 gravius
1405 2426 1476 2498 id
1506 2446 1788 2500 tantum
1819 2446 1953 2514 est,
1994 2422 2181 2523 quod
2212 2422 2450 2493 immi-

361 2560 517 2613 net:
564 2541 698 2613 hoc
720 2541 857 2614 scio
874 2600 894 2634 ,
918 2542 1049 2614 hoc
1068 2541 1286 2641 ipsius
1310 2541 1618 2641 epistolis
1642 2542 1935 2642 cognovi
1961 2569 1975 2610 ε
2010 2539 2176 2610 hinc
2200 2536 2450 2609 redimi

362 2681 502 2727 non
535 2676 806 2756 potest:
857 2655 1106 2727 duram
1149 2673 1380 2756 putate
1422 2657 1902 2729 conditionem
1947 2653 2158 2753 poni,
2213 2676 2452 2724 nonne

358 2770 725 2843 subeunda
759 2769 905 2843 est?
941 2770 1012 2841 Si
1044 2771 1276 2870 piratae
1310 2769 1444 2843 hoc
1477 2771 1654 2842 mihi
1686 2770 2217 2871 pollicerentur,
2250 2787 2327 2838 ut
2352 2765 2453 2837 vi-

361 2885 576 2957 carias
595 2912 724 2985 pro
738 2905 928 2986 patre
944 2911 1196 2956 manus
1223 2885 1605 2984 acciperem
1622 2899 1675 2977 ²,
1703 2912 1848 2957 non
1873 2909 2260 2957 recusarem
2281 2903 2450 2954 cate-

361 3027 522 3074 nas:
553 3004 611 3073 si
631 3002 978 3102 obligaret
999 3003 1287 3093 foenore,
1309 3028 1395 3074 aes
1413 3002 1725 3075 alienum
1749 3024 1984 3074 tamen
2010 3027 2156 3074 non
2181 3000 2454 3071 renuis-

363 3143 548 3208 sem,
579 3139 658 3189 ut
689 3118 1103 3191 redimerem
1146 3139 1437 3217 patrem.
1481 3118 1664 3189 Duxi
1706 3114 2450 3215 puellam-honestam,

370 3227 778 3329 locupletem
798 3260 813 3303 :
832 3260 961 3333 ego
978 3252 1212 3305 tamen
1229 3290 1248 3323 ,
1264 3233 1322 3305 si
1340 3232 1487 3303 ulla
1508 3232 1685 3303 mihi
1702 3231 1960 3303 dicenti
1978 3230 2150 3301 fides
2171 3248 2289 3320 est,
2307 3255 2447 3302 non

372 3342 507 3414 hoc
536 3345 606 3415 in
630 3346 757 3419 ista
778 3347 1173 3420 conditione
1197 3348 1515 3446 spectavi.
1539 3346 1664 3418 Ille
1688 3372 1803 3418 me
1825 3345 2072 3436 movit,
2093 3364 2169 3417 ut
2190 3344 2452 3418 benefi-

369 3459 496 3533 ciis
533 3461 991 3537 vinceremur:
1027 3465 1146 3538 sed
1184 3491 1414 3561 neque
1451 3465 1525 3536 in
1560 3490 1675 3536 me
1714 3462 1831 3535 ille
1871 3461 2182 3561 probavit
2215 3460 2449 3549 aliud,

366 3602 584 3676 quam
595 3575 944 3676 pietatem:
964 3578 1139 3652 vidit
1150 3578 1353 3652 fletus
1366 3605 1579 3668 meos,
1592 3576 1764 3650 vidit
1782 3576 1990 3651 totius
2005 3576 2223 3650 animi
2241 3598 2450 3675 atque

445 3741 490 3776 ι.
530 3724 696 3777 Petita·
729 3744 932 3792 stamus,
975 3729 1138 3798 empti
1175 3746 1370 3781 sumus.
1457 3749 1480 3773 ι
1498 3725 1598 3779 bus
1633 3726 1818 3779 undist
1841 3753 1863 3776 ιο
1900 3727 1995 3780 ubi
2024 3726 2092 3779 de
2123 3725 2321 3797 nuptiis
2356 3739 2453 3792 per

368 3806 522 3858 Potiti
543 3824 574 3859 a
597 3806 783 3873 divite,
805 3822 861 3860 et
882 3806 1005 3860 ideo
1029 3811 1221 3881 empti:
1245 3827 1371 3861 nam
1453 3809 1839 3879 coemptionem
1870 3811 1978 3878 agit
2006 3807 2243 3870 Servius,
2267 3817 2318 3855 et
2347 3801 2450 3855 alii.

370 3896 553 3953 petere
572 3885 654 3938 vel
677 3905 869 3958 rogare
884 3925 902 3954 ,
923 3888 1052 3941 satis
1076 3905 1250 3940 emere
1272 3898 1370 3940 est.
1525 3905 1572 3941 2.
1608 3890 1801 3948 Manus
1833 3887 2133 3959 acciperem.
2171 3886 2420 3938 Francius
2435 3922 2453 3951 ,

370 3963 551 4018 Genus
584 3968 707 4019 item
744 3983 859 4022 erat
891 3971 1193 4041 nuptiarum
1227 3967 1374 4040 quod
1452 3965 1866 4032 meorumve!
1876 3967 2189 4037 porrigerem
2207 3962 2451 4016 malebat.

372 4047 709 4116 coemptione
738 4045 917 4100 fieret:
953 4060 1007 4100 et
1038 4065 1103 4099 eo
1136 4047 1373 4100 fortassis
1452 4044 1905 4111 Forte‚marticas‚
1920 4040 1975 4094 id
1990 4042 2318 4109 est,vincula
2334 4045 2455 4095 scri-

372 4123 577 4179 alludit.
604 4127 867 4182 AEnooms.
900 4129 985 4182 Sic
1017 4127 1241 4180 adulans
1270 4131 1381 4181 Au·-
1459 4124 2441 4200 pserit.—Renuissem.Ed.Leid.Var.

370 4217 524 4274 gusto
539 4207 931 4280 Vir-gil.Georg.
949 4212 1004 4277 1,
1025 4209 1088 4261 31
1115 4231 1128 4261 ε
1157 4233 1180 4257 ιι
1197 4210 1379 4280 Teque
1460 4207 1731 4260 tenuissem
1745 4225 1764 4266 ‚-
1794 4201 1947 4257 male.
1979 4204 2282 4260 Timuissem
2297 4244 2317 4272 ,
2348 4207 2463 4257 Par.

369 4302 400 4329 τι
419 4283 518 4338 sibi
538 4303 797 4356 generum
820 4286 1015 4359 Tethys
1040 4301 1181 4340 emat
1205 4288 1378 4340 omni·
1460 4285 1639 4339 AErod.
1662 4287 1775 4358 Bip.
1796 4285 1890 4337 Eo.
